{"host":"hl3ams4am2ku5u4p","time":1611953589,"event":{"mods":["AchievementEnabler","Act Like it!","Aspiration","BaseMod","Beaked The Cultist","BetterRewards","CatGirl Mod","Colored Map","Colored Powertips","Conspire","Downfall","Energized Spire","Halation","Hallownest","HornydragonMod","Hubris","Infinite Spire","Mad Scientist","Magitek Elite","Minty Spire (QoL Compilation)","READ ME - Guardian Mod","Replay The Spire","Spikes Relics","StSLib","SuperFastMode","The Blackbeard","The Bug Knight","The Construct","The Disciple","The Jungle","The Mystic","The Necromancer","The Senshi"],"gold_per_floor":[115,133,133,147,2,2,30,49,49,49,59,72,72,87,87,185,185,196,196,214,228,327,357,376,376,422,434,106,124,139,139,139,236,236,250,250,270,118,118,146,146,172,196,196,40,40,58,77,77,77,77],"floor_reached":50,"language":"FRA","playtime":2392,"items_purged":["Strike_P","Strike_P"],"score":519,"play_id":"2614c475-dcea-4b30-a7a9-7a43401cba39","local_time":"20210129215309","is_ascension_mode":false,"campfire_choices":[{"data":"Eruption","floor":6,"key":"SMITH"},{"floor":10,"key":"REST"},{"floor":13,"key":"REST"},{"data":"WaveOfTheHand","floor":15,"key":"SMITH"},{"floor":25,"key":"REST"},{"data":"Omniscience","floor":27,"key":"SMITH"},{"floor":32,"key":"REST"},{"floor":46,"key":"REST"},{"floor":49,"key":"REST"}],"circlet_count":0,"master_deck":["Strike_P","Strike_P","Defend_P","Defend_P","Defend_P","Defend_P","Eruption+1","Vigilance","Omniscience+1","Prostrate","Weave","ClearTheMind","SandsOfTime","Study","EmptyFist+1","ThirdEye","WaveOfTheHand+1","Ragnarok+1","Prostrate+1","Conclude","CrushJoints+1","Halt+1","Bandage Up","Replay:LoomingThreat","beaked:WalkersFury+1","Indignation+1"],"relics":["PureWater","hubris:Towel","halation:LettersToHer","Damaru","construct:ClawGrip","Enchiridion","RollingBoulder","Tiny Chest","MawBank","Whetstone","aspiration:RitualStick","beaked:SacredDeck","halation:EternalFortune","Oddly Smooth Stone","Juzu Bracelet","Nunchaku","Strawberry","Happy Flower"],"acts_visited":["Exordium","TheCity","TheBeyond"],"potions_floor_usage":[7,12,16,24,33,33,37,50],"damage_taken":[{"damage":2,"enemies":"Jaw Worm","floor":1,"turns":5},{"damage":1,"enemies":"2 Louse","floor":2,"turns":2},{"damage":7,"enemies":"Small Slimes","floor":4,"turns":3},{"damage":12,"enemies":"Gremlin Nob","floor":7,"turns":4},{"damage":5,"enemies":"Looter","floor":8,"turns":3},{"damage":11,"enemies":"Exordium Wildlife","floor":11,"turns":4},{"damage":10,"enemies":"3 Louse","floor":12,"turns":3},{"damage":0,"enemies":"Large Slime","floor":14,"turns":3},{"damage":31,"enemies":"The Guardian","floor":16,"turns":8},{"damage":5,"enemies":"Spheric Guardian","floor":18,"turns":4},{"damage":0,"enemies":"Centurion and Healer","floor":20,"turns":4},{"damage":1,"enemies":"Cultist and Chosen","floor":21,"turns":3},{"damage":12,"enemies":"conspire:SneckoGhost","floor":23,"turns":5},{"damage":10,"enemies":"Sentry and Sphere","floor":24,"turns":4},{"damage":0,"enemies":"Snecko","floor":29,"turns":3},{"damage":10,"enemies":"3 Cultists","floor":30,"turns":5},{"damage":9,"enemies":"Collector","floor":33,"turns":5},{"damage":9,"enemies":"3 Shapes","floor":35,"turns":3},{"damage":18,"enemies":"3 Darklings","floor":37,"turns":5},{"damage":25,"enemies":"Giant Head","floor":40,"turns":7},{"damage":13,"enemies":"Spire Growth","floor":47,"turns":4},{"damage":49,"enemies":"Sphere and 2 Shapes","floor":48,"turns":5},{"damage":36,"enemies":"Awakened One","floor":50,"turns":3}],"seed_played":"-4935932993007406222","potions_obtained":[{"floor":2,"key":"construct:ShiftPotion"},{"floor":4,"key":"AttackPotion"},{"floor":7,"key":"Strength Potion"},{"floor":11,"key":"SkillPotion"},{"floor":16,"key":"Fire Potion"},{"floor":18,"key":"Strength Potion"},{"floor":23,"key":"Doom Potion"},{"floor":24,"key":"Energy Potion"},{"floor":47,"key":"construct:ShiftPotion"},{"floor":48,"key":"Block Potion"}],"is_trial":false,"path_per_floor":["M","M","?","M","$","R","E","M","T","R","M","M","R","M","R","B",null,"M","?","M","M","?","E","M","R","T","R","$","M","M","?","R","B",null,"M","?","M","$","?","E","AVR","T","T","?","$","R","M","M","R","B"],"character_chosen":"WATCHER","items_purchased":["SandsOfTime","Whetstone","Bandage Up","Oddly Smooth Stone","Happy Flower"],"campfire_rested":6,"item_purchase_floors":[5,28,28,38,45],"current_hp_per_floor":[70,69,69,62,62,62,50,45,45,66,55,45,66,66,66,35,72,67,51,51,50,50,38,28,49,49,49,49,49,43,29,50,45,72,63,66,52,52,52,31,31,31,38,38,38,62,53,8,32,0,0],"gold":77,"neow_bonus":"ONE_RANDOM_RARE_CARD","is_daily":false,"chose_seed":false,"campfire_upgraded":3,"win_rate":0.0,"timestamp":1611953589,"path_taken":["M","M","?","M","$","R","E","M","T","R","M","M","R","M","R","BOSS","M","?","M","M","?","E","M","R","T","R","$","M","M","?","R","BOSS","M","?","M","$","?","E","AVR","?","T","?","$","R","M","M","R","BOSS"],"items_purchased_type":["Card","Relic","Card","Relic","Relic"],"build_version":"2020-12-22","purchased_purges":2,"victory":false,"max_hp_per_floor":[72,72,72,72,72,72,72,72,72,72,72,72,72,72,72,72,72,72,72,72,72,72,72,72,72,72,72,72,72,72,72,72,72,72,72,75,75,75,75,75,75,75,82,82,82,82,82,82,82,82,82],"card_choices":[{"not_picked":["EmptyBody","Replay:Cycle"],"picked":"Prostrate","floor":1},{"not_picked":["PathToVictory","Replay:BluntJabs"],"picked":"Weave","floor":2},{"not_picked":["PathToVictory","Protect"],"picked":"ClearTheMind","floor":4},{"not_picked":["ClearTheMind","PathToVictory"],"picked":"Study","floor":7},{"not_picked":["Swivel","FlurryOfBlows","Replay:Vibes"],"picked":"SKIP","floor":8},{"not_picked":["SandsOfTime","Replay:BluntJabs"],"picked":"EmptyFist","floor":11},{"not_picked":["Halt","Crescendo"],"picked":"ThirdEye","floor":12},{"not_picked":["CutThroughFate","ClearTheMind"],"picked":"WaveOfTheHand","floor":14},{"not_picked":["Scrawl","Omniscience"],"picked":"Ragnarok","floor":16},{"not_picked":["Replay:Cycle","Consecrate+1"],"picked":"Prostrate+1","floor":18},{"not_picked":["EmptyMind","Sanctity"],"picked":"Conclude","floor":20},{"not_picked":["ThirdEye","PathToVictory+1"],"picked":"CrushJoints+1","floor":21},{"not_picked":["LikeWater","SandsOfTime+1"],"picked":"Halt+1","floor":23},{"not_picked":["Replay:Cycle","PathToVictory","FlyingSleeves"],"picked":"SKIP","floor":24},{"not_picked":["LessonLearned","Replay:BluntJabs","Halt"],"picked":"SKIP","floor":29},{"not_picked":["ThirdEye","Perseverance","PathToVictory+1"],"picked":"SKIP","floor":30},{"not_picked":["Scrawl","Omniscience"],"picked":"Replay:LoomingThreat","floor":33},{"not_picked":["Vengeance","FlyingSleeves","WreathOfFlame"],"picked":"SKIP","floor":35},{"not_picked":["SashWhip","ConjureBlade","Replay:Vibes+1"],"picked":"SKIP","floor":37},{"not_picked":["Protect","Replay:ManipulateFuture+1","FlyingSleeves+1"],"picked":"SKIP","floor":40},{"not_picked":["CrushJoints","Halt+1"],"picked":"Indignation+1","floor":47},{"not_picked":["Judgement","FlurryOfBlows","Vengeance"],"picked":"SKIP","floor":48}],"player_experience":46957,"relics_obtained":[{"floor":7,"key":"halation:LettersToHer"},{"floor":9,"key":"halation:LettersToHer"},{"floor":9,"key":"Damaru"},{"floor":19,"key":"Enchiridion"},{"floor":23,"key":"RollingBoulder"},{"floor":26,"key":"Tiny Chest"},{"floor":26,"key":"MawBank"},{"floor":40,"key":"Juzu Bracelet"},{"floor":42,"key":"halation:LettersToHer"},{"floor":42,"key":"Nunchaku"},{"floor":43,"key":"halation:LettersToHer"},{"floor":43,"key":"Strawberry"}],"event_choices":[{"damage_healed":0,"gold_gain":0,"player_choice":"Obtained Book","damage_taken":16,"max_hp_gain":0,"max_hp_loss":0,"event_name":"Cursed Tome","floor":19,"gold_loss":0},{"damage_healed":0,"gold_gain":99,"player_choice":"Stole From Cult","damage_taken":0,"max_hp_gain":0,"max_hp_loss":0,"event_name":"Nest","floor":22,"gold_loss":0}],"is_beta":false,"boss_relics":[{"not_picked":["energizedSpire:CursedPentagram","Replay:Drink Me"],"picked":"construct:ClawGrip"},{"not_picked":["CosmicIsotope","aspiration:RunicSpoon"],"picked":"beaked:SacredDeck"}],"items_purged_floors":[5,28],"is_endless":false,"potions_floor_spawned":[2,4,7,11,16,18,23,24,47,48],"killed_by":"Awakened One","ascension_level":0}}