{"host":"2i1rjl87isetstuj","time":1611937508,"event":{"mods":["BaseMod","Better Vampires","Challenge The Spire","Luminous","Marked Mod","Minty Spire (QoL Compilation)","Quick Restart","Shop Mod","StSLib","Waifu the Spire","óô»ðÖ¸ÄÏ"],"gold_per_floor":[114,128,128,146,146,146,172,187,187,199,199,257,257,276,276,371,371,381,381,392,408,136,167,167,167],"floor_reached":24,"language":"ZHS","playtime":1382,"items_purged":["Luminous:Dark_Abyssal_Drop"],"score":218,"play_id":"fdecc007-b293-4d3e-a24e-3984fd58fa27","local_time":"20210130002508","is_ascension_mode":false,"campfire_choices":[{"data":"Luminous:Balance_Ender","floor":6.0,"key":"SMITH"},{"floor":11.0,"key":"RECALL"},{"data":"Luminous:Erosion_Luminous","floor":15.0,"key":"SMITH"}],"circlet_count":0,"master_deck":["Luminous:Light_Flash_Shower","Luminous:Light_Flash_Shower","Luminous:Dark_Abyssal_Drop","Luminous:Defend_Luminous","Luminous:Defend_Luminous","Luminous:Defend_Luminous","Luminous:Switch_Luminous","Luminous:Balance_Ender+1","Luminous:Flash_Blink_Luminous","Luminous:Sympathy_Luminous","Luminous:Light_Ray_of_Redemption","Luminous:Concentrate_Luminous","Luminous:Magic_Boost_Luminous","Luminous:Lunar_Tide_Luminous","Luminous:Erosion_Luminous+1","Luminous:Photic_Meditation_Luminous","Luminous:Erosion_Luminous","Luminous:Balance_Ender","Luminous:Balance_Death_Scythe","Luminous:Light_Sylvan_Lance","Luminous:Light_Glare","Luminous:Lights_Protection_Luminous"],"relics":["Luminous:MirrorRelic","NeowsBlessing","Sundial","Mercury Hourglass","Blue Candle","Sozu","Anchor","Bird Faced Urn"],"acts_visited":["Exordium","TheCity"],"potions_floor_usage":[24,24],"damage_taken":[{"damage":0.0,"enemies":"Small Slimes","floor":1.0,"turns":1.0},{"damage":0.0,"enemies":"2 Louse","floor":2.0,"turns":1.0},{"damage":0.0,"enemies":"Cultist","floor":4.0,"turns":1.0},{"damage":26.0,"enemies":"Gremlin Nob","floor":7.0,"turns":5.0},{"damage":6.0,"enemies":"Looter","floor":8.0,"turns":4.0},{"damage":0.0,"enemies":"Large Slime","floor":10.0,"turns":4.0},{"damage":14.0,"enemies":"Gremlin Nob","floor":12.0,"turns":4.0},{"damage":13.0,"enemies":"Lots of Slimes","floor":14.0,"turns":3.0},{"damage":25.0,"enemies":"Hexaghost","floor":16.0,"turns":7.0},{"damage":49.0,"enemies":"3 Byrds","floor":18.0,"turns":6.0},{"damage":31.0,"enemies":"Chosen","floor":20.0,"turns":5.0},{"damage":23.0,"enemies":"Snecko","floor":21.0,"turns":6.0},{"damage":2.0,"enemies":"Gremlin Leader","floor":23.0,"turns":4.0},{"damage":25,"enemies":"Snake Plant","floor":24,"turns":4}],"seed_played":"-5878192099274546525","potions_obtained":[{"floor":2.0,"key":"Energy Potion"},{"floor":8.0,"key":"LiquidBronze"},{"floor":10.0,"key":"SpeedPotion"},{"floor":12.0,"key":"Fruit Juice"},{"floor":14.0,"key":"EssenceOfSteel"}],"is_trial":false,"path_per_floor":["M","M","?","M","?","R","E","M","T","M","R","?","?","M","R","B",null,"M","?","M","M","$","E","M"],"character_chosen":"LuminousClass","items_purchased":["Luminous:Light_Glare","Anchor"],"campfire_rested":0,"item_purchase_floors":[22,22],"current_hp_per_floor":[75,75,75,75,75,75,49,46,46,49,49,41,41,36,36,23,80,40,40,18,7,7,15,0,0],"gold":167,"neow_bonus":"THREE_ENEMY_KILL","is_daily":false,"chose_seed":false,"campfire_upgraded":2,"win_rate":0.0,"timestamp":1611937508,"path_taken":["M","M","?","M","?","R","E","?","T","M","R","?","?","?","R","BOSS","M","?","?","M","?","E","M"],"items_purchased_type":["Card","Relic"],"build_version":"2020-12-22","purchased_purges":1,"victory":false,"max_hp_per_floor":[75,75,75,75,75,75,75,75,75,75,75,75,75,80,80,80,80,80,80,80,80,80,80,80,80],"card_choices":[{"not_picked":["Luminous:Dark_Pressure_Void","Luminous:Light_Glare"],"picked":"Luminous:Balance_Ender","floor":1.0},{"not_picked":["Luminous:Light_Gather","Luminous:Light_Reflection"],"picked":"Luminous:Flash_Blink_Luminous","floor":2.0},{"not_picked":["Luminous:Light_Wash_Luminous","Luminous:Blinding_Pillar_Luminous"],"picked":"Luminous:Sympathy_Luminous","floor":4.0},{"not_picked":["Luminous:Light_Wash_Luminous","Luminous:Flash_Blink_Luminous"],"picked":"Luminous:Concentrate_Luminous","floor":7.0},{"not_picked":["Luminous:Dark_Arcane_Pitch","Luminous:Dark_Pressure_Void"],"picked":"Luminous:Magic_Boost_Luminous","floor":8.0},{"not_picked":["Luminous:Lights_Protection_Luminous","Luminous:Darks_Surge_Luminous"],"picked":"Luminous:Lunar_Tide_Luminous","floor":10.0},{"not_picked":["Luminous:Flash_Blink_Luminous","Luminous:Light_Sylvan_Lance"],"picked":"Luminous:Erosion_Luminous","floor":12.0},{"not_picked":["Luminous:Light_Track","Luminous:Dark_Moonlight_Spear"],"picked":"Luminous:Photic_Meditation_Luminous","floor":14.0},{"not_picked":["Luminous:Armageddon_Luminous","Luminous:Arcane_Rage_Luminous"],"picked":"Luminous:Erosion_Luminous","floor":16.0},{"not_picked":["Luminous:Blinding_Pillar_Luminous","Luminous:Dark_Dim_Erosion","Luminous:Dark_Pressure_Void"],"picked":"SKIP","floor":18.0},{"not_picked":["Luminous:Reverse_Spell_Luminous","Luminous:Mana_Well_Luminous"],"picked":"Luminous:Balance_Death_Scythe","floor":20.0},{"not_picked":["Luminous:Light_Reflection","Luminous:Phantom_Treasure_Luminous+1"],"picked":"Luminous:Light_Sylvan_Lance","floor":21.0},{"not_picked":["Luminous:Light_Glare","Luminous:Concentrate_Luminous"],"picked":"Luminous:Lights_Protection_Luminous","floor":23.0}],"player_experience":104445,"relics_obtained":[{"floor":7.0,"key":"Sundial"},{"floor":9.0,"key":"Mercury Hourglass"},{"floor":12.0,"key":"Blue Candle"},{"floor":23.0,"key":"Bird Faced Urn"}],"event_choices":[{"cards_removed":["Luminous:Light_Flash_Shower"],"damage_healed":0.0,"max_hp_gain":0.0,"max_hp_loss":0.0,"gold_gain":0.0,"event_name":"Living Wall","player_choice":"Forget","floor":3.0,"gold_loss":0.0,"damage_taken":0.0},{"damage_healed":0.0,"max_hp_gain":0.0,"max_hp_loss":0.0,"gold_gain":0.0,"cards_transformed":["Luminous:Dark_Abyssal_Drop"],"event_name":"Transmorgrifier","player_choice":"Transformed","floor":5.0,"gold_loss":0.0,"damage_taken":0.0,"cards_obtained":["Luminous:Light_Ray_of_Redemption"]},{"damage_healed":0.0,"max_hp_gain":0.0,"max_hp_loss":0.0,"gold_gain":30.0,"event_name":"Dead Adventurer","player_choice":"Searched \u00273\u0027 times","floor":12.0,"gold_loss":0.0,"damage_taken":0.0},{"cards_removed":["Luminous:Defend_Luminous"],"damage_healed":0.0,"max_hp_gain":0.0,"max_hp_loss":0.0,"gold_gain":0.0,"event_name":"Purifier","player_choice":"Purged","floor":13.0,"gold_loss":0.0,"damage_taken":0.0},{"damage_healed":0.0,"max_hp_gain":0.0,"max_hp_loss":0.0,"gold_gain":0.0,"event_name":"Match and Keep!","player_choice":"1 cards matched","floor":19.0,"gold_loss":0.0,"damage_taken":0.0,"cards_obtained":["Luminous:Balance_Ender"]}],"is_beta":false,"boss_relics":[{"not_picked":["Empty Cage","Velvet Choker"],"picked":"Sozu"}],"items_purged_floors":[22],"is_endless":false,"potions_floor_spawned":[2,8,10,12,14,18,23],"killed_by":"Snake Plant","ascension_level":0}}