{"host":"65a95dzim48ko8ke","time":1611900591,"event":{"mods":["Act Like it!","BaseMod","Block Reminder","Colored Powertips","Curses Come First","Gensokyo","Minty Spire (QoL Compilation)","Permanent Neow","Quick Restart","Rare Cards Sparkle","Replay The Spire","Spicy Shops","StSLib","Synergy Search"],"gold_per_floor":[110,130,12,31,31,31,57,57],"floor_reached":7,"language":"ENG","playtime":1134,"items_purged":[],"score":63,"play_id":"2de2ebf8-194f-4e0f-bff5-c12e17011c3e","local_time":"20210129150951","is_ascension_mode":true,"campfire_choices":[{"data":"Undo","floor":6.0,"key":"SMITH"}],"circlet_count":0,"master_deck":["Strike_B","Strike_B","Strike_B","Strike_B","Defend_B","Defend_B","Defend_B","Defend_B","Zap","Dualcast","Beam Cell","Stack","Gensokyo:TarnishedGold","Undo+1","Seek","Leap"],"relics":["ReplayTheSpireMod:DimensionalGlitch","Geode","Bag of Marbles"],"acts_visited":["Exordium"],"potions_floor_usage":[],"damage_taken":[{"damage":0.0,"enemies":"Gensokyo:3_Fairies","floor":1.0,"turns":5.0},{"damage":3.0,"enemies":"Gensokyo:Gryphon","floor":2.0,"turns":3.0},{"damage":13.0,"enemies":"Gensokyo:2_Kodama","floor":4.0,"turns":5.0},{"damage":45.0,"enemies":"Gensokyo:Cirno","floor":7.0,"turns":10.0}],"seed_played":"6912823716990241222","potions_obtained":[{"floor":2.0,"key":"Fruit Juice"},{"floor":7,"key":"Milkshake"}],"is_trial":false,"path_per_floor":["M","M","COS","M","?","R","E"],"character_chosen":"DEFECT","items_purchased":[],"campfire_rested":0,"item_purchase_floors":[],"current_hp_per_floor":[68,70,70,57,57,57,12,12],"gold":57,"neow_bonus":"BOSS_RELIC","is_daily":false,"chose_seed":false,"campfire_upgraded":1,"win_rate":0.0,"timestamp":1611900591,"path_taken":["M","M","COS","?","?","R","E"],"items_purchased_type":[],"build_version":"2020-12-22","purchased_purges":0,"victory":false,"max_hp_per_floor":[75,80,80,80,80,80,80,80],"card_choices":[{"not_picked":["Turbo","Panic Button"],"picked":"Beam Cell","floor":1.0},{"not_picked":["ReplayTheSpireMod:GoodbyeWorld","Streamline"],"picked":"Stack","floor":2.0},{"not_picked":["Panic Button","Beam Cell"],"picked":"Undo","floor":4.0},{"not_picked":["Steam","Redo"],"picked":"Seek","floor":5.0},{"not_picked":["Stack","Reinforced Body"],"picked":"Leap","floor":5.0}],"player_experience":326822,"relics_obtained":[{"floor":7,"key":"Bag of Marbles"}],"event_choices":[],"is_beta":false,"boss_relics":[],"items_purged_floors":[],"is_endless":false,"potions_floor_spawned":[2,7],"killed_by":"Gensokyo:Cirno","ascension_level":6}}