{"host":"kk2i87xhq8q4h0un","time":1611953896,"event":{"mods":["BaseMod","Evolution","Minty Spire (QoL Compilation)","Shop Mod","StSLib"],"gold_per_floor":[113,125,143,143,143,175,175,195,195,86,113,124,20,40,40,116,116,127,127,127,144,27,27,27],"floor_reached":23,"language":"ENG","playtime":983,"items_purged":["Regret"],"score":342,"play_id":"f39e0eca-56ce-4b93-86e0-1a13a8297066","local_time":"20210129125816","is_ascension_mode":true,"campfire_choices":[{"floor":15.0,"key":"REST"}],"circlet_count":0,"master_deck":["AscendersBane","Dagger Throw","Strike_G","Strike_G+1","Strike_G+1","Strike_G","Defend_G","Defend_G","Defend_G","Defend_G","Defend_G","Survivor","Neutralize","Catalyst+1","Prepared","Escape Plan","Noxious Fumes","Noxious Fumes","Deadly Poison","Footwork","Dodge and Roll","Adrenaline","PiercingWail","Catalyst","Footwork","Backflip"],"relics":["Ring of the Snake","EVO:Axolotl","NeowsBlessing","Orichalcum","Letter Opener","Art of War","Whetstone","HoveringKite"],"acts_visited":["Exordium","TheCity"],"potions_floor_usage":[21,23],"damage_taken":[{"damage":0.0,"enemies":"Cultist","floor":1.0,"turns":1.0},{"damage":0.0,"enemies":"Small Slimes","floor":2.0,"turns":1.0},{"damage":0.0,"enemies":"2 Louse","floor":3.0,"turns":1.0},{"damage":22.0,"enemies":"Gremlin Nob","floor":6.0,"turns":5.0},{"damage":1.0,"enemies":"Looter","floor":8.0,"turns":3.0},{"damage":17.0,"enemies":"3 Sentries","floor":11.0,"turns":6.0},{"damage":6.0,"enemies":"Lots of Slimes","floor":12.0,"turns":3.0},{"damage":0.0,"enemies":"Large Slime","floor":14.0,"turns":5.0},{"damage":24.0,"enemies":"Slime Boss","floor":16.0,"turns":8.0},{"damage":5.0,"enemies":"Chosen","floor":18.0,"turns":5.0},{"damage":12,"enemies":"2 Thieves","floor":21,"turns":5},{"damage":34,"enemies":"Book of Stabbing","floor":23,"turns":5}],"seed_played":"2943087060177608672","potions_obtained":[{"floor":1.0,"key":"Strength Potion"},{"floor":2.0,"key":"CunningPotion"},{"floor":6.0,"key":"AttackPotion"},{"floor":12.0,"key":"LiquidBronze"},{"floor":18.0,"key":"SpeedPotion"}],"is_trial":false,"path_per_floor":["M","M","M","?","?","E","?","M","T","$","E","M","$","M","R","B",null,"M","?","?","M","$","E"],"character_chosen":"THE_SILENT","items_purchased":["Noxious Fumes","Footwork","Dodge and Roll","Footwork","Backflip"],"campfire_rested":1,"item_purchase_floors":[10,13,13,22,22],"current_hp_per_floor":[59,59,59,56,56,34,34,33,33,33,16,10,10,10,29,5,51,46,46,46,34,34,0,0],"gold":27,"neow_bonus":"THREE_ENEMY_KILL","is_daily":false,"chose_seed":false,"campfire_upgraded":0,"win_rate":0.0,"timestamp":1611953896,"path_taken":["M","?","M","?","?","E","?","M","T","$","E","M","$","?","R","BOSS","M","?","?","?","$","E"],"items_purchased_type":["Card","Card","Card","Card","Card"],"build_version":"2020-12-22","purchased_purges":1,"victory":false,"max_hp_per_floor":[66,66,66,66,66,66,66,66,66,66,66,66,66,66,66,66,66,66,66,66,66,66,66,66],"card_choices":[{"not_picked":["Cloak And Dagger","Dagger Spray"],"picked":"Catalyst","floor":1.0},{"not_picked":["Predator","All Out Attack"],"picked":"Prepared","floor":2.0},{"not_picked":["Prepared","Terror"],"picked":"Escape Plan","floor":3.0},{"not_picked":["Reflex","Concentrate"],"picked":"Noxious Fumes","floor":6.0},{"not_picked":["Prepared","Finisher","Slice"],"picked":"SKIP","floor":8.0},{"not_picked":["Unload","Storm of Steel","Blade Dance"],"picked":"SKIP","floor":11.0},{"not_picked":["Dash","Bouncing Flask"],"picked":"Deadly Poison","floor":12.0},{"not_picked":["Flying Knee","Blade Dance","Acrobatics"],"picked":"SKIP","floor":14.0},{"not_picked":["Grand Finale","Burst"],"picked":"Adrenaline","floor":16.0},{"not_picked":["Outmaneuver","Flying Knee"],"picked":"PiercingWail","floor":18.0},{"not_picked":["Blade Dance+1","Poisoned Stab","Dagger Spray"],"picked":"SKIP","floor":21}],"player_experience":1016449,"relics_obtained":[{"floor":6.0,"key":"Art of War"},{"floor":11.0,"key":"Whetstone"}],"event_choices":[{"damage_healed":0.0,"max_hp_gain":0.0,"max_hp_loss":0.0,"gold_gain":0.0,"event_name":"Scrap Ooze","player_choice":"Success","floor":4.0,"gold_loss":0.0,"damage_taken":3.0,"relics_obtained":["Orichalcum"]},{"damage_healed":0.0,"max_hp_gain":0.0,"max_hp_loss":0.0,"gold_gain":0.0,"event_name":"Big Fish","player_choice":"Box","floor":5.0,"gold_loss":0.0,"damage_taken":0.0,"relics_obtained":["Letter Opener"],"cards_obtained":["Regret"]},{"damage_healed":0.0,"max_hp_gain":0.0,"max_hp_loss":0.0,"gold_gain":0.0,"event_name":"Upgrade Shrine","player_choice":"Upgraded","floor":7.0,"gold_loss":0.0,"damage_taken":0.0,"cards_upgraded":["Catalyst"]},{"damage_healed":0.0,"max_hp_gain":0.0,"max_hp_loss":0.0,"gold_gain":0.0,"event_name":"Match and Keep!","player_choice":"1 cards matched","floor":20.0,"gold_loss":0.0,"damage_taken":0.0,"cards_obtained":["Catalyst"]}],"is_beta":false,"boss_relics":[{"not_picked":["Ectoplasm","SacredBark"],"picked":"HoveringKite"}],"items_purged_floors":[10],"is_endless":false,"potions_floor_spawned":[1,2,6,12,18],"killed_by":"Book of Stabbing","ascension_level":14}}