{"host":"8anmd7ibyxevnonj","time":1611937613,"event":{"mods":["BaseMod","Curses Come First","Downfall","Minty Spire (QoL Compilation)","StSLib"],"gold_per_floor":[99,109,24,24,124,136,188,188,199,212,230,255,255,270,287,383,383,383,398,415,63,63,63,63],"floor_reached":22,"language":"ENG","playtime":1696,"items_purged":[],"score":263,"play_id":"542a1e7a-5003-444f-85cf-2bfef7ce7d6d","local_time":"20210129172653","is_ascension_mode":false,"campfire_choices":[{"data":"sneckomod:Unknown","floor":1,"key":"SMITH"},{"data":"sneckomod:CheapStock","floor":8,"key":"SMITH"},{"data":"sneckomod:UnknownRarePower","floor":13,"key":"SMITH"},{"data":"sneckomod:UnknownRareAttack","floor":18,"key":"SMITH"}],"circlet_count":0,"master_deck":["sneckomod:Strike","sneckomod:Strike","sneckomod:Strike","sneckomod:Defend","sneckomod:Defend","sneckomod:Defend","sneckomod:TailWhip","sneckomod:SnekBite","sneckomod:Unknown+1","sneckomod:Unknown","sneckomod:UnknownUncommonAttack","sneckomod:QuickMove","sneckomod:CheapStock+1","sneckomod:DiceBlock","sneckomod:QuickMove","sneckomod:UnknownRarePower+1","sneckomod:RainOfDice","sneckomod:SerpentMind","sneckomod:IronFang","sneckomod:UnendingSupply","sneckomod:UnknownRareAttack+1","sneckomod:UnknownClassSLIMEBOUND","sneckomod:UnknownClassSLIMEBOUND","sneckomod:UnknownClassSLIMEBOUND","sneckomod:UnknownClassSLIMEBOUND","sneckomod:UnknownClassSLIMEBOUND","Slimebound:SlimeSpikes","sneckomod:SerpentIdol+1","Slimebound:Gluttony","sneckomod:Unknown1Cost+1","Slimebound:GoopSpray","sneckomod:WideSting","Apotheosis"],"relics":["Runic Pyramid","downfall:ShatteredFragment","Potion Belt","Eternal Feather","sneckomod:SneckoBoss","MealTicket"],"acts_visited":["Exordium","TheCity"],"potions_floor_usage":[16,16,16,16,21,21,22],"damage_taken":[{"damage":0,"enemies":"Small Slimes","floor":2,"turns":2},{"damage":5,"enemies":"downfall:FleeingMerchant","floor":3,"turns":4},{"damage":3,"enemies":"Jaw Worm","floor":6,"turns":3},{"damage":0,"enemies":"Cultist","floor":9,"turns":3},{"damage":8,"enemies":"Lots of Slimes","floor":10,"turns":5},{"damage":0,"enemies":"Large Slime","floor":11,"turns":4},{"damage":13,"enemies":"3 Sentries","floor":12,"turns":6},{"damage":2,"enemies":"2 Fungi Beasts","floor":14,"turns":3},{"damage":3,"enemies":"Blue Slaver","floor":15,"turns":4},{"damage":0,"enemies":"DF_ARCHETYPE_STREAMLINE","floor":16,"turns":9},{"damage":45,"enemies":"Spheric Guardian","floor":19,"turns":6},{"damage":37,"enemies":"Snake Plant","floor":20,"turns":5},{"damage":0,"enemies":"downfall:FleeingMerchant","floor":21,"turns":4},{"damage":21,"enemies":"Centurion and Healer","floor":22,"turns":5}],"seed_played":"-8165668763676803984","potions_obtained":[{"floor":9,"key":"sneckomod:MuddlingPotion"},{"floor":10,"key":"EntropicBrew"},{"floor":14,"key":"Block Potion"},{"floor":16,"key":"SpeedPotion"}],"is_trial":false,"path_per_floor":["R","M","$","?","?","M","T","R","M","M","M","E","R","M","M","B",null,"R","M","M","$","M"],"character_chosen":"THE_SNECKO","items_purchased":["sneckomod:CheapStock","MealTicket","Apotheosis"],"campfire_rested":0,"item_purchase_floors":[3,21,21],"current_hp_per_floor":[90,90,85,64,64,61,61,61,61,53,53,40,49,55,52,52,98,98,53,16,20,0,0,0],"gold":63,"neow_bonus":"BOSS_RELIC","is_daily":false,"chose_seed":false,"campfire_upgraded":4,"win_rate":0.0,"timestamp":1611937613,"path_taken":["R","M","$","?","?","M","T","R","M","M","?","E","R","M","M","BOSS","R","M","M","$","M"],"items_purchased_type":["Card","Relic","Card"],"build_version":"2020-12-13","purchased_purges":0,"victory":false,"max_hp_per_floor":[90,90,90,90,90,90,90,90,90,90,90,90,90,98,98,98,98,98,98,98,98,98,98,98],"card_choices":[{"not_picked":["sneckomod:DiceBlock","sneckomod:MasterEye"],"picked":"sneckomod:UnknownUncommonAttack","floor":2},{"not_picked":["sneckomod:Unknown1Cost","sneckomod:UnknownCommonSkill"],"picked":"sneckomod:QuickMove","floor":3},{"not_picked":["sneckomod:MasterEye","sneckomod:Unknown1Cost"],"picked":"sneckomod:DiceBlock","floor":6},{"not_picked":["sneckomod:UnknownWeak","sneckomod:RainOfDice"],"picked":"sneckomod:QuickMove","floor":9},{"not_picked":["sneckomod:UnknownVulnerable","sneckomod:Nope"],"picked":"sneckomod:UnknownRarePower","floor":10},{"not_picked":["sneckomod:UnknownVulnerable","sneckomod:DiceCrush"],"picked":"sneckomod:RainOfDice","floor":11},{"not_picked":["sneckomod:UnknownCommonSkill","sneckomod:RainOfDice"],"picked":"sneckomod:SerpentMind","floor":12},{"not_picked":["sneckomod:DiceCrush","sneckomod:UnknownVulnerable"],"picked":"sneckomod:IronFang","floor":14},{"not_picked":["sneckomod:IronFang","sneckomod:UnknownBlock"],"picked":"sneckomod:UnendingSupply","floor":15},{"not_picked":["sneckomod:SoulExchange","sneckomod:UnknownBoss"],"picked":"sneckomod:UnknownRareAttack","floor":16},{"not_picked":["Slimebound:SlimeBarrage","Slimebound:Nibble"],"picked":"Slimebound:SlimeSpikes","floor":19},{"not_picked":["sneckomod:UnknownCommonAttack+1","sneckomod:UnknownUncommonAttack"],"picked":"sneckomod:SerpentIdol+1","floor":19},{"not_picked":["Slimebound:PrepareCrush","Slimebound:MassRepurpose"],"picked":"Slimebound:Gluttony","floor":20},{"not_picked":["sneckomod:UnknownDraw+1","sneckomod:UnknownCommonAttack+1"],"picked":"sneckomod:Unknown1Cost+1","floor":20},{"not_picked":["Slimebound:GrowthPunch","Slimebound:TongueLash"],"picked":"Slimebound:GoopSpray","floor":21},{"not_picked":["sneckomod:IronFang","sneckomod:DiceBlock"],"picked":"sneckomod:WideSting","floor":21}],"player_experience":69830,"relics_obtained":[{"floor":7,"key":"Potion Belt"},{"floor":12,"key":"Eternal Feather"}],"event_choices":[{"damage_healed":0,"gold_gain":100,"player_choice":"Gold","damage_taken":0,"max_hp_gain":0,"max_hp_loss":0,"event_name":"Wheel of Change","floor":5,"gold_loss":0}],"is_beta":false,"boss_relics":[{"not_picked":["Fusion Hammer","Busted Crown"],"picked":"sneckomod:SneckoBoss"}],"items_purged_floors":[],"is_endless":false,"potions_floor_spawned":[9,10,14,16],"killed_by":"Centurion and Healer","ascension_level":0}}