{"host":"fuszjwm6fqgjjp4d","time":1611903905,"event":{"mods":["BaseMod","Bestiary","Colored Map","DeckTracker","Minty Spire (QoL Compilation)","Permanent Neow","Relic Sorter","Relic Stats","StSLib"],"gold_per_floor":[14,14,33,52,64,64,97,97,97,97,97,122,166,186,186,186,186],"floor_reached":16,"language":"ENG","playtime":390,"items_purged":[],"score":224,"play_id":"1eab3465-e394-4efb-86fd-3cdb7ca1525c","local_time":"20210129010505","is_ascension_mode":true,"campfire_choices":[{"data":"Hologram","floor":6.0,"key":"SMITH"},{"floor":10.0,"key":"REST"},{"floor":15,"key":"REST"}],"circlet_count":0,"master_deck":["AscendersBane","Strike_B+1","Strike_B+1","Strike_B","Strike_B+1","Defend_B","Defend_B+1","Defend_B","Defend_B","Zap","Dualcast","Streamline+1","BootSequence","Coolheaded","Hologram+1","Coolheaded","Hologram","Loop"],"relics":["Cracked Core","Smiling Mask","CeramicFish","Shuriken","Whetstone"],"acts_visited":["Exordium"],"potions_floor_usage":[13,16],"damage_taken":[{"damage":3.0,"enemies":"2 Louse","floor":1.0,"turns":4.0},{"damage":7.0,"enemies":"Small Slimes","floor":3.0,"turns":3.0},{"damage":0.0,"enemies":"Jaw Worm","floor":4.0,"turns":3.0},{"damage":2.0,"enemies":"3 Louse","floor":5.0,"turns":4.0},{"damage":19.0,"enemies":"Lagavulin","floor":7.0,"turns":8.0},{"damage":3.0,"enemies":"Large Slime","floor":12.0,"turns":4.0},{"damage":28,"enemies":"Gremlin Nob","floor":13,"turns":4},{"damage":1,"enemies":"Blue Slaver","floor":14,"turns":3},{"damage":28,"enemies":"Slime Boss","floor":16,"turns":6}],"seed_played":"7154698052310334791","potions_obtained":[{"floor":1.0,"key":"Strength Potion"},{"floor":5.0,"key":"AttackPotion"},{"floor":7.0,"key":"Block Potion"},{"floor":13,"key":"Explosive Potion"}],"is_trial":false,"path_per_floor":["M","?","M","M","M","R","E","?","T","R","?","M","E","M","R","B"],"character_chosen":"DEFECT","items_purchased":[],"campfire_rested":2,"item_purchase_floors":[],"current_hp_per_floor":[75,75,68,68,66,66,47,21,21,46,35,32,4,3,28,0,0],"gold":186,"neow_bonus":"TWENTY_PERCENT_HP_BONUS","is_daily":false,"chose_seed":false,"campfire_upgraded":1,"win_rate":0.0,"timestamp":1611903905,"path_taken":["M","?","M","M","M","R","E","?","T","R","?","M","E","M","R","BOSS"],"items_purchased_type":[],"build_version":"2020-12-22","purchased_purges":0,"victory":false,"max_hp_per_floor":[85,85,85,85,85,85,85,85,85,85,85,85,85,85,85,85,85],"relic_stats":{"counters":[9,39],"Shuriken":[1],"CeramicFish":18,"Whetstone":["Strike_B","Strike_B"],"Smiling Mask":0,"obtain_stats":[{"Shuriken":11,"CeramicFish":9,"Whetstone":13,"Cracked Core":0,"Smiling Mask":7},{"Shuriken":5,"CeramicFish":5,"Whetstone":7,"Cracked Core":0,"Smiling Mask":5},{"Shuriken":22,"CeramicFish":22,"Whetstone":30,"Cracked Core":0,"Smiling Mask":22}]},"card_choices":[{"not_picked":["Static Discharge","Scrape"],"picked":"Streamline","floor":1.0},{"not_picked":["Leap","Coolheaded"],"picked":"BootSequence","floor":3.0},{"not_picked":["Rebound","Go for the Eyes"],"picked":"Coolheaded","floor":4.0},{"not_picked":["Cold Snap","Blizzard"],"picked":"Hologram","floor":5.0},{"not_picked":["Double Energy","Hologram"],"picked":"Coolheaded","floor":7.0},{"not_picked":["Fusion","Redo"],"picked":"Hologram","floor":12.0},{"not_picked":["Compile Driver","Thunder Strike"],"picked":"Loop","floor":13},{"not_picked":["Steam","Rip and Tear","Go for the Eyes"],"picked":"SKIP","floor":14}],"player_experience":1405354,"relics_obtained":[{"floor":7.0,"key":"Smiling Mask"},{"floor":9.0,"key":"CeramicFish"},{"floor":13,"key":"Whetstone"}],"event_choices":[{"damage_healed":0.0,"max_hp_gain":0.0,"max_hp_loss":0.0,"gold_gain":0.0,"event_name":"Living Wall","player_choice":"Grow","floor":2.0,"gold_loss":0.0,"damage_taken":0.0,"cards_upgraded":["Streamline"]},{"damage_healed":0.0,"max_hp_gain":0.0,"max_hp_loss":0.0,"gold_gain":0.0,"event_name":"Shining Light","player_choice":"Entered Light","floor":8.0,"gold_loss":0.0,"damage_taken":26.0,"cards_upgraded":["Defend_B","Strike_B"]},{"damage_healed":0.0,"max_hp_gain":0.0,"max_hp_loss":0.0,"gold_gain":0.0,"event_name":"Scrap Ooze","player_choice":"Success","floor":11.0,"gold_loss":0.0,"damage_taken":11.0,"relics_obtained":["Shuriken"]}],"is_beta":false,"boss_relics":[],"items_purged_floors":[],"is_endless":false,"potions_floor_spawned":[1,5,7,13],"killed_by":"Slime Boss","ascension_level":20}}