{"host":"7ap89n2sm7vm35bt","time":1611922327,"event":{"mods":["AchievementEnabler","Aspiration","BaseMod","Minty Spire (QoL Compilation)","StSLib","[IsaacMod]ÒÔÈö¼âËþ"],"gold_per_floor":[114,132,132,57,57,57,57,67,90,124,124,141,141,160,160,258,308,319,336,336,31,50,50,69,69,96,96,96,96,116,154,154,154,154],"floor_reached":33,"language":"ZHS","playtime":964,"items_purged":["Defend_R"],"score":239,"play_id":"919e6a68-7625-40da-9a13-9fa0dad93ef9","local_time":"20210129201207","is_ascension_mode":false,"campfire_choices":[{"data":"Armaments","floor":6.0,"key":"SMITH"},{"data":"Bash","floor":11.0,"key":"SMITH"},{"data":"Strike_R","floor":13.0,"key":"SMITH"},{"data":"Bloodletting","floor":15.0,"key":"SMITH"},{"floor":27.0,"key":"REST"},{"data":"Carnage","floor":29,"key":"SMITH"},{"floor":32,"key":"REST"}],"circlet_count":0,"master_deck":["Strike_R","Strike_R+1","Strike_R","Strike_R+1","Defend_R","Defend_R+1","Defend_R","Bash+1","Armaments+1","Thunderclap+1","Bloodletting+1","Impervious+1","Carnage+1","Flex+1"],"relics":["Burning Blood","HushsDoor","Anchor","YumHeart","BloodDonationMachine","Tiny House","Shovel","EdensBlessing","MutagenicStrength","Bag of Preparation"],"acts_visited":["Exordium","TheCity"],"potions_floor_usage":[31,33],"damage_taken":[{"damage":0.0,"enemies":"Jaw Worm","floor":1.0,"turns":3.0},{"damage":0.0,"enemies":"Cultist","floor":2.0,"turns":4.0},{"damage":0.0,"enemies":"Small Slimes","floor":8.0,"turns":2.0},{"damage":14.0,"enemies":"Exordium Thugs","floor":10.0,"turns":5.0},{"damage":0.0,"enemies":"Large Slime","floor":12.0,"turns":4.0},{"damage":5.0,"enemies":"Gremlin Gang","floor":14.0,"turns":4.0},{"damage":93.0,"enemies":"Hexaghost","floor":16.0,"turns":13.0},{"damage":8.0,"enemies":"2 Thieves","floor":18.0,"turns":5.0},{"damage":30.0,"enemies":"3 Byrds","floor":19.0,"turns":7.0},{"damage":3.0,"enemies":"Centurion and Healer","floor":22.0,"turns":5.0},{"damage":24.0,"enemies":"3 Cultists","floor":24.0,"turns":6.0},{"damage":10,"enemies":"Chosen and Byrds","floor":30,"turns":6},{"damage":3,"enemies":"Snake Plant","floor":31,"turns":2},{"damage":121,"enemies":"Champ","floor":33,"turns":12}],"seed_played":"9181972862930959011","potions_obtained":[{"floor":1.0,"key":"BloodPotion"},{"floor":2.0,"key":"Swift Potion"},{"floor":12.0,"key":"AttackPotion"},{"floor":16.0,"key":"BlessingOfTheForge"},{"floor":17.0,"key":"ColorlessPotion"},{"floor":22.0,"key":"Strength Potion"}],"is_trial":false,"path_per_floor":["M","M","?","$","$","R","?","M","T","M","R","M","R","M","R","B",null,"M","M","?","$","M","?","M","?","T","R","$","R","M","M","R","B"],"character_chosen":"IRONCLAD","items_purchased":["EdensBlessing"],"campfire_rested":2,"item_purchase_floors":[21],"current_hp_per_floor":[80,80,80,80,80,80,64,70,70,61,61,67,67,68,68,22,85,83,59,59,59,62,62,44,44,44,69,69,69,65,68,85,0,0],"gold":154,"neow_bonus":"RANDOM_COMMON_RELIC","is_daily":false,"chose_seed":false,"campfire_upgraded":5,"win_rate":0.0,"timestamp":1611922327,"path_taken":["M","M","?","?","$","R","?","M","T","M","R","M","R","?","R","BOSS","M","M","?","$","?","?","?","?","T","R","?","R","M","M","R","BOSS"],"items_purchased_type":["Relic"],"build_version":"2020-12-22","purchased_purges":1,"victory":false,"max_hp_per_floor":[80,80,80,80,80,80,80,80,80,80,80,80,80,80,80,80,85,85,85,85,85,85,85,85,85,85,85,85,85,85,85,85,85,85],"card_choices":[{"not_picked":["Anger","Battle Trance"],"picked":"Armaments","floor":1.0},{"not_picked":["Ghostly Armor","Shrug It Off"],"picked":"Thunderclap","floor":2.0},{"not_picked":["Whirlwind","True Grit","Anger"],"picked":"SKIP","floor":8.0},{"not_picked":["Pommel Strike","Combust","Warcry"],"picked":"SKIP","floor":10.0},{"not_picked":["Clash","Thunderclap","Rupture"],"picked":"SKIP","floor":12.0},{"not_picked":["Clothesline","Sword Boomerang"],"picked":"Bloodletting","floor":14.0},{"not_picked":["Exhume","Immolate"],"picked":"Impervious","floor":16.0},{"not_picked":["Clash","Warcry"],"picked":"Carnage","floor":17.0},{"not_picked":["Rupture","Infernal Blade","Havoc+1"],"picked":"SKIP","floor":18.0},{"not_picked":["Havoc","Blood for Blood","Twin Strike"],"picked":"SKIP","floor":19.0},{"not_picked":["Iron Wave","Thunderclap+1"],"picked":"Flex+1","floor":22.0},{"not_picked":["Anger","Ghostly Armor","Warcry"],"picked":"SKIP","floor":24.0},{"not_picked":["Feel No Pain+1","Blood for Blood","Seeing Red"],"picked":"SKIP","floor":30},{"not_picked":["Ghostly Armor","Perfected Strike","Reckless Charge+1"],"picked":"SKIP","floor":31}],"player_experience":238909,"relics_obtained":[{"floor":9.0,"key":"BloodDonationMachine"},{"floor":26.0,"key":"Bag of Preparation"}],"event_choices":[{"cards_removed":["Strike_R"],"damage_healed":0.0,"max_hp_gain":0.0,"max_hp_loss":0.0,"gold_gain":0.0,"event_name":"Bonfire Elementals","player_choice":"Offered Basic","floor":3.0,"gold_loss":0.0,"damage_taken":0.0},{"damage_healed":0.0,"max_hp_gain":0.0,"max_hp_loss":0.0,"gold_gain":0.0,"event_name":"Shining Light","player_choice":"Entered Light","floor":7.0,"gold_loss":0.0,"damage_taken":16.0,"cards_upgraded":["Thunderclap","Strike_R"]},{"damage_healed":0.0,"max_hp_gain":0.0,"max_hp_loss":0.0,"gold_gain":0.0,"event_name":"The Mausoleum","player_choice":"Opened","floor":20.0,"gold_loss":0.0,"damage_taken":0.0,"relics_obtained":["Shovel"]},{"damage_healed":0.0,"max_hp_gain":0.0,"max_hp_loss":0.0,"gold_gain":0.0,"event_name":"Accursed Blacksmith","player_choice":"Forge","floor":23.0,"gold_loss":0.0,"damage_taken":0.0,"cards_upgraded":["Impervious"]},{"damage_healed":0.0,"max_hp_gain":0.0,"max_hp_loss":0.0,"gold_gain":0.0,"event_name":"Drug Dealer","player_choice":"Inject Mutagens","floor":25.0,"gold_loss":0.0,"damage_taken":0.0,"relics_obtained":["MutagenicStrength"]}],"is_beta":false,"boss_relics":[{"not_picked":["Snecko Eye","Pandora\u0027s Box"],"picked":"Tiny House"},{"not_picked":[]}],"items_purged_floors":[4],"is_endless":false,"potions_floor_spawned":[1,2,12,16,22],"killed_by":"Champ","ascension_level":0}}