{"host":"815dqs41i1y8uxms","time":1611961947,"event":{"mods":["A Penny For Your Troubles","Act Like it!","BaseMod","Dark Map","Elementarium","Fox Events","Minty Spire (QoL Compilation)","Shop Mod","StSLib","The Cursed"],"gold_per_floor":[109,6,16,32,42,73,91,91,91,111,111,163,48,67,67,168,168,184,1,1,27,12,22,37,63,90,124,124,124,124,1,1,106,406,418,429,429,447,669,669,669],"floor_reached":40,"language":"ENG","playtime":4135,"items_purged":["TheCursedMod:Dregs"],"score":501,"play_id":"b6400290-45ab-4928-98b1-83adf791fc5b","local_time":"20210130001227","is_ascension_mode":false,"campfire_choices":[{"data":"Double Tap","floor":8,"key":"SMITH"},{"floor":11,"key":"RECALL"},{"floor":15,"key":"REST"},{"floor":28,"key":"REST"},{"data":"Elementarium:WindblessedBlade","floor":30,"key":"SMITH"},{"data":"Rage","floor":32,"key":"SMITH"}],"circlet_count":0,"master_deck":["Strike_R","Strike_R","Strike_R","Strike_R","Defend_R","Defend_R","Defend_R","Bash","Double Tap+1","Evolve","Burning Pact","Dropkick","Rage+1","Blood for Blood","Metallicize","Exhume","Shrug It Off","Anger","Feed","Infernal Blade+1","Metallicize","Dual Wield","Burning Pact+1","Shrug It Off+1","Barricade","Infernal Blade+1","Elementarium:WindblessedBlade+1","Power Through","Impatience","Exhume","CurseOfTheBell","Intimidate+1","Feel No Pain","Parasite"],"relics":["Burning Blood","HornCleat","MerchantsRug","Black Star","Membership Card","Elementarium:GoldenMirage","Singing Bowl","Regal Pillow","Red Skull","Potion Belt","Blood Vial","Elementarium:ElementariumTrophy","Calling Bell","Happy Flower","Blue Candle","Old Coin"],"acts_visited":["Exordium","Elementarium:Elementarium","TheBeyond"],"potions_floor_usage":[2,5,6,6,16,16,22,25,33,33],"damage_taken":[{"damage":12,"enemies":"Cultist","floor":1,"turns":5},{"damage":0,"enemies":"Small Slimes","floor":3,"turns":3},{"damage":19,"enemies":"Jaw Worm","floor":4,"turns":6},{"damage":8,"enemies":"Exordium Thugs","floor":5,"turns":5},{"damage":17,"enemies":"Gremlin Nob","floor":6,"turns":3},{"damage":11,"enemies":"Red Slaver","floor":7,"turns":6},{"damage":15,"enemies":"2 Fungi Beasts","floor":10,"turns":5},{"damage":5,"enemies":"Exordium Wildlife","floor":14,"turns":6},{"damage":15,"enemies":"The Guardian","floor":16,"turns":8},{"damage":12,"enemies":"Elementarium:VoidCorruption","floor":18,"turns":5},{"damage":23,"enemies":"Elementarium:GOLDEN_STATUES","floor":21,"turns":8},{"damage":11,"enemies":"Elementarium:2_ELEMENTALS","floor":23,"turns":6},{"damage":16,"enemies":"Elementarium:RubyGolem","floor":24,"turns":10},{"damage":28,"enemies":"Elementarium:ElementalPortal","floor":25,"turns":11},{"damage":22,"enemies":"Elementarium:WarGolem","floor":27,"turns":4},{"damage":21,"enemies":"Elementarium:PHOENIXES","floor":33,"turns":25},{"damage":62,"enemies":"3 Shapes","floor":35,"turns":11},{"damage":42,"enemies":"Orb Walker","floor":36,"turns":8},{"damage":0,"enemies":"Writhing Mass","floor":38,"turns":9},{"damage":71,"enemies":"Transient","floor":40,"turns":4}],"seed_played":"5848368924820461490","potions_obtained":[{"floor":3,"key":"Strength Potion"},{"floor":4,"key":"DuplicationPotion"},{"floor":7,"key":"ColorlessPotion"},{"floor":10,"key":"Swift Potion"},{"floor":16,"key":"SteroidPotion"},{"floor":18,"key":"BloodPotion"},{"floor":24,"key":"CultistPotion"},{"floor":33,"key":"SpeedPotion"},{"floor":35,"key":"BlessingOfTheForge"},{"floor":38,"key":"Strength Potion"}],"is_trial":false,"path_per_floor":["M","$","M","M","M","E","M","R","T","M","R","?","$","M","R","B",null,"M","$","?","?","$","M","M","E","T","E","R","?","R","$","R","B",null,"M","M","?","M","?","M"],"character_chosen":"IRONCLAD","items_purchased":["EntropicBrew","MerchantsRug","Membership Card","Fruit Juice","Power Through","Impatience","LiquidBronze","BloodPotion"],"campfire_rested":2,"item_purchase_floors":[2,13,19,22,31,31,31,31],"current_hp_per_floor":[74,74,80,67,65,61,56,56,56,47,47,47,47,48,74,65,87,81,81,81,70,75,76,69,47,47,34,82,82,82,82,82,91,110,57,23,23,36,36,0,0],"gold":669,"neow_bonus":"TRANSFORM_TWO_CARDS","is_daily":false,"chose_seed":false,"campfire_upgraded":3,"win_rate":0.0,"timestamp":1611961947,"path_taken":["M","$","M","?","M","E","M","R","T","M","R","?","?","?","R","BOSS","M","$","?","?","?","M","?","E","T","E","R","?","R","$","R","BOSS","M","M","?","M","?","M"],"items_purchased_type":["Potion","Relic","Relic","Potion","Card","Card","Potion","Potion"],"build_version":"2020-12-22","purchased_purges":1,"victory":false,"max_hp_per_floor":[80,80,80,80,80,87,87,87,87,87,87,87,87,87,87,87,87,87,87,87,93,98,104,107,107,107,110,110,110,110,110,110,110,110,113,113,113,118,118,118,118],"card_choices":[{"not_picked":["Warcry","Clothesline"],"picked":"Burning Pact","floor":1},{"not_picked":["Wild Strike","Intimidate"],"picked":"Dropkick","floor":3},{"not_picked":["Dual Wield","Clash"],"picked":"Rage","floor":4},{"not_picked":["Uppercut","Body Slam"],"picked":"Blood for Blood","floor":5},{"not_picked":["Headbutt","Perfected Strike"],"picked":"Metallicize","floor":6},{"not_picked":["Headbutt","Cleave"],"picked":"Exhume","floor":7},{"not_picked":["Clash","Burning Pact"],"picked":"Shrug It Off","floor":10},{"not_picked":["Body Slam","Warcry"],"picked":"Anger","floor":14},{"not_picked":["Brutality","Corruption"],"picked":"Feed","floor":16},{"not_picked":["Clothesline+1","Body Slam+1"],"picked":"Infernal Blade+1","floor":18},{"not_picked":["Hemokinesis","Flex"],"picked":"Dual Wield","floor":21},{"not_picked":["Rage","Twin Strike"],"picked":"Burning Pact+1","floor":23},{"not_picked":["Perfected Strike","Headbutt"],"picked":"Shrug It Off+1","floor":24},{"not_picked":["Heavy Blade+1","Whirlwind"],"picked":"Barricade","floor":25},{"not_picked":["Clash+1","Combust"],"picked":"Infernal Blade+1","floor":27},{"not_picked":["Bludgeon","Barricade"],"picked":"Exhume","floor":33},{"not_picked":["Evolve","Thunderclap+1"],"picked":"Intimidate+1","floor":35},{"not_picked":["Thunderclap+1","Hemokinesis+1"],"picked":"Feel No Pain","floor":36},{"not_picked":["Clothesline+1","Battle Trance","Anger"],"picked":"Singing Bowl","floor":38}],"player_experience":3823806,"relics_obtained":[{"floor":6,"key":"Strawberry"},{"floor":9,"key":"HornCleat"},{"floor":21,"key":"Elementarium:GoldenMirage"},{"floor":25,"key":"Singing Bowl"},{"floor":25,"key":"Regal Pillow"},{"floor":26,"key":"Red Skull"},{"floor":27,"key":"Potion Belt"},{"floor":27,"key":"Blood Vial"},{"floor":34,"key":"Happy Flower"},{"floor":34,"key":"Blue Candle"},{"floor":34,"key":"Old Coin"}],"event_choices":[{"damage_healed":0,"gold_gain":52,"player_choice":"Gained Gold","damage_taken":0,"max_hp_gain":0,"max_hp_loss":0,"event_name":"Golden Wing","floor":12,"gold_loss":0},{"damage_healed":0,"gold_gain":0,"player_choice":"Read","damage_taken":0,"max_hp_gain":0,"max_hp_loss":0,"event_name":"Elementarium:LostScrolls","floor":20,"gold_loss":0,"cards_obtained":["Metallicize"]},{"damage_healed":0,"gold_gain":0,"player_choice":"Fight","damage_taken":0,"max_hp_gain":0,"max_hp_loss":0,"event_name":"Elementarium:GoldenStatues","floor":21,"gold_loss":0},{"damage_healed":0,"gold_gain":0,"player_choice":"Take","damage_taken":0,"max_hp_gain":0,"max_hp_loss":0,"event_name":"Elementarium:BladeSeller","floor":29,"gold_loss":0,"cards_obtained":["Elementarium:WindblessedBlade"]},{"damage_healed":0,"gold_gain":222,"player_choice":"Presented the Golden Mirage","damage_taken":0,"max_hp_gain":0,"max_hp_loss":0,"event_name":"Elementarium:ChestOfTheGoldenMirage","floor":39,"gold_loss":0}],"is_beta":false,"boss_relics":[{"not_picked":["Cursed Key","Sozu"],"picked":"Black Star"},{"not_picked":["Runic Cube","Empty Cage"],"picked":"Calling Bell"}],"items_purged_floors":[19],"is_endless":false,"potions_floor_spawned":[3,4,7,10,16,18,24,33,35,38],"killed_by":"Transient","ascension_level":0}}