{"host":"mys00ehszg9tpx2w","time":1611941871,"event":{"mods":["Act Like it!","BaseMod","Colored Powertips","Gensokyo","Highlight Path","Marisa£®ÏF”Í°°ƒß¿Ì…≥£©","Minty Spire (QoL Compilation)","Reimu£®≤©¿ˆ¡È√Œ£©","Relic Stats","Remilia£®¿Ÿ√◊¿Ú—«£©","RumiaBox-¬∂√◊Ê´µƒ…Ò√ÿ∫–◊”","Shop Mod","Spicy Shops","StSLib","The Administrix","The Servant 0.9.4","Youmu£®ªÍ∆«—˝√Œ£©","Yuyuko"],"gold_per_floor":[418,418,418,418,430,430,465,465,490,490,506,506,7,7,7,109,109,127,34,34,46,46,46,57,57,57,86,100,110,130,140,140,236,236,253,266,52,52,65,65,116,131,156,175,175,175,175,7,7,7],"floor_reached":51,"language":"ZHS","playtime":6273,"items_purged":[],"score":840,"play_id":"3496d4fd-0e81-4a8d-b055-c3efcbd6a4a2","local_time":"20210130013749","is_ascension_mode":false,"campfire_choices":[{"floor":6,"key":"REST"},{"data":"Footwork","floor":15,"key":"SMITH"},{"data":"Adrenaline","floor":23,"key":"SMITH"},{"floor":32,"key":"REST"},{"data":"Riddle With Holes","floor":40,"key":"SMITH"},{"data":"After Image","floor":47,"key":"SMITH"},{"data":"Blur","floor":49,"key":"SMITH"}],"circlet_count":0,"master_deck":["Strike_G","Strike_G","Strike_G","Strike_G","Strike_G","Defend_G","Defend_G","Defend_G","Defend_G","Defend_G","Survivor","Deflect","Sucker Punch","Deadly Poison","Footwork+1","After Image+1","Dodge and Roll+1","Dagger Spray","Gensokyo:FourOfAKind","Gensokyo:FourOfAKind","Gensokyo:FourOfAKind","Gensokyo:FourOfAKind","Blur+1","Adrenaline+1","Prepared","Riddle With Holes+1","Caltrops+1","Finisher","Calculated Gamble+1","Phantasmal Killer","Dagger Spray","Catalyst+1","Distraction+1","Pride","Escape Plan","Noxious Fumes+1","Well Laid Plans","Dodge and Roll+1","Poisoned Stab+1","Gensokyo:RPG","Gensokyo:ReactiveArmor","Gensokyo:ScrapIron","Gensokyo:LockedMedkit"],"relics":["Ring of the Snake","Tea:ReiMu","Orichalcum","Gensokyo:CelestialsFlawlessClothing","Bag of Preparation","Gensokyo:Mercy","Potion Belt","StoneCalendar","Oddly Smooth Stone","HandDrill","Prayer Wheel","Runic Dome","FossilizedHelix","Gensokyo:ChorusOfJoy","MoreBug","GodSword6","SoulBox","Pen Nib","Lee\u0027s Waffle","Gensokyo:EmptyGrave","Baka2","Blood Vial","Mastiff:ReiMu"],"acts_visited":["Gensokyo:Gensokyo","Gensokyo:Gensokyoer","Gensokyo:Gensokyoest"],"potions_floor_usage":[7,16,27,33,39],"damage_taken":[{"damage":5,"enemies":"Gensokyo:3_Fairies","floor":1,"turns":4},{"damage":7,"enemies":"Gensokyo:Gryphon","floor":5,"turns":5},{"damage":64,"enemies":"Gensokyo:Aya","floor":7,"turns":12},{"damage":4,"enemies":"Gensokyo:Python","floor":11,"turns":3},{"damage":8,"enemies":"Gensokyo:Reimu","floor":16,"turns":7},{"damage":8,"enemies":"Gensokyo:CosmicMonolith","floor":18,"turns":6},{"damage":21,"enemies":"Gensokyo:3_Dogs","floor":21,"turns":5},{"damage":1,"enemies":"Gensokyo:Chomper_and_Gloop","floor":24,"turns":6},{"damage":34,"enemies":"Gensokyo:Koishi","floor":27,"turns":7},{"damage":20,"enemies":"Gensokyo:Slime_Group","floor":28,"turns":6},{"damage":7,"enemies":"Gensokyo:Mirror_and_Dog","floor":29,"turns":4},{"damage":2,"enemies":"Gensokyo:Chomper_and_Gloop","floor":30,"turns":5},{"damage":0,"enemies":"Gensokyo:Monolith_and_Dog","floor":31,"turns":3},{"damage":1,"enemies":"Gensokyo:Eternal_Rivals","floor":33,"turns":9},{"damage":0,"enemies":"Gensokyo:3_Bats","floor":35,"turns":4},{"damage":6,"enemies":"Gensokyo:AncientGuardian","floor":36,"turns":4},{"damage":7,"enemies":"Gensokyo:SeedOfUnknown","floor":39,"turns":5},{"damage":2,"enemies":"Gensokyo:AtlasGolem","floor":42,"turns":4},{"damage":14,"enemies":"Gensokyo:4_Bats","floor":44,"turns":3},{"damage":0,"enemies":"Gensokyo:Yuyuko","floor":50,"turns":6}],"seed_played":"-1079865748051030626","potions_obtained":[{"floor":1,"key":"DistilledChaos"},{"floor":5,"key":"ZuzhouPotion:ReiMu"},{"floor":16,"key":"EssenceOfSteel"},{"floor":21,"key":"Energy Potion"},{"floor":28,"key":"GrandPatriotsElixir:ReiMu"},{"floor":29,"key":"BlessingOfTheForge"},{"floor":36,"key":"SneckoOil"},{"floor":39,"key":"Energy Potion"}],"is_trial":false,"path_per_floor":["M","T","?","?","M","R","E","?","T","T","M","?","$","COS","R","B",null,"M","$","?","M","?","R","M","$","T","E","M","M","M","M","R","B",null,"M","M","$","?","M","R","T","M","T","M","?","$","R","COS","R","B",null],"character_chosen":"THE_SILENT","items_purchased":["Oddly Smooth Stone","HandDrill","Prayer Wheel","PowerPotion","GrandPatriotsElixir:ReiMu","FossilizedHelix","Pen Nib","Lee\u0027s Waffle"],"campfire_rested":2,"item_purchase_floors":[13,13,13,13,13,19,37,37],"current_hp_per_floor":[144,144,114,76,69,115,51,51,51,51,47,93,93,93,139,131,154,146,146,108,87,87,108,107,107,107,73,53,46,44,44,76,75,108,108,102,115,106,99,99,106,106,106,92,92,92,92,92,106,106],"gold":7,"neow_bonus":"TEN_PERCENT_HP_BONUS","is_daily":false,"chose_seed":false,"campfire_upgraded":5,"win_rate":0.0,"timestamp":1611941869,"path_taken":["M","?","?","?","M","R","E","?","T","?","?","?","?","COS","R","BOSS","M","$","?","?","?","R","M","$","T","E","M","M","?","M","R","BOSS","M","M","$","?","M","R","?","?","T","?","?","$","R","COS","R","BOSS"],"items_purchased_type":["Relic","Relic","Relic","Potion","Potion","Relic","Relic","Relic"],"build_version":"2020-12-22","purchased_purges":0,"victory":true,"max_hp_per_floor":[154,154,154,154,154,154,154,154,154,154,154,154,154,154,154,154,154,154,154,108,108,108,108,108,108,108,108,108,108,108,108,108,108,108,108,108,115,106,106,106,106,106,106,106,106,106,106,106,106,106],"relic_stats":{"Blood Vial":0,"Lee\u0027s Waffle":13,"counters":[20,108],"StoneCalendar":[254],"Prayer Wheel":12,"Pen Nib":[4],"Bag of Preparation":[34],"HandDrill":[48],"Orichalcum":[36],"obtain_stats":[{"Gensokyo:ChorusOfJoy":22,"Tea:ReiMu":2,"StoneCalendar":10,"SoulBox":34,"Bag of Preparation":7,"Blood Vial":41,"Frozen Eye":27,"Baka2":39,"Mastiff:ReiMu":43,"Prayer Wheel":13,"HandDrill":13,"Ring of the Snake":0,"Potion Belt":9,"MoreBug":26,"Lee\u0027s Waffle":37,"Oddly Smooth Stone":13,"Pen Nib":37,"Baka":1,"Orichalcum":3,"Gensokyo:CelestialsFlawlessClothing":4,"Runic Dome":17,"Gensokyo:EmptyGrave":38,"Gensokyo:Mercy":8,"GodSword6":27,"FossilizedHelix":19},{"Gensokyo:ChorusOfJoy":7,"Tea:ReiMu":1,"StoneCalendar":3,"SoulBox":14,"Bag of Preparation":3,"Blood Vial":17,"Frozen Eye":8,"Baka2":17,"Mastiff:ReiMu":18,"Prayer Wheel":4,"HandDrill":4,"Ring of the Snake":0,"Potion Belt":3,"MoreBug":8,"Lee\u0027s Waffle":16,"Oddly Smooth Stone":4,"Pen Nib":16,"Baka":1,"Orichalcum":1,"Gensokyo:CelestialsFlawlessClothing":1,"Runic Dome":5,"Gensokyo:EmptyGrave":16,"Gensokyo:Mercy":3,"GodSword6":9,"FossilizedHelix":6},{"Gensokyo:ChorusOfJoy":42,"Tea:ReiMu":4,"StoneCalendar":21,"SoulBox":82,"Bag of Preparation":21,"Blood Vial":95,"Frozen Eye":48,"Baka2":95,"Mastiff:ReiMu":99,"Prayer Wheel":24,"HandDrill":24,"Ring of the Snake":0,"Potion Belt":21,"MoreBug":48,"Lee\u0027s Waffle":90,"Oddly Smooth Stone":24,"Pen Nib":90,"Baka":4,"Orichalcum":4,"Gensokyo:CelestialsFlawlessClothing":4,"Runic Dome":31,"Gensokyo:EmptyGrave":90,"Gensokyo:Mercy":21,"GodSword6":55,"FossilizedHelix":37}],"Ring of the Snake":[40]},"card_choices":[{"not_picked":["Leg Sweep","Dodge and Roll"],"picked":"Deflect","floor":1},{"not_picked":["PiercingWail","Skewer"],"picked":"Sucker Punch","floor":5},{"not_picked":["Underhanded Strike","Tactician"],"picked":"Deadly Poison","floor":7},{"not_picked":["Caltrops","Acrobatics"],"picked":"Footwork","floor":11},{"not_picked":["Die Die Die","Malaise"],"picked":"After Image","floor":16},{"not_picked":["Dagger Spray","Deflect"],"picked":"Dodge and Roll+1","floor":18},{"not_picked":["Blade Dance","Sucker Punch"],"picked":"Dagger Spray","floor":18},{"not_picked":["Outmaneuver","Dagger Spray"],"picked":"Blur","floor":21},{"not_picked":["Terror+1","Dodge and Roll"],"picked":"Adrenaline","floor":21},{"not_picked":["Sucker Punch","Bouncing Flask"],"picked":"Prepared","floor":24},{"not_picked":["Dagger Spray","Acrobatics","Underhanded Strike"],"picked":"SKIP","floor":24},{"not_picked":["Dagger Spray","Dagger Throw"],"picked":"Burst","floor":27},{"not_picked":["Acrobatics","Expertise"],"picked":"Riddle With Holes","floor":28},{"not_picked":["Sucker Punch","Expertise","Deadly Poison"],"picked":"SKIP","floor":28},{"not_picked":["Quick Slash","Infinite Blades+1"],"picked":"Caltrops+1","floor":29},{"not_picked":["Dagger Spray","Backflip"],"picked":"Finisher","floor":29},{"not_picked":["Dagger Throw","Acrobatics","Blade Dance+1"],"picked":"SKIP","floor":30},{"not_picked":["Expertise","Crippling Poison","Sucker Punch"],"picked":"SKIP","floor":30},{"not_picked":["Dodge and Roll","Bane"],"picked":"Calculated Gamble+1","floor":31},{"not_picked":["Deflect","Dodge and Roll","Blur+1"],"picked":"SKIP","floor":31},{"not_picked":["Venomology","Doppelganger"],"picked":"Phantasmal Killer","floor":33},{"not_picked":["Finisher","Blade Dance+1"],"picked":"Catalyst+1","floor":35},{"not_picked":["Dash","Bouncing Flask+1"],"picked":"Distraction+1","floor":35},{"not_picked":["Caltrops+1","Acrobatics","Flechettes"],"picked":"SKIP","floor":36},{"not_picked":["Calculated Gamble+1","Choke","Riddle With Holes"],"picked":"SKIP","floor":36},{"not_picked":["Eviscerate+1","Flechettes"],"picked":"Escape Plan","floor":39},{"not_picked":["Blade Dance+1","Reflex","Deadly Poison"],"picked":"SKIP","floor":39},{"not_picked":["Blade Dance","Tactician+1"],"picked":"Noxious Fumes+1","floor":42},{"not_picked":["Dagger Throw","All Out Attack"],"picked":"Well Laid Plans","floor":42},{"not_picked":["Flying Knee+1","Dagger Throw"],"picked":"Poisoned Stab+1","floor":44},{"not_picked":["Reflex+1","Backflip","Night Terror"],"picked":"SKIP","floor":44}],"player_experience":54725,"relics_obtained":[{"floor":1,"key":"Baka"},{"floor":2,"key":"Tea:ReiMu"},{"floor":7,"key":"Bag of Preparation"},{"floor":9,"key":"Potion Belt"},{"floor":10,"key":"StoneCalendar"},{"floor":26,"key":"MoreBug"},{"floor":27,"key":"GodSword6"},{"floor":39,"key":"Baka2"},{"floor":41,"key":"Blood Vial"},{"floor":43,"key":"Mastiff:ReiMu"}],"event_choices":[],"is_beta":false,"boss_relics":[{"not_picked":["Runic Pyramid","Empty Cage"],"picked":"Runic Dome"},{"not_picked":["Cursed Key","Black Star"],"picked":"SoulBox"}],"items_purged_floors":[],"is_endless":false,"potions_floor_spawned":[1,5,16,21,28,29,36,39,44],"ascension_level":0}}