{"host":"1ekl8hlbnopmdapi","time":1611897638,"event":{"mods":["AchievementEnabler","BaseMod","Colored Map","Colored Powertips","DeckTracker","Googly Eyes","Highlight Path","Minty Spire (QoL Compilation)","Relic Sorter","StSLib","Synergy Search"],"gold_per_floor":[109,109,120,120,136,166,243,243,243,274,293,312,312,312,312,312,312],"floor_reached":16,"language":"ENG","playtime":423,"items_purged":[],"score":143,"play_id":"114b84de-c384-4ae5-b450-e48b0d09fe3e","local_time":"20210129002038","is_ascension_mode":true,"campfire_choices":[{"floor":8,"key":"REST"},{"floor":13,"key":"REST"},{"floor":15,"key":"REST"}],"circlet_count":0,"master_deck":["Strike_G","Strike_G","Strike_G","Strike_G","Defend_G","Defend_G","Defend_G","Defend_G","Defend_G","Survivor","Neutralize","Dodge and Roll","Blade Dance","Dagger Throw","Poisoned Stab","Blade Dance","Sucker Punch","Poisoned Stab","Dagger Throw","Distraction","Distraction"],"relics":["SacredBark","Dream Catcher","Bottled Lightning","Oddly Smooth Stone"],"acts_visited":["Exordium"],"potions_floor_usage":[6,6,16],"damage_taken":[{"damage":1,"enemies":"2 Louse","floor":1,"turns":3},{"damage":5,"enemies":"Jaw Worm","floor":3,"turns":5},{"damage":0,"enemies":"Cultist","floor":5,"turns":4},{"damage":45,"enemies":"Gremlin Nob","floor":6,"turns":7},{"damage":27,"enemies":"3 Sentries","floor":10,"turns":10},{"damage":9,"enemies":"2 Fungi Beasts","floor":11,"turns":4},{"damage":2,"enemies":"Red Slaver","floor":12,"turns":4},{"damage":52,"enemies":"Slime Boss","floor":16,"turns":11}],"seed_played":"8245060012948576677","potions_obtained":[{"floor":1,"key":"SpeedPotion"},{"floor":3,"key":"LiquidMemories"},{"floor":10,"key":"Swift Potion"}],"is_trial":false,"path_per_floor":["M","?","M","?","M","E","T","R","T","E","M","M","R","?","R","B"],"character_chosen":"THE_SILENT","items_purchased":[],"campfire_rested":3,"item_purchase_floors":[],"current_hp_per_floor":[62,62,57,62,62,17,17,39,39,12,3,1,23,23,45,0,0],"gold":312,"neow_bonus":"BOSS_RELIC","is_daily":false,"chose_seed":false,"campfire_upgraded":0,"win_rate":0.0,"timestamp":1611897638,"path_taken":["M","?","M","?","M","E","?","R","T","E","?","M","R","?","R","BOSS"],"items_purchased_type":[],"build_version":"2020-12-22","purchased_purges":0,"victory":false,"max_hp_per_floor":[70,70,70,75,75,75,75,75,75,75,75,75,75,75,75,75,75],"card_choices":[{"not_picked":["Calculated Gamble","Masterful Stab"],"picked":"Dodge and Roll","floor":1},{"not_picked":["Sucker Punch","Underhanded Strike"],"picked":"Blade Dance","floor":3},{"not_picked":["Underhanded Strike","Dodge and Roll"],"picked":"Dagger Throw","floor":5},{"not_picked":["Dagger Throw","Concentrate"],"picked":"Poisoned Stab","floor":6},{"not_picked":["Dodge and Roll","Dagger Throw"],"picked":"Blade Dance","floor":8},{"not_picked":["Night Terror","Dagger Throw"],"picked":"Sucker Punch","floor":10},{"not_picked":["Footwork","Outmaneuver"],"picked":"Poisoned Stab","floor":11},{"not_picked":["Acrobatics","Bane"],"picked":"Dagger Throw","floor":12},{"not_picked":["Eviscerate","Acrobatics"],"picked":"Distraction","floor":13},{"not_picked":["Leg Sweep","Well Laid Plans"],"picked":"Distraction","floor":15}],"player_experience":508856,"relics_obtained":[{"floor":6,"key":"Dream Catcher"},{"floor":9,"key":"Bottled Lightning"},{"floor":10,"key":"Oddly Smooth Stone"}],"event_choices":[{"damage_healed":0,"gold_gain":0,"player_choice":"Ignored","damage_taken":0,"max_hp_gain":0,"max_hp_loss":0,"event_name":"Liars Game","floor":2,"gold_loss":0},{"damage_healed":0,"gold_gain":0,"player_choice":"Donut","damage_taken":0,"max_hp_gain":5,"max_hp_loss":0,"event_name":"Big Fish","floor":4,"gold_loss":0},{"cards_removed":["Strike_G"],"damage_healed":0,"gold_gain":0,"player_choice":"Purged","damage_taken":0,"max_hp_gain":0,"max_hp_loss":0,"event_name":"Purifier","floor":14,"gold_loss":0}],"is_beta":false,"boss_relics":[],"items_purged_floors":[],"is_endless":false,"potions_floor_spawned":[1,3,10],"killed_by":"Slime Boss","ascension_level":6}}