{"host":"Jinnai","time":1611942520,"event":{"mods":["BaseMod","Bestiary","Block Reminder","Colored Map","Colored Powertips","Highlight Path","Minty Spire (QoL Compilation)","Quick Restart","Relic Stats","StSLib"],"gold_per_floor":[112,123,76,94,43,43,74,87,87,102,122,137,137,172,172,244,244,260,69,69,121,121,121,131,131,207,242,242,242,255,255,255],"floor_reached":31,"language":"ENG","playtime":2426,"items_purged":[],"score":530,"play_id":"4161a8d8-a797-4fd1-a3be-9995a81466dc","local_time":"20210129124840","is_ascension_mode":true,"campfire_choices":[{"data":"Sucker Punch","floor":6,"key":"SMITH"},{"floor":13,"key":"REST"},{"floor":15,"key":"REST"},{"data":"Ghostly","floor":23,"key":"SMITH"},{"data":"Ghostly","floor":25,"key":"SMITH"},{"floor":28,"key":"REST"}],"circlet_count":0,"master_deck":["AscendersBane","Strike_G+1","Strike_G+1","Strike_G+1","Strike_G+1","Strike_G+1","Defend_G+1","Defend_G+1","Defend_G+1","Survivor","Neutralize","Dagger Spray","Cloak And Dagger","Sucker Punch+1","Backflip","Dagger Spray","Finisher","Backflip","Corpse Explosion","Grand Finale","Underhanded Strike","Blade Dance","Ghostly","Ghostly+1","Ghostly+1","Noxious Fumes","Deadly Poison","Poisoned Stab"],"relics":["Art of War","Torii","InkBottle","The Specimen","Snecko Eye","ClockworkSouvenir","Pen Nib","Matryoshka","Snake Skull","Nloth\u0027s Gift"],"acts_visited":["Exordium","TheCity"],"potions_floor_usage":[7,8,16,31],"damage_taken":[{"damage":0,"enemies":"2 Louse","floor":1,"turns":3},{"damage":12,"enemies":"Small Slimes","floor":2,"turns":3},{"damage":4,"enemies":"Cultist","floor":4,"turns":3},{"damage":34,"enemies":"Lagavulin","floor":7,"turns":6},{"damage":0,"enemies":"2 Fungi Beasts","floor":8,"turns":3},{"damage":4,"enemies":"Exordium Thugs","floor":10,"turns":5},{"damage":2,"enemies":"3 Louse","floor":11,"turns":3},{"damage":8,"enemies":"Looter","floor":12,"turns":3},{"damage":14,"enemies":"3 Sentries","floor":14,"turns":8},{"damage":30,"enemies":"The Guardian","floor":16,"turns":12},{"damage":0,"enemies":"3 Byrds","floor":18,"turns":2},{"damage":2,"enemies":"Spheric Guardian","floor":24,"turns":7},{"damage":22,"enemies":"Slavers","floor":27,"turns":2},{"damage":9,"enemies":"Shelled Parasite and Fungi","floor":30,"turns":4},{"damage":9,"enemies":"Cultist and Chosen","floor":31,"turns":4}],"seed_played":"3020859021428527789","potions_obtained":[{"floor":1,"key":"Regen Potion"},{"floor":4,"key":"SteroidPotion"},{"floor":8,"key":"FairyPotion"},{"floor":10,"key":"CultistPotion"},{"floor":27,"key":"Block Potion"}],"is_trial":false,"path_per_floor":["M","M","?","M","?","R","E","M","T","M","M","M","R","E","R","B",null,"M","$","?","T","?","R","M","R","T","E","R","?","M","M"],"character_chosen":"THE_SILENT","items_purchased":["ClockworkSouvenir","Blade Dance"],"campfire_rested":3,"item_purchase_floors":[19,19],"current_hp_per_floor":[59,47,47,43,43,43,9,18,18,14,12,4,23,9,28,17,54,54,54,54,54,33,33,31,31,31,9,18,18,9,0,0],"gold":255,"neow_bonus":"BOSS_RELIC","is_daily":false,"chose_seed":false,"campfire_upgraded":3,"win_rate":0.0,"timestamp":1611942520,"path_taken":["M","M","?","M","?","R","E","M","T","M","?","M","R","E","R","BOSS","M","$","?","?","?","R","M","R","T","E","R","?","M","M"],"items_purchased_type":["Relic","Card"],"build_version":"2020-12-18","purchased_purges":0,"victory":false,"max_hp_per_floor":[66,66,66,66,66,66,66,66,66,66,66,66,66,66,66,66,66,66,66,66,66,33,33,33,33,33,33,33,33,33,33,33],"relic_stats":{"Torii":45,"counters":[15,68],"Snecko Eye":[26,52,36,28],"Pen Nib":[4],"Snake Skull":[8],"Art of War":[6],"Nloth\u0027s Gift":0,"obtain_stats":[{"Matryoshka":26,"Torii":7,"The Specimen":14,"Snecko Eye":17,"Pen Nib":21,"Snake Skull":27,"Art of War":5,"Nloth\u0027s Gift":29,"Empty Cage":0,"InkBottle":9,"Ring of the Snake":0,"ClockworkSouvenir":19},{"Matryoshka":12,"Torii":4,"The Specimen":9,"Snecko Eye":10,"Pen Nib":11,"Snake Skull":13,"Art of War":3,"Nloth\u0027s Gift":13,"Empty Cage":0,"InkBottle":5,"Ring of the Snake":0,"ClockworkSouvenir":11},{"Matryoshka":58,"Torii":15,"The Specimen":37,"Snecko Eye":49,"Pen Nib":51,"Snake Skull":60,"Art of War":9,"Nloth\u0027s Gift":60,"Empty Cage":0,"InkBottle":18,"Ring of the Snake":0,"ClockworkSouvenir":51}],"InkBottle":[16]},"card_choices":[{"not_picked":["Leg Sweep","Outmaneuver"],"picked":"Dagger Spray","floor":1},{"not_picked":["Riddle With Holes","Distraction"],"picked":"Cloak And Dagger","floor":2},{"not_picked":["Eviscerate","PiercingWail"],"picked":"Sucker Punch","floor":4},{"not_picked":["Underhanded Strike","Masterful Stab"],"picked":"Backflip","floor":7},{"not_picked":["Backflip","Deflect"],"picked":"Dagger Spray","floor":8},{"not_picked":["Dodge and Roll","Prepared","Catalyst"],"picked":"SKIP","floor":10},{"not_picked":["Bane","Underhanded Strike"],"picked":"Finisher","floor":11},{"not_picked":["Dagger Spray","Cloak And Dagger"],"picked":"Backflip","floor":12},{"not_picked":["Riddle With Holes","Dodge and Roll"],"picked":"Corpse Explosion","floor":14},{"not_picked":["Die Die Die","A Thousand Cuts"],"picked":"Grand Finale","floor":16},{"not_picked":["Tactician","Endless Agony+1"],"picked":"Underhanded Strike","floor":18},{"not_picked":["Caltrops","Prepared"],"picked":"Noxious Fumes","floor":24},{"not_picked":["Caltrops","Setup"],"picked":"Deadly Poison","floor":27},{"not_picked":["Slice+1","Finisher"],"picked":"Poisoned Stab","floor":30}],"player_experience":1597851,"relics_obtained":[{"floor":7,"key":"Torii"},{"floor":9,"key":"InkBottle"},{"floor":14,"key":"The Specimen"},{"floor":21,"key":"Pen Nib"},{"floor":26,"key":"Matryoshka"},{"floor":27,"key":"Snake Skull"}],"event_choices":[{"damage_healed":0,"gold_gain":0,"player_choice":"Left Gold","damage_taken":0,"max_hp_gain":0,"max_hp_loss":0,"event_name":"World of Goop","floor":3,"gold_loss":47},{"damage_healed":0,"gold_gain":0,"player_choice":"Paid Gold","damage_taken":0,"relics_obtained":["Art of War"],"max_hp_gain":0,"max_hp_loss":0,"event_name":"WeMeetAgain","floor":5,"gold_loss":51},{"damage_healed":0,"gold_gain":0,"player_choice":"Simplicity","damage_taken":0,"max_hp_gain":0,"max_hp_loss":0,"event_name":"Back to Basics","floor":20,"gold_loss":0,"cards_upgraded":["Strike_G","Strike_G","Strike_G","Strike_G","Strike_G","Defend_G","Defend_G","Defend_G"]},{"damage_healed":0,"gold_gain":0,"player_choice":"Became a Ghost","damage_taken":0,"max_hp_gain":0,"max_hp_loss":33,"event_name":"Ghosts","floor":22,"gold_loss":0,"cards_obtained":["Ghostly","Ghostly","Ghostly"]},{"damage_healed":0,"gold_gain":0,"player_choice":"Traded Relic","damage_taken":0,"relics_obtained":["Nloth\u0027s Gift"],"max_hp_gain":0,"max_hp_loss":0,"event_name":"N\u0027loth","floor":29,"relics_lost":["Empty Cage"],"gold_loss":0}],"is_beta":true,"boss_relics":[{"not_picked":["SacredBark","WristBlade"],"picked":"Snecko Eye"}],"items_purged_floors":[],"is_endless":false,"potions_floor_spawned":[1,4,8,10,11,27],"killed_by":"Cultist and Chosen","ascension_level":20}}