{"host":"toh0bbw446wnuexf","time":1611899199,"event":{"mods":["BaseMod","Downfall","Hermit","Minty Spire (QoL Compilation)","Random Character Button","StSLib"],"gold_per_floor":[99,116,128,128,148,148,148,181,201,236,236,256,256,272,282,282,282,282],"floor_reached":16,"language":"ENG","playtime":967,"items_purged":[],"score":120,"play_id":"a07ccae1-4658-4879-b1e6-385235074ffa","local_time":"20210129184639","is_ascension_mode":true,"campfire_choices":[{"data":"bronze:Replicate","floor":1,"key":"SMITH"},{"data":"bronze:BronzeArmor","floor":6,"key":"SMITH"},{"data":"bronze:DelayedGuard","floor":11,"key":"SMITH"},{"floor":13,"key":"REST"}],"circlet_count":0,"master_deck":["bronze:Strike","bronze:Strike","bronze:Strike","bronze:Strike","bronze:Defend","bronze:Defend","bronze:Defend","bronze:Defend","bronze:Replicate+1","bronze:BronzeArmor+1","bronze:DelayedGuard+1"],"relics":["bronze:BronzeCore","Boot","Anchor","Bag of Preparation"],"acts_visited":["Exordium"],"potions_floor_usage":[],"damage_taken":[{"damage":0,"enemies":"2 Louse","floor":2,"turns":3},{"damage":0,"enemies":"Cultist","floor":3,"turns":3},{"damage":0,"enemies":"Jaw Worm","floor":5,"turns":3},{"damage":27,"enemies":"Lagavulin","floor":8,"turns":7},{"damage":10,"enemies":"Lots of Slimes","floor":9,"turns":6},{"damage":13,"enemies":"Gremlin Nob","floor":10,"turns":5},{"damage":0,"enemies":"Red Slaver","floor":12,"turns":4},{"damage":2,"enemies":"Exordium Thugs","floor":14,"turns":4},{"damage":0,"enemies":"Blue Slaver","floor":15,"turns":3},{"damage":49,"enemies":"IC_STATUS_ARCHETYPE","floor":16,"turns":8}],"seed_played":"1765897788193405107","potions_obtained":[{"floor":2,"key":"Block Potion"},{"floor":4,"key":"CultistPotion"},{"floor":4,"key":"SmokeBomb"}],"is_trial":false,"path_per_floor":["R","M","M","?","M","R","T","E","M","E","R","M","R","M","M","B"],"character_chosen":"THE_AUTOMATON","items_purchased":[],"campfire_rested":1,"item_purchase_floors":[],"current_hp_per_floor":[70,70,70,70,70,70,70,43,33,20,20,20,41,39,39,0,0,0],"gold":282,"neow_bonus":"REMOVE_CARD","is_daily":false,"chose_seed":false,"campfire_upgraded":3,"win_rate":0.0,"timestamp":1611899199,"path_taken":["R","M","M","?","M","R","T","E","M","E","R","M","R","?","M","BOSS"],"items_purchased_type":[],"build_version":"2020-12-22","purchased_purges":0,"victory":false,"max_hp_per_floor":[70,70,70,70,70,70,70,70,70,70,70,70,70,70,70,70,70,70],"card_choices":[{"not_picked":["bronze:ForceShield","bronze:OilSpill"],"picked":"bronze:BronzeArmor","floor":2},{"not_picked":["bronze:MaxOutput","bronze:Deprecate","bronze:BuggyMess"],"picked":"SKIP","floor":3},{"not_picked":["bronze:Flail","bronze:Invalidate","bronze:Constructor"],"picked":"SKIP","floor":5},{"not_picked":["bronze:Optimize","bronze:Virus","bronze:Branch"],"picked":"SKIP","floor":8},{"not_picked":["bronze:Overheat","bronze:Branch","bronze:Repulsor"],"picked":"SKIP","floor":9},{"not_picked":["bronze:GetLatest","bronze:WhirlingStrike"],"picked":"bronze:DelayedGuard","floor":10},{"not_picked":["bronze:BuggyMess","bronze:OilSpill","bronze:Return"],"picked":"SKIP","floor":12},{"not_picked":["bronze:BuggyMess","bronze:OilSpill","bronze:Return"],"picked":"SKIP","floor":12},{"not_picked":["bronze:WildBeam","bronze:OilSpill","bronze:Deprecate"],"picked":"SKIP","floor":14},{"not_picked":["bronze:BronzeOrb","bronze:AlphaBuild","bronze:BuggyMess"],"picked":"SKIP","floor":15}],"player_experience":624506,"relics_obtained":[{"floor":7,"key":"Boot"},{"floor":8,"key":"Anchor"},{"floor":10,"key":"Bag of Preparation"}],"event_choices":[{"damage_healed":0,"gold_gain":0,"player_choice":"Got Potions","damage_taken":0,"max_hp_gain":0,"max_hp_loss":0,"event_name":"Lab","floor":4,"gold_loss":0}],"is_beta":false,"boss_relics":[],"items_purged_floors":[],"is_endless":false,"potions_floor_spawned":[2,8,12],"killed_by":"IC_STATUS_ARCHETYPE","ascension_level":1}}