{"host":"dq9lwkr0jwog4b8f","time":1611950688,"event":{"mods":["AchievementEnabler","BaseMod","Colored Map","Colored Powertips","DeckTracker","Minty Spire (QoL Compilation)"],"gold_per_floor":[109,109,109,74,88,114,114,125,125,125,150,150,68,87,87,87,87],"floor_reached":16,"language":"ENG","playtime":1436,"items_purged":[],"score":133,"play_id":"ed754636-740b-4b01-a411-87b1eed4a270","local_time":"20210129210448","is_ascension_mode":false,"campfire_choices":[{"data":"Force Field","floor":7,"key":"SMITH"},{"data":"Ball Lightning","floor":10,"key":"SMITH"},{"floor":15,"key":"REST"}],"circlet_count":0,"master_deck":["Strike_B+1","Strike_B","Strike_B","Strike_B","Defend_B","Defend_B","Defend_B","Defend_B","Zap","Dualcast","Genetic Algorithm+1","Genetic Algorithm","Force Field+1","Ball Lightning+1","Buffer","Self Repair","Reprogram"],"relics":["Cracked Core","NeowsBlessing","Ornamental Fan","HornCleat","TungstenRod","Matryoshka"],"acts_visited":["Exordium"],"potions_floor_usage":[16],"damage_taken":[{"damage":0,"enemies":"Jaw Worm","floor":1,"turns":1},{"damage":0,"enemies":"Cultist","floor":5,"turns":1},{"damage":0,"enemies":"3 Sentries","floor":6,"turns":1},{"damage":0,"enemies":"Small Slimes","floor":8,"turns":3},{"damage":26,"enemies":"Gremlin Nob","floor":11,"turns":5},{"damage":0,"enemies":"Blue Slaver","floor":14,"turns":3},{"damage":65,"enemies":"Hexaghost","floor":16,"turns":17}],"seed_played":"-900325477864501553","potions_obtained":[{"floor":11,"key":"EssenceOfSteel"}],"is_trial":false,"path_per_floor":["M","?","T","$","M","E","R","M","T","R","E","?","$","M","R","B"],"character_chosen":"DEFECT","items_purchased":["Genetic Algorithm","Self Repair"],"campfire_rested":1,"item_purchase_floors":[4,13],"current_hp_per_floor":[75,75,75,75,75,75,75,75,75,75,49,35,35,42,64,0,0],"gold":87,"neow_bonus":"THREE_ENEMY_KILL","is_daily":false,"chose_seed":false,"campfire_upgraded":2,"win_rate":0.0,"timestamp":1611950688,"path_taken":["M","?","?","$","M","E","R","?","T","R","E","?","$","M","R","BOSS"],"items_purchased_type":["Card","Card"],"build_version":"2020-12-22","purchased_purges":0,"victory":false,"max_hp_per_floor":[75,75,75,75,75,75,75,75,75,75,75,75,75,75,75,75,75],"card_choices":[{"not_picked":["Steam","Barrage"],"picked":"Genetic Algorithm","floor":1},{"not_picked":["Steam Power","Darkness"],"picked":"Force Field","floor":5},{"not_picked":["Go for the Eyes","Sweeping Beam"],"picked":"Ball Lightning","floor":6},{"not_picked":["Steam Power","Barrage","Blizzard"],"picked":"SKIP","floor":8},{"not_picked":["Consume","Go for the Eyes"],"picked":"Buffer","floor":11},{"not_picked":["Steam","Stack"],"picked":"Reprogram","floor":14}],"player_experience":187432,"relics_obtained":[{"floor":3,"key":"Ornamental Fan"},{"floor":6,"key":"HornCleat"},{"floor":9,"key":"TungstenRod"},{"floor":11,"key":"Matryoshka"}],"event_choices":[{"damage_healed":0,"gold_gain":0,"player_choice":"Leave","damage_taken":0,"max_hp_gain":0,"max_hp_loss":0,"event_name":"The Cleric","floor":2,"gold_loss":0},{"damage_healed":0,"gold_gain":0,"player_choice":"Entered Light","damage_taken":15,"max_hp_gain":0,"max_hp_loss":0,"event_name":"Shining Light","floor":12,"gold_loss":0,"cards_upgraded":["Genetic Algorithm","Strike_B"]}],"is_beta":false,"boss_relics":[],"items_purged_floors":[],"is_endless":false,"potions_floor_spawned":[11],"killed_by":"Hexaghost","ascension_level":0}}