{"host":"vzygucmp2u9s1xuv","time":1611961097,"event":{"mods":["BaseMod","Colored Map","DeckTracker","Keyboard Shortcuts","Minty Spire (QoL Compilation)","Quick Restart","StSLib","SuperFastMode"],"gold_per_floor":[114,114,114,58,70,70,86,117,141,141,52,152,152,166,166,166,166],"floor_reached":16,"language":"KOR","playtime":344,"items_purged":[],"score":181,"play_id":"3389fd08-81e1-4b04-b561-75391441f1b3","local_time":"20210130075817","is_ascension_mode":true,"campfire_choices":[{"data":"Dagger Spray","floor":6,"key":"SMITH"},{"floor":10,"key":"REST"},{"data":"Tactician","floor":13,"key":"SMITH"},{"floor":15,"key":"REST"}],"circlet_count":0,"master_deck":["AscendersBane","Strike_G","Strike_G+1","Strike_G","Strike_G","Defend_G","Defend_G","Defend_G","Defend_G","Defend_G","Survivor","Neutralize","Quick Slash+1","Dagger Throw","Footwork","Poisoned Stab","Dagger Spray+1","Distraction","PiercingWail","Tactician+1","Slice"],"relics":["Ring of the Snake","PreservedInsect","Whetstone"],"acts_visited":["Exordium"],"potions_floor_usage":[16,16],"damage_taken":[{"damage":3,"enemies":"Jaw Worm","floor":1,"turns":4},{"damage":0,"enemies":"Cultist","floor":5,"turns":4},{"damage":3,"enemies":"Small Slimes","floor":7,"turns":3},{"damage":26,"enemies":"3 Sentries","floor":8,"turns":8},{"damage":9,"enemies":"Exordium Thugs","floor":14,"turns":4},{"damage":59,"enemies":"Slime Boss","floor":16,"turns":9}],"seed_played":"-2415359023973767881","potions_obtained":[{"floor":5,"key":"Weak Potion"},{"floor":7,"key":"PowerPotion"}],"is_trial":false,"path_per_floor":["M","?","$","$","M","R","M","E","T","R","$","?","R","M","R","B"],"character_chosen":"THE_SILENT","items_purchased":["Poisoned Stab","Tactician"],"campfire_rested":2,"item_purchase_floors":[4,11],"current_hp_per_floor":[56,56,56,56,56,56,53,27,27,46,46,46,46,37,56,0,0],"gold":166,"neow_bonus":"THREE_CARDS","is_daily":false,"chose_seed":false,"campfire_upgraded":2,"win_rate":0.0,"timestamp":1611961097,"path_taken":["M","?","?","$","?","R","M","E","T","R","$","?","R","M","R","BOSS"],"items_purchased_type":["Card","Card"],"build_version":"2020-12-22","purchased_purges":0,"victory":false,"max_hp_per_floor":[66,66,66,66,66,66,66,66,66,66,66,66,66,66,66,66,66],"card_choices":[{"not_picked":["Acrobatics","Dodge and Roll"],"picked":"Quick Slash","floor":0},{"not_picked":["Bane","Flechettes"],"picked":"Dagger Throw","floor":1},{"not_picked":["Flying Knee","Riddle With Holes"],"picked":"Dagger Spray","floor":5},{"not_picked":["Cloak And Dagger","Blur"],"picked":"Distraction","floor":7},{"not_picked":["All Out Attack","Blur"],"picked":"PiercingWail","floor":8},{"not_picked":["Tactician","Distraction"],"picked":"Slice","floor":14}],"player_experience":665435,"relics_obtained":[{"floor":8,"key":"PreservedInsect"},{"floor":9,"key":"Whetstone"}],"event_choices":[{"damage_healed":0,"gold_gain":0,"cards_transformed":["Strike_G"],"player_choice":"Transformed","damage_taken":0,"max_hp_gain":0,"max_hp_loss":0,"event_name":"Transmorgrifier","floor":2,"gold_loss":0,"cards_obtained":["Footwork"]},{"damage_healed":0,"gold_gain":100,"player_choice":"Gold","damage_taken":0,"max_hp_gain":0,"max_hp_loss":0,"event_name":"Wheel of Change","floor":12,"gold_loss":0}],"is_beta":false,"boss_relics":[],"items_purged_floors":[],"is_endless":false,"potions_floor_spawned":[5,7],"killed_by":"Slime Boss","ascension_level":17}}