{"host":"zk71suw73lg2r165","time":1611930066,"event":{"mods":["BaseMod","Colored Map","Minty Spire (QoL Compilation)","Permanent Neow","Relic Stats","StSLib"],"gold_per_floor":[115,129,279,296,8,43,43,118,118,154,154,4,56,90,90,90,90],"floor_reached":16,"language":"ENG","playtime":432,"items_purged":["Doubt","Writhe"],"score":204,"play_id":"8fa6dde1-8b27-4bb7-8935-8346ed09a213","local_time":"20210129092106","is_ascension_mode":true,"campfire_choices":[{"floor":7,"key":"REST"},{"floor":15,"key":"REST"}],"circlet_count":0,"master_deck":["AscendersBane","Strike_B","Strike_B","Strike_B","Strike_B","Defend_B","Defend_B","Defend_B","Defend_B","Zap","Dualcast","Defragment","Genetic Algorithm","Loop","HandOfGreed","Turbo+1","Conserve Battery+1","Hologram+1","Capacitor","Compile Driver"],"relics":["Cracked Core","Emotion Chip","Toxic Egg 2","MealTicket"],"acts_visited":["Exordium"],"potions_floor_usage":[6,14,16],"damage_taken":[{"damage":7.0,"enemies":"Jaw Worm","floor":1.0,"turns":3.0},{"damage":3.0,"enemies":"2 Louse","floor":2.0,"turns":2.0},{"damage":6.0,"enemies":"Cultist","floor":4.0,"turns":4.0},{"damage":35,"enemies":"3 Sentries","floor":6,"turns":5},{"damage":11,"enemies":"Blue Slaver","floor":10,"turns":4},{"damage":1,"enemies":"2 Fungi Beasts","floor":13,"turns":3},{"damage":2,"enemies":"Large Slime","floor":14,"turns":5},{"damage":45,"enemies":"Slime Boss","floor":16,"turns":5}],"seed_played":"2431378134854432392","potions_obtained":[{"floor":4.0,"key":"PowerPotion"},{"floor":10,"key":"LiquidMemories"},{"floor":13,"key":"Fire Potion"}],"is_trial":false,"path_per_floor":["M","M","?","M","$","E","R","?","T","M","?","$","M","M","R","B"],"character_chosen":"DEFECT","items_purchased":["HandOfGreed","Hologram+1"],"campfire_rested":2,"item_purchase_floors":[5,12],"current_hp_per_floor":[57,54,54,48,48,13,34,23,23,12,1,16,15,13,34,0,0],"gold":90,"neow_bonus":"ONE_RARE_RELIC","is_daily":false,"chose_seed":false,"campfire_upgraded":0,"win_rate":0.0,"timestamp":1611930066,"path_taken":["M","M","?","M","$","E","R","?","T","M","?","?","?","M","R","BOSS"],"items_purchased_type":["Card","Card"],"build_version":"2020-12-22","purchased_purges":2,"victory":false,"max_hp_per_floor":[71,71,71,71,71,71,71,71,71,71,71,71,71,71,71,71,71],"relic_stats":{"Emotion Chip":[15,15,0,0,0],"counters":[8,31],"MealTicket":15,"obtain_stats":[{"Emotion Chip":0,"MealTicket":9,"Toxic Egg 2":6,"Cracked Core":0},{"Emotion Chip":0,"MealTicket":4,"Toxic Egg 2":4,"Cracked Core":0},{"Emotion Chip":0,"MealTicket":14,"Toxic Egg 2":14,"Cracked Core":0}]},"card_choices":[{"not_picked":["Beam Cell","Compile Driver"],"picked":"Defragment","floor":1.0},{"not_picked":["Turbo","Beam Cell"],"picked":"Genetic Algorithm","floor":2.0},{"not_picked":["Leap","Steam"],"picked":"Loop","floor":4.0},{"not_picked":["Heatsinks","Melter"],"picked":"Turbo+1","floor":6},{"not_picked":["Hologram+1","Creative AI"],"picked":"Conserve Battery+1","floor":10},{"not_picked":["Redo+1","Force Field+1"],"picked":"Capacitor","floor":13},{"not_picked":["Rebound","Fusion+1"],"picked":"Compile Driver","floor":14}],"player_experience":1414961,"relics_obtained":[{"floor":6,"key":"Toxic Egg 2"},{"floor":9,"key":"MealTicket"}],"event_choices":[{"damage_healed":0.0,"max_hp_gain":0.0,"max_hp_loss":0.0,"gold_gain":150.0,"event_name":"Liars Game","player_choice":"AGREE","floor":3.0,"gold_loss":0.0,"damage_taken":0.0,"cards_obtained":["Doubt"]},{"damage_healed":0,"gold_gain":75,"player_choice":"Gather Gold","damage_taken":11,"max_hp_gain":0,"max_hp_loss":0,"event_name":"World of Goop","floor":8,"gold_loss":0},{"damage_healed":0,"gold_gain":0,"player_choice":"Fled","damage_taken":11,"max_hp_gain":0,"max_hp_loss":0,"event_name":"Scrap Ooze","floor":11,"gold_loss":0}],"is_beta":false,"boss_relics":[],"items_purged_floors":[5,12],"is_endless":false,"potions_floor_spawned":[4,10,13],"killed_by":"Slime Boss","ascension_level":20}}