{"host":"oehe2dxjvdgux73m","time":1611933954,"event":{"mods":["AchievementEnabler","BaseMod","Colored Map","Colored Powertips","DeckTracker","Keyboard Shortcuts","Minty Spire (QoL Compilation)","Permanent Neow","Quick Restart","StSLib","SuperFastMode"],"gold_per_floor":[117,117,17,31,42,42,52,52,133,133,133,133,147,167,167,167,167],"floor_reached":16,"language":"KOR","playtime":360,"items_purged":["Strike_G"],"score":184,"play_id":"4d33bea0-cd13-4b22-b365-044632b0f2d2","local_time":"20210130002554","is_ascension_mode":true,"campfire_choices":[{"data":"Choke","floor":6.0,"key":"SMITH"},{"data":"Neutralize","floor":8.0,"key":"SMITH"},{"floor":10.0,"key":"REST"},{"data":"Deflect","floor":15.0,"key":"SMITH"}],"circlet_count":0,"master_deck":["AscendersBane","Strike_G","Strike_G","Defend_G","Defend_G","Defend_G","Defend_G","Defend_G","Survivor","Neutralize+1","Choke+1","Dagger Spray","Deflect+1","PiercingWail","Slice","Finisher"],"relics":["Ring of the Snake","Gremlin Horn","Omamori"],"acts_visited":["Exordium"],"potions_floor_usage":[],"damage_taken":[{"damage":0.0,"enemies":"Jaw Worm","floor":1.0,"turns":3.0},{"damage":10.0,"enemies":"Small Slimes","floor":4.0,"turns":3.0},{"damage":0.0,"enemies":"Cultist","floor":5.0,"turns":4.0},{"damage":40.0,"enemies":"Exordium Wildlife","floor":7.0,"turns":8.0},{"damage":0.0,"enemies":"Looter","floor":13.0,"turns":2.0},{"damage":2.0,"enemies":"2 Fungi Beasts","floor":14.0,"turns":3.0},{"damage":31,"enemies":"Hexaghost","floor":16,"turns":9}],"seed_played":"1549462717087527217","potions_obtained":[{"floor":7.0,"key":"SneckoOil"}],"is_trial":false,"path_per_floor":["M","?","$","M","M","R","M","R","T","R","?","?","M","M","R","B"],"character_chosen":"THE_SILENT","items_purchased":["Deflect"],"campfire_rested":1,"item_purchase_floors":[3],"current_hp_per_floor":[59,64,64,54,54,54,14,14,14,33,33,33,33,31,31,0,0],"gold":167,"neow_bonus":"TRANSFORM_TWO_CARDS","is_daily":false,"chose_seed":false,"campfire_upgraded":3,"win_rate":0.0,"timestamp":1611933954,"path_taken":["M","?","$","M","M","R","M","R","T","R","?","?","M","M","R","BOSS"],"items_purchased_type":["Card"],"build_version":"2020-12-22","purchased_purges":1,"victory":false,"max_hp_per_floor":[60,65,65,65,65,65,65,65,65,65,65,65,65,65,65,65,65],"card_choices":[{"not_picked":["Skewer","Acrobatics"],"picked":"Dagger Spray","floor":1.0},{"not_picked":["Bane","Acrobatics"],"picked":"PiercingWail","floor":4.0},{"not_picked":["Dagger Throw","All Out Attack"],"picked":"Slice","floor":5.0},{"not_picked":["Deadly Poison","Sucker Punch"],"picked":"Finisher","floor":7.0},{"not_picked":["Deadly Poison","Dagger Spray","Underhanded Strike"],"picked":"SKIP","floor":13.0},{"not_picked":["Heel Hook","Deflect","Dagger Spray"],"picked":"SKIP","floor":14.0}],"player_experience":324545,"relics_obtained":[{"floor":9.0,"key":"Gremlin Horn"}],"event_choices":[{"damage_healed":0.0,"max_hp_gain":5.0,"max_hp_loss":0.0,"gold_gain":0.0,"event_name":"Big Fish","player_choice":"Donut","floor":2.0,"gold_loss":0.0,"damage_taken":0.0},{"damage_healed":0.0,"max_hp_gain":0.0,"max_hp_loss":0.0,"gold_gain":0.0,"event_name":"Dead Adventurer","player_choice":"Searched \u00272\u0027 times","floor":11.0,"gold_loss":0.0,"damage_taken":0.0,"relics_obtained":["Omamori"]},{"cards_removed":["Riddle With Holes"],"damage_healed":0.0,"max_hp_gain":0.0,"max_hp_loss":0.0,"gold_gain":0.0,"event_name":"Purifier","player_choice":"Purged","floor":12.0,"gold_loss":0.0,"damage_taken":0.0}],"is_beta":false,"boss_relics":[],"items_purged_floors":[3],"is_endless":false,"potions_floor_spawned":[7],"killed_by":"Hexaghost","ascension_level":20}}