{"host":"jeery1tr27t4bnnr","time":1611951878,"event":{"mods":["Aspiration","BaseMod","BetterRewards","Colored Map","Colored Powertips","Downfall","Marisa（F雨　魔理沙）","Minty Spire (QoL Compilation)","Quick Restart","Remilia（蕾米莉亚）","Replay The Spire","SOS（斯巴达之子）","Shop Mod","StSLib","The Administrix","The Animator","The Bug Knight","The Hierophant","The Mystic","The Servant 0.9.4","Youmu（魂魄妖梦）","Yuri Mod","Yuyuko"],"gold_per_floor":[118,118,136,236,53,53,67,67,67,67,96,59,59,77,77,174,174,193,118,18,18,18,46,65,65,65,90,90,90,107,206,206,206,206],"floor_reached":33,"language":"ZHS","playtime":2717,"items_purged":["Replay:Hysterical Blindness","Injury"],"score":329,"play_id":"8906eb20-b91c-4bc5-9f0a-2ca0b0c4efca","local_time":"20210130042438","daily_mods":["Heirloom","Time Dilation","Flight"],"is_ascension_mode":false,"campfire_choices":[{"data":"TheWorld","floor":10.0,"key":"SMITH"},{"floor":15.0,"key":"DIG"},{"data":"RealityMarble","floor":25.0,"key":"SMITH"}],"circlet_count":0,"master_deck":["Strike_S","Strike_S","Strike_S","Strike_S","Defend_S","Defend_S","Defend_S","Defend_S","KidneyShot","Exchange","SurpressingFire+1","Starlight","CurseOfTheBell","CurseOfTheBell","TheWorld+1","FastForward","FastForward","Starlight+1","Collapse+1","Defy","ShatteredReality+1","ShatteredReality+1","FlawlessForm","RealityMarble+1","Dilation+1","ReturningBlade+1","Doubt","Revamp","Contraction","Ricochet+1","SurpressingFire+1"],"relics":["Uniform","Pocketwatch","downfall:ExtraCursedBell","Boot","Molten Egg 2","StoneCalendar","ReplayTheSpireMod:Shallot","Bottled Lightning","Divine Protection","Ginger","Sozu","StrikeDummy","Blood Vial","Blue Candle","bronze:BronzeIdol","Enchiridion"],"acts_visited":["Exordium","TheCity"],"potions_floor_usage":[],"damage_taken":[{"damage":1.0,"enemies":"Jaw Worm","floor":1.0,"turns":3.0},{"damage":2.0,"enemies":"Small Slimes","floor":3.0,"turns":4.0},{"damage":5.0,"enemies":"2 Louse","floor":7.0,"turns":3.0},{"damage":18.0,"enemies":"Lagavulin","floor":11.0,"turns":7.0},{"damage":0.0,"enemies":"Lots of Slimes","floor":14.0,"turns":3.0},{"damage":20.0,"enemies":"The Guardian","floor":16.0,"turns":11.0},{"damage":0.0,"enemies":"Spheric Guardian","floor":18.0,"turns":4.0},{"damage":0.0,"enemies":"HollowMod:Nosk","floor":23.0,"turns":8.0},{"damage":2.0,"enemies":"Snake Plant","floor":24.0,"turns":4.0},{"damage":45.0,"enemies":"Gremlin Leader","floor":27.0,"turns":7.0},{"damage":0.0,"enemies":"Sentry and Sphere","floor":30.0,"turns":7.0},{"damage":39,"enemies":"Champ","floor":33,"turns":14}],"seed_played":"-5647092138807930091","potions_obtained":[{"floor":1.0,"key":"SkillPotion"},{"floor":11.0,"key":"Fire Potion"},{"floor":14.0,"key":"LiquidMemories"}],"is_trial":true,"path_per_floor":["M","?","M","?","$","?","M","?","T","R","E","$","?","M","R_BF","B",null,"M","?","$","?","?","E","M","R","T","E","?","?","M","?","R_BF","B"],"character_chosen":"THE_SERVANT","items_purchased":["ReturningBlade+1","FastForward","ShatteredReality+1"],"campfire_rested":0,"item_purchase_floors":[5,5,12],"current_hp_per_floor":[64,64,62,67,67,67,62,62,62,62,44,44,44,44,44,24,70,70,70,70,70,70,70,68,68,68,25,9,9,11,11,32,0,0],"gold":206,"neow_bonus":"","is_daily":false,"chose_seed":false,"campfire_upgraded":2,"win_rate":0.0,"timestamp":1611951878,"path_taken":["M","?","M","?","?","?","?","?","T","R","E","$","?","?","R_BF","BOSS","M","?","$","?","?","E","?","R","T","E","?","?","?","?","R_BF","BOSS"],"items_purchased_type":["Card","Card","Card"],"build_version":"2020-12-22","purchased_purges":2,"victory":false,"max_hp_per_floor":[65,65,65,70,70,70,70,70,70,70,70,70,70,70,70,70,70,70,70,70,70,70,70,70,70,70,70,70,70,70,70,70,70,70],"card_choices":[{"not_picked":["Reset","Alleviate"],"picked":"SurpressingFire","floor":1.0},{"not_picked":["DoubleEdge","Spin"],"picked":"Starlight","floor":3.0},{"not_picked":["Rearm","Replace"],"picked":"Starlight+1","floor":7.0},{"not_picked":["Replace","Hightail"],"picked":"Defy","floor":11.0},{"not_picked":["Shuttle","FastForward"],"picked":"RealityMarble","floor":14.0},{"not_picked":["KillingDoll+1","MurderousAura"],"picked":"Dilation","floor":16.0},{"not_picked":["Collapse+1","Spin+1"],"picked":"ReturningBlade+1","floor":18.0},{"not_picked":["Potential+1","MoonPhase"],"picked":"Revamp","floor":23.0},{"not_picked":["Foresight","Hightail"],"picked":"Contraction","floor":24.0},{"not_picked":["InstantArmor","Dilation"],"picked":"Ricochet+1","floor":27.0},{"not_picked":["Replace","Spin+1"],"picked":"SurpressingFire+1","floor":30.0}],"player_experience":163989,"relics_obtained":[{"floor":4.0,"key":"Boot"},{"floor":4.0,"key":"Molten Egg 2"},{"floor":4.0,"key":"StoneCalendar"},{"floor":9.0,"key":"Bottled Lightning"},{"floor":11.0,"key":"Divine Protection"},{"floor":15.0,"key":"Ginger"},{"floor":23.0,"key":"Blood Vial"},{"floor":26.0,"key":"Blue Candle"},{"floor":27.0,"key":"bronze:BronzeIdol"},{"floor":28.0,"key":"Enchiridion"}],"event_choices":[{"damage_healed":0.0,"max_hp_gain":0.0,"max_hp_loss":0.0,"gold_gain":0.0,"event_name":"Living Wall","player_choice":"Grow","floor":2.0,"gold_loss":0.0,"damage_taken":0.0,"cards_upgraded":["SurpressingFire"]},{"damage_healed":0.0,"max_hp_gain":0.0,"max_hp_loss":0.0,"gold_gain":0.0,"event_name":"WeMeetAgain","player_choice":"Gave Potion","floor":6.0,"gold_loss":0.0,"damage_taken":0.0,"relics_obtained":["ReplayTheSpireMod:Shallot"]},{"damage_healed":0.0,"max_hp_gain":0.0,"max_hp_loss":0.0,"gold_gain":0.0,"event_name":"Match and Keep!","player_choice":"1 cards matched","floor":13.0,"gold_loss":0.0,"damage_taken":0.0,"cards_obtained":["FlawlessForm"]},{"cards_removed":["Replay:Sluggish"],"damage_healed":0.0,"max_hp_gain":0.0,"max_hp_loss":0.0,"gold_gain":0.0,"event_name":"Beggar","player_choice":"Gave Gold","floor":19.0,"gold_loss":75.0,"damage_taken":0.0},{"damage_healed":0.0,"max_hp_gain":0.0,"max_hp_loss":0.0,"gold_gain":0.0,"event_name":"Cursed Tome","player_choice":"Obtained Book","floor":28.0,"gold_loss":0.0,"damage_taken":16.0},{"damage_healed":0.0,"max_hp_gain":0.0,"max_hp_loss":0.0,"gold_gain":99.0,"event_name":"Nest","player_choice":"Stole From Cult","floor":31.0,"gold_loss":0.0,"damage_taken":0.0}],"is_beta":false,"boss_relics":[{"not_picked":["ReplayTheSpireMod:DimensionalGlitch","aspiration:IroncladSkillbook"],"picked":"Sozu"}],"items_purged_floors":[5,20],"is_endless":false,"potions_floor_spawned":[1,11,14,27],"killed_by":"Champ","ascension_level":0}}