{"host":"27wa8ufp4ryspt1p","time":1611888658,"event":{"mods":["2.2 Compatiblity","A Penny For Your Troubles","Abigail Mod","Act Like it!","Aspiration","BaseMod","Better Altar","Better Match","Better Note","Better Skull","Better Third Choice","Colored Map","Conspire","Curses Come First","Dota2Spire","Downfall-Rebalance","Elementarium","Energized Spire","Fox Events","Friendly Minions","Gensokyo","GifTheSpireLib","Gold Saver","Halation","Hallownest","HololiveMod","Hubris","Humility","Infinite Spire","Keyboard Shortcuts","Menagerie","Mimic Mod","Minty Spire (QoL Compilation)","Pale of the Ancients","Poor People Problems","Quarter Circle Forward PUNCH!","Reimu??????","Relic Filter Mod","Relic Sorter","Relic Stats","Reliquary","Replay The Spire","Reworked Bosses","Shop Mod","Spicy Shops","Spikes Relics","Spire Arcade","StSLib","Stuff the Spire","SuperFastMode","The Cursed","The Exalted","The Judge","The Necromancer","Trackpad","Waifu the Spire","Wandering Minibosses","[IsaacMod]????","??????REMEMod","????"],"gold_per_floor":[99,99,183,198,215,215,90,119,156,169,8,8,18,32,32,32,32],"floor_reached":16,"language":"SPA","playtime":494,"items_purged":[],"score":215,"play_id":"7d6e3197-6500-4b9c-b5ae-6cc1034a69f9","local_time":"20210128205058","daily_mods":["SealedDeck","Colorless Cards","Heirloom","Elite Swarm","Lethality"],"is_ascension_mode":true,"campfire_choices":[{"data":"conspire:Banana","floor":6,"key":"SMITH"},{"floor":15,"key":"RECALL"}],"circlet_count":0,"master_deck":["AscendersBane","Rebound","StuffTheSpire:Plugnplay","expansioncontent:BronzeBeam","conspire:Banana+1","expansioncontent:SuperHexaguard","Ball Lightning","Time Bomb","Ball Lightning","Capacitor","Omniscience","Reprogram+1","Turbo","expansioncontent:DashGenerateEvil+1","DoctorFetus"],"relics":["Cracked Core","HushsDoor","REME_ComplimentaryCards","GuppysHead","Peace Pipe","Hallownest:DreamNailRelic","trackpad:WindUpAutoDealer","DataDisk"],"acts_visited":["Hallownest:Greenpath"],"potions_floor_usage":[9],"damage_taken":[{"damage":10,"enemies":"Hallownest:monsterHuskWarrior","floor":4,"turns":2},{"damage":6,"enemies":"Hallownest:2_Tiktiks_and_1_Crawlid","floor":5,"turns":2},{"damage":27,"enemies":"Hallownest:eliteMossKnight","floor":8,"turns":6},{"damage":1,"enemies":"2_ Uuma","floor":9,"turns":4},{"damage":0,"enemies":"2_ Uuma","floor":10,"turns":1},{"damage":0,"enemies":"Hallownest:monsterFoolEater","floor":13,"turns":2},{"damage":0,"enemies":"Hallownest:monsterMossCharger","floor":14,"turns":1},{"damage":29,"enemies":"Hallownest:BossBrokenVessel","floor":16,"turns":4}],"seed_played":"4540662139906842832","potions_obtained":[{"floor":5,"key":"EssenceOfSteel"},{"floor":13,"key":"FearPotion"},{"floor":14,"key":"Weak Potion"}],"is_trial":true,"path_per_floor":["?","?","?","M","M","R","?","E","MIM","M","$","?","M","M","R","B"],"character_chosen":"DEFECT","items_purchased":["DataDisk"],"campfire_rested":0,"item_purchase_floors":[11],"current_hp_per_floor":[64,64,49,40,35,35,35,10,11,11,11,20,22,24,24,0,0],"gold":32,"neow_bonus":"","is_daily":false,"chose_seed":false,"campfire_upgraded":1,"win_rate":0.0,"timestamp":1611888658,"path_taken":["?","?","?","M","M","R","?","E","MIM","M","$","?","M","?","R","BOSS"],"items_purchased_type":["Relic"],"build_version":"2020-12-22","purchased_purges":0,"victory":false,"max_hp_per_floor":[71,71,71,72,73,73,73,75,77,77,77,86,88,90,90,92,92],"relic_stats":{"Peace Pipe":0,"counters":[8,22],"obtain_stats":[{"KeepersGift":0,"Peace Pipe":0,"DataDisk":11,"Hallownest:DreamNailRelic":2,"GuppysHead":0,"Cracked Core":0,"HushsDoor":0,"trackpad:WindUpAutoDealer":8,"REME_ComplimentaryCards":0},{"KeepersGift":0,"Peace Pipe":0,"DataDisk":5,"Hallownest:DreamNailRelic":0,"GuppysHead":0,"Cracked Core":0,"HushsDoor":0,"trackpad:WindUpAutoDealer":3,"REME_ComplimentaryCards":0},{"KeepersGift":0,"Peace Pipe":0,"DataDisk":15,"Hallownest:DreamNailRelic":0,"GuppysHead":0,"Cracked Core":0,"HushsDoor":0,"trackpad:WindUpAutoDealer":10,"REME_ComplimentaryCards":0}]},"card_choices":[{"not_picked":[],"picked":"ChaosCard","floor":0},{"not_picked":["Beam Cell","Compile Driver"],"picked":"Turbo","floor":4},{"not_picked":["Gash","Fan","Ball Lightning"],"picked":"SKIP","floor":5},{"not_picked":["Amplify+1","REME_PuzzleBox+1"],"picked":"expansioncontent:DashGenerateEvil+1","floor":7},{"not_picked":["Thunder Strike","Secret Weapon"],"picked":"DoctorFetus","floor":8},{"not_picked":["Hologram","Ball Lightning","Degenerate"],"picked":"SKIP","floor":10},{"not_picked":["Steam","Good Instincts","Reprogram"],"picked":"SKIP","floor":13},{"not_picked":["Go for the Eyes","Streamline","StuffTheSpire:LoadUp"],"picked":"SKIP","floor":14}],"player_experience":3970909,"relics_obtained":[{"floor":8,"key":"trackpad:WindUpAutoDealer"}],"event_choices":[{"damage_healed":0,"gold_gain":0,"player_choice":"2","damage_taken":0,"max_hp_gain":0,"max_hp_loss":0,"event_name":"betterMatch:BetterMatch","floor":7,"gold_loss":0,"cards_obtained":["betterMatch:RareCard"]}],"is_beta":false,"boss_relics":[],"items_purged_floors":[],"is_endless":false,"potions_floor_spawned":[5,13,14],"killed_by":"Hallownest:BossBrokenVessel","ascension_level":20,"is_humility":true}}