{"host":"0fmi5fguj5lvt8pf","time":1611911725,"event":{"mods":["BaseMod","Colored Map","Curses Come First","Downfall","Minty Spire (QoL Compilation)","Permanent Neow","StSLib"],"gold_per_floor":[99,109,128,303,53,53,53,88,188,207,221,284,344,405,424,528,528,528,528,140,158,238,250,276,276,326,376,376,403,403,288,288,288,288],"floor_reached":32,"language":"ENG","playtime":2123,"items_purged":["Doubt","champ:Strike"],"score":260,"play_id":"ae6c7a08-cfe0-48ea-a8bd-133d0270ddcd","local_time":"20210129011525","is_ascension_mode":false,"campfire_choices":[{"data":"champ:HeavySlash","floor":1.0,"key":"SMITH"},{"data":"champ:FalseCounter","floor":18,"key":"SMITH"},{"floor":25,"key":"RECALL"},{"data":"champ:SkillfulDodge","floor":28,"key":"SMITH"},{"data":"champ:EnchantCrown","floor":30,"key":"SMITH"}],"circlet_count":0,"master_deck":["champ:Strike","champ:Strike","champ:Strike","champ:Defend","champ:Defend","champ:Defend","champ:Defend","champ:Taunt","champ:HeavySlash+1","champ:FlashCut","champ:FlashCut","champ:TornadoPunch+1","champ:RageSigil","champ:ShieldWall","champ:ShieldThrow","champ:ShieldSigil","champ:Lariat+1","champ:FocusedDefense","champ:FalseCounter+1","champ:SkillfulDodge+1","champ:MurderStrike","champ:RageSigil+1","champ:Parry","champ:EnchantCrown+1","champ:PerfectedStrike","champ:PreciseThrust+1","champ:UltimateStance"],"relics":["champ:ChampionCrown","Meat on the Bone","Letter Opener","downfall:CloakOfManyFaces","CultistMask","FaceOfCleric","NlothsMask","GremlinMask","SsserpentHead","Empty Cage","champ:Barbells","Omamori","Red Mask","Kunai"],"acts_visited":["Exordium","TheCity"],"potions_floor_usage":[16,29,31,31],"damage_taken":[{"damage":21.0,"enemies":"Jaw Worm","floor":2.0,"turns":4.0},{"damage":10.0,"enemies":"2 Louse","floor":3.0,"turns":2.0},{"damage":20.0,"enemies":"downfall:FleeingMerchant","floor":5.0,"turns":4.0},{"damage":26.0,"enemies":"Lagavulin","floor":8.0,"turns":7.0},{"damage":36.0,"enemies":"downfall:FaceTrader","floor":9.0,"turns":9.0},{"damage":10.0,"enemies":"Small Slimes","floor":10.0,"turns":3.0},{"damage":5.0,"enemies":"Gremlin Gang","floor":11.0,"turns":4.0},{"damage":10.0,"enemies":"Exordium Thugs","floor":12.0,"turns":3.0},{"damage":0.0,"enemies":"Exordium Wildlife","floor":13.0,"turns":3.0},{"damage":12.0,"enemies":"3 Louse","floor":14.0,"turns":2.0},{"damage":32.0,"enemies":"Exordium Thugs","floor":15.0,"turns":4.0},{"damage":68,"enemies":"WA_ARCHETYPE_RETAIN","floor":16,"turns":8},{"damage":0,"enemies":"Chosen","floor":19,"turns":1},{"damage":15,"enemies":"downfall:FleeingMerchant","floor":20,"turns":4},{"damage":11,"enemies":"Shell Parasite","floor":21,"turns":3},{"damage":64,"enemies":"Masked Bandits","floor":22,"turns":5},{"damage":5,"enemies":"Snake Plant","floor":23,"turns":3},{"damage":59,"enemies":"Slavers","floor":29,"turns":6},{"damage":0,"enemies":"downfall:FleeingMerchant","floor":31,"turns":4},{"damage":0,"enemies":"Centurion and Healer","floor":32,"turns":2}],"seed_played":"-1853524845271315633","potions_obtained":[{"floor":2.0,"key":"bronze:BurnAndBuffPotion"},{"floor":8.0,"key":"LiquidMemories"},{"floor":9.0,"key":"Fire Potion"},{"floor":13.0,"key":"FairyPotion"},{"floor":22,"key":"LiquidBronze"},{"floor":23,"key":"sneckomod:MuddlingPotion"},{"floor":29,"key":"champ:OpenerPotion"}],"is_trial":false,"path_per_floor":["R","M","M","?","$","?","T","E","?","M","M","M","M","M","M","B",null,"R","M","$","M","?","M","T","R","?","?","R","E","R","$","M"],"character_chosen":"THE_CHAMP","items_purchased":["champ:RageSigil","champ:ShieldWall","champ:BladeFlurry","champ:Parry","champ:Barbells","Omamori"],"campfire_rested":0,"item_purchase_floors":[5,5,5,20,20,20],"current_hp_per_floor":[90,89,89,89,89,89,89,73,57,58,54,57,58,59,65,35,97,97,98,99,89,38,46,46,46,46,46,46,37,37,50,50,50,50],"gold":288,"neow_bonus":"ONE_RANDOM_RARE_CARD","is_daily":false,"chose_seed":false,"campfire_upgraded":4,"win_rate":0.0,"timestamp":1611911725,"path_taken":["R","M","M","?","$","?","T","E","?","M","M","?","?","?","M","BOSS","R","M","$","M","?","M","T","R","?","?","R","E","R","$","M"],"items_purchased_type":["Card","Card","Card","Card","Relic","Relic"],"build_version":"2020-12-22","purchased_purges":2,"victory":false,"max_hp_per_floor":[90,90,90,90,90,90,90,90,90,91,92,93,94,95,96,97,97,97,98,99,100,101,102,102,102,102,102,102,103,103,104,104,104,104],"card_choices":[{"not_picked":["champ:BringItOn","champ:Haymaker"],"picked":"champ:FlashCut","floor":2.0},{"not_picked":["champ:ArenaPreparation","champ:BringItOn"],"picked":"champ:FlashCut","floor":3.0},{"not_picked":["champ:PerfectedStrike","champ:DefensiveShout"],"picked":"champ:TornadoPunch","floor":5.0},{"not_picked":["champ:FanOfKnives","champ:BerserkerStyle","champ:Shatter"],"picked":"SKIP","floor":8.0},{"not_picked":["champ:FlashCut","champ:EnragedBash"],"picked":"champ:ShieldThrow","floor":9.0},{"not_picked":["champ:CrownThrow","champ:ArenaPreparation"],"picked":"champ:ShieldSigil","floor":10.0},{"not_picked":["champ:Endure","champ:DeathBlow"],"picked":"champ:Lariat","floor":11.0},{"not_picked":["champ:FlashCut","champ:DefensiveShout"],"picked":"champ:FocusedDefense","floor":12.0},{"not_picked":["champ:TornadoPunch","champ:Shatter"],"picked":"champ:FalseCounter","floor":13.0},{"not_picked":["champ:Haymaker","champ:ShieldSigil"],"picked":"champ:SkillfulDodge","floor":14.0},{"not_picked":["champ:ShieldSigil","champ:Shatter"],"picked":"champ:MurderStrike","floor":15.0},{"not_picked":["champ:GladiatorStyle","champ:BerserkersShout","champ:BladeFlurry"],"picked":"SKIP","floor":19},{"not_picked":["champ:BerserkersShout","champ:SkillfulDodge"],"picked":"champ:RageSigil","floor":20},{"not_picked":["champ:PreciseThrust","champ:FaceSlap"],"picked":"champ:EnchantCrown","floor":21},{"not_picked":["champ:Lariat","champ:FanOfKnives+1"],"picked":"champ:PerfectedStrike","floor":22},{"not_picked":["champ:PerfectedStrike","champ:IronFortress","champ:RapidStrikes"],"picked":"SKIP","floor":23},{"not_picked":["champ:IronFortress","champ:ShieldSigil+1"],"picked":"champ:PreciseThrust+1","floor":29},{"not_picked":["champ:AdrenalArmor","champ:RageSigil"],"picked":"champ:UltimateStance","floor":31}],"player_experience":1443777,"relics_obtained":[{"floor":7.0,"key":"Meat on the Bone"},{"floor":8.0,"key":"Letter Opener"},{"floor":9.0,"key":"downfall:CloakOfManyFaces"},{"floor":22,"key":"Red Mask"},{"floor":29,"key":"Kunai"}],"event_choices":[{"damage_healed":0,"gold_gain":0,"player_choice":"Fought Bandits","damage_taken":0,"max_hp_gain":0,"max_hp_loss":0,"event_name":"Masked Bandits","floor":22,"gold_loss":0}],"is_beta":false,"boss_relics":[{"not_picked":["Tiny House","SlaversCollar"],"picked":"Empty Cage"}],"items_purged_floors":[5,31],"is_endless":false,"potions_floor_spawned":[2,8,9,11,13,14,22,23,29],"killed_by":"Centurion and Healer","ascension_level":0}}