{"host":"gfmw02tnhhvp9jba","time":1611948914,"event":{"mods":["AchievementEnabler","BaseMod","Colored Map","Conspire","Downfall","Highlight Path","Minty Spire (QoL Compilation)","Replay The Spire","StSLib"],"gold_per_floor":[115,115,125,125,137,155,185,39,39,51,80,97,124,136,136,234,284,297,297,315,326,341,366,388,400,458,470,482,505,517,529,529],"floor_reached":31,"language":"ENG","playtime":1934,"items_purged":["Strike_P"],"score":308,"play_id":"09c59a74-6321-4a66-ac7c-d6712dfeec42","local_time":"20210129203514","is_ascension_mode":false,"campfire_choices":[{"floor":15,"key":"REST"},{"data":"PathToVictory","floor":28,"key":"SMITH"}],"circlet_count":0,"master_deck":["Strike_P","Strike_P","Defend_P","Defend_P+1","Eruption+1","Vigilance","FlyingSleeves","CutThroughFate","Replay:ManipulateFuture","Replay:LoomingThreat","ClearTheMind","Judgement","PathToVictory+1","LikeWater","Scrawl","DeceiveReality","BattleHymn","Prostrate","Study","Protect"],"relics":["PureWater","Sundial","Replay:Towering Pillar of Hats","Replay:Multitool","InkBottle","Tiny House","MawBank","Replay:Bottled Steam","Potion Belt"],"acts_visited":["Exordium","TheCity"],"potions_floor_usage":[7,16,23,30],"damage_taken":[{"damage":0,"enemies":"Small Slimes","floor":1,"turns":4},{"damage":0,"enemies":"Cultist","floor":3,"turns":2},{"damage":0,"enemies":"Jaw Worm","floor":5,"turns":1},{"damage":6,"enemies":"Gremlin Gang","floor":6,"turns":7},{"damage":10,"enemies":"Gremlin Nob","floor":7,"turns":3},{"damage":0,"enemies":"Exordium Wildlife","floor":10,"turns":2},{"damage":8,"enemies":"3 Sentries","floor":11,"turns":5},{"damage":0,"enemies":"Exordium Thugs","floor":12,"turns":4},{"damage":5,"enemies":"Gremlin Nob","floor":13,"turns":3},{"damage":0,"enemies":"Large Slime","floor":14,"turns":3},{"damage":1,"enemies":"The Guardian","floor":16,"turns":10},{"damage":7,"enemies":"conspire:FuzzyDice","floor":18,"turns":5},{"damage":9,"enemies":"Shell Parasite","floor":20,"turns":4},{"damage":1,"enemies":"Cultist and Chosen","floor":21,"turns":6},{"damage":20,"enemies":"Snake Plant","floor":22,"turns":5},{"damage":0,"enemies":"conspire:Head Lice","floor":23,"turns":4},{"damage":1,"enemies":"conspire:HollyBat","floor":24,"turns":4},{"damage":0,"enemies":"Chosen and Byrds","floor":29,"turns":4},{"damage":5,"enemies":"3 Cultists","floor":30,"turns":3},{"damage":58,"enemies":"Gremlin Leader","floor":31,"turns":5}],"seed_played":"-6958529695587102316","potions_obtained":[{"floor":3,"key":"Weak Potion"},{"floor":11,"key":"Languid Potion"},{"floor":12,"key":"Explosive Potion"},{"floor":16,"key":"SmokeBomb"},{"floor":17,"key":"Languid Potion"},{"floor":21,"key":"Swift Potion"},{"floor":22,"key":"Explosive Potion"}],"is_trial":false,"path_per_floor":["M","?","M","?","M","M","E","$","T","M","E","M","E","M","R","B",null,"M","?","M","M","M","E","M","?","T","$","R","M","M","E"],"character_chosen":"WATCHER","items_purchased":["Judgement"],"campfire_rested":1,"item_purchase_floors":[8],"current_hp_per_floor":[51,56,56,56,56,50,40,40,40,40,32,32,27,27,50,49,82,75,75,66,65,45,45,44,44,44,44,44,44,39,0,0],"gold":529,"neow_bonus":"REMOVE_TWO","is_daily":false,"chose_seed":false,"campfire_upgraded":1,"win_rate":0.0,"timestamp":1611948914,"path_taken":["M","?","M","?","?","M","E","$","T","M","E","M","E","M","R","BOSS","M","?","?","M","?","E","M","?","T","$","R","?","M","E"],"items_purchased_type":["Card"],"build_version":"2020-12-22","purchased_purges":1,"victory":false,"max_hp_per_floor":[72,77,77,77,77,77,77,77,77,77,77,77,77,77,77,77,82,82,82,82,82,82,82,82,82,82,82,82,82,82,82,82],"card_choices":[{"not_picked":["EmptyBody","Replay:Vibes"],"picked":"FlyingSleeves","floor":1},{"not_picked":["SashWhip","Halt"],"picked":"CutThroughFate","floor":3},{"not_picked":["CutThroughFate","FlurryOfBlows"],"picked":"Replay:ManipulateFuture","floor":5},{"not_picked":["Halt","JustLucky"],"picked":"Replay:LoomingThreat","floor":6},{"not_picked":["WheelKick","Evaluate"],"picked":"ClearTheMind","floor":7},{"not_picked":["Alpha","Replay:AtTheReady","Replay:Battleflow"],"picked":"SKIP","floor":10},{"not_picked":["Conclude","Fasting2"],"picked":"PathToVictory","floor":11},{"not_picked":["ClearTheMind","Replay:Vibes","Replay:ManipulateFuture"],"picked":"SKIP","floor":12},{"not_picked":["Brilliance","ConjureBlade"],"picked":"LikeWater","floor":13},{"not_picked":["ClearTheMind","CrushJoints","WheelKick"],"picked":"SKIP","floor":14},{"not_picked":["Ragnarok","Omniscience"],"picked":"Scrawl","floor":16},{"not_picked":["Prostrate","Replay:BluntJabs"],"picked":"DeceiveReality","floor":17},{"not_picked":["Collect","FlurryOfBlows"],"picked":"BattleHymn","floor":18},{"not_picked":["Replay:Cycle","CarveReality","Evaluate"],"picked":"SKIP","floor":20},{"not_picked":["Halt","JustLucky"],"picked":"Study","floor":21},{"not_picked":["Conclude","BowlingBash","Replay:ManipulateFuture+1"],"picked":"SKIP","floor":22},{"not_picked":["BowlingBash","CrushJoints"],"picked":"Protect","floor":23},{"not_picked":["WaveOfTheHand","Protect","ThirdEye"],"picked":"SKIP","floor":24},{"not_picked":["Conclude","Protect","Replay:DivineShield"],"picked":"SKIP","floor":29}],"player_experience":103649,"relics_obtained":[{"floor":7,"key":"Sundial"},{"floor":9,"key":"Replay:Towering Pillar of Hats"},{"floor":11,"key":"Replay:Multitool"},{"floor":13,"key":"InkBottle"},{"floor":23,"key":"MawBank"},{"floor":26,"key":"Potion Belt"}],"event_choices":[{"damage_healed":0,"gold_gain":0,"player_choice":"Donut","damage_taken":0,"max_hp_gain":5,"max_hp_loss":0,"event_name":"Big Fish","floor":2,"gold_loss":0},{"damage_healed":0,"gold_gain":0,"player_choice":"Upgraded","damage_taken":0,"max_hp_gain":0,"max_hp_loss":0,"event_name":"Upgrade Shrine","floor":4,"gold_loss":0,"cards_upgraded":["Eruption"]},{"damage_healed":0,"gold_gain":0,"cards_transformed":["Defend_P"],"player_choice":"Transformed","damage_taken":0,"max_hp_gain":0,"max_hp_loss":0,"event_name":"Transmorgrifier","floor":19,"gold_loss":0,"cards_obtained":["Prostrate"]},{"damage_healed":0,"gold_gain":0,"player_choice":"Gave Potion","damage_taken":0,"relics_obtained":["Replay:Bottled Steam"],"max_hp_gain":0,"max_hp_loss":0,"event_name":"WeMeetAgain","floor":25,"gold_loss":0}],"is_beta":false,"boss_relics":[{"not_picked":["ChewingGum","Kintsugi"],"picked":"Tiny House"}],"items_purged_floors":[8],"is_endless":false,"potions_floor_spawned":[3,11,12,16,21,22,30],"killed_by":"Gremlin Leader","ascension_level":0}}