{"host":"kipy315whq7pv20a","time":1611920942,"event":{"mods":["BaseMod","Downfall","Minty Spire (QoL Compilation)","Replay The Spire","StSLib"],"gold_per_floor":[99,99,35,35,9,28,28,46,81,96,96,96,116,142,153,153,153,153],"floor_reached":16,"language":"ENG","playtime":2398,"items_purged":[],"score":116,"play_id":"6c2f70c1-7c4b-463e-ac45-3d98ef7141e1","local_time":"20210129124902","is_ascension_mode":true,"campfire_choices":[{"floor":1,"key":"DIG"},{"floor":11,"key":"DIG"}],"circlet_count":0,"master_deck":["Guardian:Strike_Guardian+1","Guardian:Strike_Guardian","Guardian:Strike_Guardian","Guardian:Strike_Guardian","Guardian:Defend_Guardian","Guardian:Defend_Guardian","Guardian:Defend_Guardian+1","Guardian:Defend_Guardian","Guardian:CurlUp","Guardian:TwinSlam","Guardian:TemporalShield","Guardian:RollAttack+1","Guardian:GuardianWhirl+1","Guardian:StasisStrike","Guardian:Planning+1","Guardian:ShieldCharger","Guardian:Suspension","Guardian:TemporalStrike","Guardian:FloatingOrbs","Guardian:Gem_Cyan","Guardian:Incinerate"],"relics":["Guardian:ModeShifter","downfall:HeartsMalice","Blue Doll","Meat on the Bone","Shovel","Blood Vial","Whetstone"],"acts_visited":["Exordium"],"potions_floor_usage":[14,15,15,16],"damage_taken":[{"damage":0,"enemies":"Cultist","floor":2,"turns":1},{"damage":0,"enemies":"downfall:FleeingMerchant","floor":3,"turns":1},{"damage":0,"enemies":"downfall:FleeingMerchant","floor":5,"turns":1},{"damage":0,"enemies":"2 Louse","floor":6,"turns":2},{"damage":0,"enemies":"Small Slimes","floor":8,"turns":4},{"damage":28,"enemies":"Gremlin Nob","floor":9,"turns":5},{"damage":8,"enemies":"3 Louse","floor":10,"turns":3},{"damage":4,"enemies":"2 Fungi Beasts","floor":13,"turns":4},{"damage":4,"enemies":"3 Sentries","floor":14,"turns":7},{"damage":3,"enemies":"Large Slime","floor":15,"turns":4},{"damage":53,"enemies":"SI_SHIV_ARCHETYPE","floor":16,"turns":10}],"seed_played":"-581565548243216476","potions_obtained":[{"floor":6,"key":"Reflective Coating"},{"floor":8,"key":"SteroidPotion"},{"floor":14,"key":"Adrenaline Potion"},{"floor":15,"key":"Weak Potion"}],"is_trial":false,"path_per_floor":["R","M","$","?","$","M","T","M","E","M","R","?","M","E","M","B"],"character_chosen":"GUARDIAN","items_purchased":["Guardian:RollAttack","Guardian:GuardianWhirl+1","Guardian:Planning+1"],"campfire_rested":0,"item_purchase_floors":[3,3,5],"current_hp_per_floor":[80,80,80,80,80,80,80,80,52,44,44,44,42,52,51,0,0,0],"gold":153,"neow_bonus":"THREE_ENEMY_KILL","is_daily":false,"chose_seed":false,"campfire_upgraded":0,"win_rate":0.0,"timestamp":1611920942,"path_taken":["R","M","$","?","?","?","T","M","E","M","R","?","M","E","M","BOSS"],"items_purchased_type":["Card","Card","Card"],"build_version":"2020-12-22","purchased_purges":0,"victory":false,"max_hp_per_floor":[80,80,80,80,80,80,80,80,80,80,80,80,80,80,80,80,80,80],"card_choices":[{"not_picked":["Guardian:DecasProtection","Guardian:FloatingOrbs"],"picked":"Guardian:TemporalShield","floor":2},{"not_picked":["Guardian:TemporalStrike","Guardian:FloatingOrbs"],"picked":"Guardian:Orbwalk","floor":3},{"not_picked":["Guardian:Reroute","Guardian:Gem_Lightblue"],"picked":"Guardian:StasisStrike","floor":5},{"not_picked":["Guardian:VentSteam","Guardian:TimeCapacitor"],"picked":"Guardian:ShieldCharger","floor":6},{"not_picked":["Guardian:Reroute","Guardian:DonusPower"],"picked":"Guardian:Suspension","floor":8},{"not_picked":["Guardian:Gem_Cyan","Guardian:ConstructionForm"],"picked":"Guardian:Gem_Fragmented","floor":9},{"not_picked":["Guardian:Recover","Guardian:FloatingOrbs"],"picked":"Guardian:TemporalStrike","floor":10},{"not_picked":["Guardian:PrismaticBeam","Guardian:Reroute"],"picked":"Guardian:FloatingOrbs","floor":13},{"not_picked":["Guardian:BronzeArmor","Guardian:TemporalShield"],"picked":"Guardian:Gem_Cyan","floor":14},{"not_picked":["Guardian:Planning","Guardian:Gem_Red"],"picked":"Guardian:Incinerate","floor":15}],"player_experience":172054,"relics_obtained":[{"floor":1,"key":"Blue Doll"},{"floor":7,"key":"Meat on the Bone"},{"floor":9,"key":"Shovel"},{"floor":11,"key":"Blood Vial"},{"floor":14,"key":"Whetstone"}],"event_choices":[],"is_beta":false,"boss_relics":[],"items_purged_floors":[],"is_endless":false,"potions_floor_spawned":[6,8,14,15],"killed_by":"SI_SHIV_ARCHETYPE","ascension_level":1}}