{"host":"lehz9p79pih88cc3","time":1611883118,"event":{"mods":["AchievementEnabler","Act Like it!","BaseMod","Downfall","Lobotomy","LobotomyExtend","Minty Spire (QoL Compilation)","Permanent Neow","Quick Restart","Relic Stats","Replay The Spire","SacredBarkPlus","StSLib","The Construct","The Mystic","The Runesmith","Transform Curses","Yakumo Yukari mod"],"gold_per_floor":[119,119,119,119,194,194,194],"floor_reached":6,"language":"ENG","playtime":172,"items_purged":[],"score":32,"play_id":"95b11e20-3213-47f6-b0ed-0628867411ce","local_time":"20210128201838","daily_mods":["Heirloom","Time Dilation","Flight","downfall:ChampStances","Elite Swarm"],"is_ascension_mode":false,"campfire_choices":[],"circlet_count":0,"master_deck":["Strike_P","Strike_P","Strike_P","Defend_P","Defend_P","Defend_P","Defend_P","Eruption","Vigilance","Adaptation+1"],"relics":["PureWater","champ:ChampStancesModRelic","mysticmod:CrystalBall","Ginger","LetterFromLob"],"acts_visited":["Exordium"],"potions_floor_usage":[],"damage_taken":[{"damage":1,"enemies":"Jaw Worm","floor":1,"turns":2},{"damage":13,"enemies":"Lagavulin","floor":6,"turns":6}],"seed_played":"2039440679844057681","potions_obtained":[],"is_trial":true,"path_per_floor":["M","?","$","?","?","E"],"character_chosen":"WATCHER","items_purchased":[],"campfire_rested":0,"item_purchase_floors":[],"current_hp_per_floor":[71,71,71,71,60,47,47],"gold":194,"neow_bonus":"","is_daily":false,"chose_seed":false,"campfire_upgraded":0,"win_rate":0.0,"timestamp":1611883118,"path_taken":["M","?","$","?","?","E"],"items_purchased_type":[],"build_version":"2020-12-22","purchased_purges":0,"victory":false,"max_hp_per_floor":[72,72,72,72,72,72,72],"relic_stats":{"counters":[2,8],"Ginger":[0],"obtain_stats":[{"champ:ChampStancesModRelic":0,"mysticmod:CrystalBall":0,"LetterFromLob":1,"Ginger":0,"PureWater":0},{"champ:ChampStancesModRelic":0,"mysticmod:CrystalBall":0,"LetterFromLob":1,"Ginger":0,"PureWater":0},{"champ:ChampStancesModRelic":0,"mysticmod:CrystalBall":0,"LetterFromLob":2,"Ginger":0,"PureWater":0}]},"card_choices":[{"not_picked":["Replay:Cycle","InnerPeace"],"picked":"Adaptation","floor":1}],"player_experience":176934,"relics_obtained":[{"floor":1,"key":"LetterFromLob"}],"event_choices":[{"damage_healed":0,"gold_gain":0,"player_choice":"Grow","damage_taken":0,"max_hp_gain":0,"max_hp_loss":0,"event_name":"Living Wall","floor":4,"gold_loss":0,"cards_upgraded":["Adaptation"]},{"damage_healed":0,"gold_gain":75,"player_choice":"Gather Gold","damage_taken":11,"max_hp_gain":0,"max_hp_loss":0,"event_name":"World of Goop","floor":5,"gold_loss":0}],"is_beta":false,"boss_relics":[],"items_purged_floors":[],"is_endless":false,"potions_floor_spawned":[1],"killed_by":"Lagavulin","ascension_level":0}}