{"host":"mnpd8gh7cwxsn5kh","time":1611939432,"event":{"mods":["BaseMod","Bestiary","Block Reminder","Colored Map","Colored Powertips","Highlight Path","Minty Spire (QoL Compilation)","Relic Sorter","Relic Stats"],"gold_per_floor":[111,124,124,2,74,104,104,115,115,115,129,205,239,251,251,352,352,363,381,206,218,433,433,461,477,477,477,497,515,260,260,260,356,356,370,31,31,31,31,58,58,75,75,102,102,131,144,161,161,161],"floor_reached":51,"language":"ENG","playtime":5315,"items_purged":[],"score":1000,"play_id":"e0d43528-9fbc-41f6-8dfe-5f5ed55fff2a","local_time":"20210129175712","is_ascension_mode":true,"campfire_choices":[{"floor":7,"key":"REST"},{"data":"Leg Sweep","floor":15,"key":"SMITH"},{"floor":23,"key":"REST"},{"floor":32,"key":"RECALL"},{"floor":41,"key":"REST"},{"floor":45,"key":"REST"},{"floor":49,"key":"REST"}],"circlet_count":0,"master_deck":["Defend_G","Defend_G","Defend_G","Defend_G","Defend_G","Survivor","Neutralize","PiercingWail","Poisoned Stab","Masterful Stab","Dagger Spray","PiercingWail","Leg Sweep+1","Sucker Punch","Flying Knee","Blur","Glass Knife","Backflip","Well Laid Plans+1","Backstab","Poisoned Stab","Bite","Bite","Bite","Bite","Bouncing Flask","Infinite Blades+1","Noxious Fumes","Malaise","Leg Sweep","Wraith Form v2","Poisoned Stab+1","Catalyst","Acrobatics","Master of Strategy","Catalyst","Dash","Noxious Fumes","Prepared+1","Catalyst+1"],"relics":["SacredBark","HornCleat","Singing Bowl","White Beast Statue","Regal Pillow","Fusion Hammer","Toolbox","Old Coin","Oddly Smooth Stone","Matryoshka","Membership Card","HoveringKite","Paper Crane","Happy Flower","The Specimen","MealTicket","Pear","Ornamental Fan","Blue Candle"],"acts_visited":["Exordium","TheCity","TheBeyond"],"potions_floor_usage":[11,16,16,18,24,24,25,33,33,33,40,40,44,46,47,47,47,50],"damage_taken":[{"damage":0,"enemies":"2 Louse","floor":1,"turns":3},{"damage":6,"enemies":"Cultist","floor":2,"turns":6},{"damage":46,"enemies":"Lagavulin","floor":6,"turns":11},{"damage":1,"enemies":"Jaw Worm","floor":8,"turns":3},{"damage":0,"enemies":"3 Louse","floor":11,"turns":3},{"damage":6,"enemies":"3 Sentries","floor":13,"turns":8},{"damage":4,"enemies":"Large Slime","floor":14,"turns":5},{"damage":5,"enemies":"The Guardian","floor":16,"turns":21},{"damage":0,"enemies":"2 Thieves","floor":18,"turns":4},{"damage":5,"enemies":"Shell Parasite","floor":19,"turns":8},{"damage":3,"enemies":"Centurion and Healer","floor":21,"turns":8},{"damage":13,"enemies":"Slavers","floor":24,"turns":4},{"damage":6,"enemies":"3 Cultists","floor":25,"turns":6},{"damage":3,"enemies":"Sentry and Sphere","floor":28,"turns":6},{"damage":0,"enemies":"Snake Plant","floor":29,"turns":3},{"damage":19,"enemies":"Champ","floor":33,"turns":10},{"damage":14,"enemies":"Orb Walker","floor":35,"turns":5},{"damage":19,"enemies":"Nemesis","floor":40,"turns":11},{"damage":8,"enemies":"3 Shapes","floor":42,"turns":5},{"damage":9,"enemies":"Reptomancer","floor":44,"turns":7},{"damage":27,"enemies":"Nemesis","floor":46,"turns":9},{"damage":4,"enemies":"Sphere and 2 Shapes","floor":47,"turns":5},{"damage":9,"enemies":"3 Darklings","floor":48,"turns":6},{"damage":43,"enemies":"Time Eater","floor":50,"turns":6}],"seed_played":"-8629106150710361763","potions_obtained":[{"floor":8,"key":"SpeedPotion"},{"floor":13,"key":"Dexterity Potion"},{"floor":14,"key":"Dexterity Potion"},{"floor":16,"key":"LiquidMemories"},{"floor":18,"key":"Fire Potion"},{"floor":19,"key":"Strength Potion"},{"floor":21,"key":"ColorlessPotion"},{"floor":24,"key":"Energy Potion"},{"floor":25,"key":"Dexterity Potion"},{"floor":28,"key":"AttackPotion"},{"floor":29,"key":"EssenceOfSteel"},{"floor":33,"key":"ColorlessPotion"},{"floor":35,"key":"Weak Potion"},{"floor":40,"key":"Energy Potion"},{"floor":42,"key":"AttackPotion"},{"floor":44,"key":"SpeedPotion"},{"floor":46,"key":"Explosive Potion"},{"floor":47,"key":"SpeedPotion"},{"floor":48,"key":"PowerPotion"}],"is_trial":false,"path_per_floor":["M","M","?","$","?","E","R","M","T","?","M","T","E","M","R","B",null,"M","M","$","M","?","R","E","M","T","?","M","M","$","?","R","B",null,"M","$","?","?","?","E","R","M","T","E","R","E","M","M","R","B",null],"character_chosen":"THE_SILENT","items_purchased":["Masterful Stab","Dagger Spray","Backflip","Toolbox","Membership Card","Noxious Fumes","Malaise","Paper Crane","Happy Flower","Catalyst","GhostInAJar","Acrobatics","EssenceOfSteel"],"campfire_rested":5,"item_purchase_floors":[4,4,20,20,30,30,30,36,36,36,36,36,36],"current_hp_per_floor":[70,64,57,57,57,11,32,31,31,31,31,31,25,21,21,16,57,59,56,56,53,53,74,61,55,55,51,51,51,51,51,51,34,47,39,39,36,36,36,31,50,44,54,51,60,41,43,36,62,23],"gold":161,"neow_bonus":"BOSS_RELIC","is_daily":false,"chose_seed":false,"campfire_upgraded":1,"win_rate":0.0,"timestamp":1611939432,"path_taken":["M","M","?","?","?","E","R","M","T","?","M","?","E","M","R","BOSS","M","?","$","M","?","R","E","M","T","?","M","M","$","?","R","BOSS","M","$","?","?","?","E","R","M","T","E","R","E","M","M","R","BOSS"],"items_purchased_type":["Card","Card","Card","Relic","Relic","Card","Card","Relic","Relic","Card","Potion","Card","Potion"],"build_version":"2020-12-22","purchased_purges":0,"victory":true,"max_hp_per_floor":[70,70,70,70,70,70,70,70,70,70,70,70,70,70,70,70,70,72,74,74,74,74,74,74,74,74,51,51,51,51,51,51,51,51,51,51,53,53,50,50,50,50,60,60,60,62,62,62,62,62],"relic_stats":{"Regal Pillow":12,"Singing Bowl":8,"Happy Flower":[16],"counters":[24,163],"Ornamental Fan":[40],"Blue Candle":[0],"HoveringKite":[12],"MealTicket":0,"obtain_stats":[{"Regal Pillow":13,"Pear":43,"Singing Bowl":9,"Happy Flower":36,"The Specimen":40,"SacredBark":0,"Blue Candle":46,"Oddly Smooth Stone":24,"HoveringKite":34,"Paper Crane":36,"White Beast Statue":12,"Old Coin":22,"HornCleat":6,"Matryoshka":26,"Ornamental Fan":44,"Toolbox":20,"MealTicket":43,"Fusion Hammer":17,"Membership Card":30,"Ring of the Snake":0},{"Regal Pillow":6,"Pear":19,"Singing Bowl":4,"Happy Flower":17,"The Specimen":18,"SacredBark":0,"Blue Candle":21,"Oddly Smooth Stone":12,"HoveringKite":16,"Paper Crane":17,"White Beast Statue":5,"Old Coin":11,"HornCleat":3,"Matryoshka":13,"Ornamental Fan":20,"Toolbox":10,"MealTicket":19,"Fusion Hammer":8,"Membership Card":15,"Ring of the Snake":0},{"Regal Pillow":34,"Pear":130,"Singing Bowl":23,"Happy Flower":114,"The Specimen":125,"SacredBark":0,"Blue Candle":146,"Oddly Smooth Stone":84,"HoveringKite":109,"Paper Crane":114,"White Beast Statue":26,"Old Coin":80,"HornCleat":20,"Matryoshka":90,"Ornamental Fan":137,"Toolbox":72,"MealTicket":130,"Fusion Hammer":60,"Membership Card":99,"Ring of the Snake":0}]},"card_choices":[{"not_picked":["Calculated Gamble","Prepared"],"picked":"PiercingWail","floor":1},{"not_picked":["Deadly Poison","PiercingWail"],"picked":"Poisoned Stab","floor":2},{"not_picked":["Endless Agony","Quick Slash"],"picked":"PiercingWail","floor":6},{"not_picked":["Infinite Blades","Dagger Spray"],"picked":"Leg Sweep","floor":8},{"not_picked":["Bane","Dagger Throw"],"picked":"Sucker Punch","floor":11},{"not_picked":["Choke","Deadly Poison"],"picked":"Flying Knee","floor":13},{"not_picked":["Calculated Gamble","Acrobatics"],"picked":"Blur","floor":14},{"not_picked":["Unload","Doppelganger"],"picked":"Glass Knife","floor":16},{"not_picked":["Underhanded Strike","Sucker Punch","Outmaneuver"],"picked":"Singing Bowl","floor":18},{"not_picked":["Setup","Eviscerate+1","Escape Plan"],"picked":"Singing Bowl","floor":19},{"not_picked":["Slice+1","Endless Agony"],"picked":"Well Laid Plans+1","floor":21},{"not_picked":["Flying Knee","Setup"],"picked":"Backstab","floor":24},{"not_picked":["Expertise","Bane"],"picked":"Poisoned Stab","floor":25},{"not_picked":["Deadly Poison","Quick Slash"],"picked":"Bouncing Flask","floor":28},{"not_picked":["Well Laid Plans","Distraction"],"picked":"Infinite Blades+1","floor":29},{"not_picked":["Unload","Night Terror"],"picked":"Wraith Form v2","floor":33},{"not_picked":["Tactician","Cloak And Dagger"],"picked":"Poisoned Stab+1","floor":35},{"not_picked":["Transmutation","Mayhem","The Bomb"],"picked":"Singing Bowl","floor":37},{"not_picked":["Dramatic Entrance","Sadistic Nature"],"picked":"Master of Strategy","floor":37},{"not_picked":["Deadly Poison+1","PiercingWail+1"],"picked":"Catalyst","floor":40},{"not_picked":["Backflip+1","Dagger Throw"],"picked":"Dash","floor":42},{"not_picked":["Cloak And Dagger+1","Doppelganger"],"picked":"Noxious Fumes","floor":44},{"not_picked":["Eviscerate","Dagger Spray+1","Distraction"],"picked":"Singing Bowl","floor":46},{"not_picked":["Reflex+1","Expertise"],"picked":"Prepared+1","floor":47},{"not_picked":["Acrobatics","Deadly Poison+1"],"picked":"Catalyst+1","floor":48}],"player_experience":177462,"relics_obtained":[{"floor":6,"key":"HornCleat"},{"floor":9,"key":"Singing Bowl"},{"floor":12,"key":"White Beast Statue"},{"floor":13,"key":"Regal Pillow"},{"floor":24,"key":"Oddly Smooth Stone"},{"floor":26,"key":"Matryoshka"},{"floor":40,"key":"The Specimen"},{"floor":43,"key":"MealTicket"},{"floor":43,"key":"Pear"},{"floor":44,"key":"Ornamental Fan"},{"floor":46,"key":"Blue Candle"}],"event_choices":[{"damage_healed":0,"gold_gain":0,"player_choice":"Damaged","damage_taken":7,"max_hp_gain":0,"max_hp_loss":0,"event_name":"Wheel of Change","floor":3,"gold_loss":0},{"damage_healed":0,"gold_gain":72,"player_choice":"Gained Gold","damage_taken":0,"max_hp_gain":0,"max_hp_loss":0,"event_name":"Golden Wing","floor":5,"gold_loss":0},{"damage_healed":0,"gold_gain":0,"player_choice":"Ignored","damage_taken":0,"max_hp_gain":0,"max_hp_loss":0,"event_name":"Liars Game","floor":10,"gold_loss":0},{"damage_healed":0,"gold_gain":0,"player_choice":"Obtained Relic","damage_taken":0,"relics_obtained":["Old Coin"],"max_hp_gain":0,"max_hp_loss":0,"event_name":"Addict","floor":22,"gold_loss":85},{"damage_healed":0,"gold_gain":0,"player_choice":"Became a vampire","damage_taken":0,"max_hp_gain":0,"max_hp_loss":23,"event_name":"Vampires","floor":27,"gold_loss":0,"cards_obtained":["Bite","Bite","Bite","Bite","Bite"]},{"damage_healed":0,"gold_gain":0,"player_choice":"Read","damage_taken":0,"max_hp_gain":0,"max_hp_loss":0,"event_name":"The Library","floor":31,"gold_loss":0,"cards_obtained":["Leg Sweep"]},{"damage_healed":0,"gold_gain":0,"player_choice":"Memory 2","damage_taken":5,"max_hp_gain":0,"max_hp_loss":0,"event_name":"SensoryStone","floor":37,"gold_loss":0},{"cards_removed":["Bite"],"damage_healed":0,"gold_gain":0,"player_choice":"Removed Attack","damage_taken":0,"max_hp_gain":0,"max_hp_loss":0,"event_name":"Falling","floor":38,"gold_loss":0},{"damage_healed":0,"gold_gain":0,"player_choice":"Max HP","damage_taken":0,"max_hp_gain":0,"max_hp_loss":3,"event_name":"Winding Halls","floor":39,"gold_loss":0}],"is_beta":false,"boss_relics":[{"not_picked":["Philosopher\u0027s Stone","Sozu"],"picked":"Fusion Hammer"},{"not_picked":["Pandora\u0027s Box","Black Star"],"picked":"HoveringKite"}],"items_purged_floors":[],"is_endless":false,"potions_floor_spawned":[8,13,14,16,18,19,21,24,25,28,29,33,35,40,42,44,46,47,48],"ascension_level":5}}