{"host":"dn6kke80v5f7isus","time":1611894409,"event":{"mods":["AchievementEnabler","Act Like it!","BaseMod","Colored Powertips","Custom Start","Defuse TimeMaze Blight","Duelist Mod","Gremlin Skip","Highlight Path","Hubris","Infinite Spire","Minty Spire (QoL Compilation)","Rare Cards Sparkle","Replay The Spire","StSLib","Uncapped"],"gold_per_floor":[138,138,155,166,91,91,124,124,149,149,149,189,189,216,216,322,322,351,374,387,387,40,40,69,89,168,168,168,184,193,223,223,321,321,336,386,405,405,405,405],"floor_reached":39,"language":"ENG","playtime":1310,"items_purged":["theDuelist:Sparks","theDuelist:Sparks"],"score":606,"play_id":"efeb0415-8ab3-4fce-8f63-2a754f38b13f","local_time":"20210128232649","is_ascension_mode":true,"campfire_choices":[{"data":"theDuelist:ArchfiendInterceptor","floor":6,"key":"SMITH"},{"data":"theDuelist:FiendMegacyber","floor":8,"key":"SMITH"},{"data":"theDuelist:BerserkerCrush","floor":11,"key":"SMITH"},{"data":"theDuelist:BerserkerCrush+1","floor":13,"key":"SMITH"},{"data":"theDuelist:Lajinn","floor":15,"key":"SMITH"},{"data":"theDuelist:BerserkerCrush+2","floor":23,"key":"SMITH"},{"data":"theDuelist:BerserkerCrush+3","floor":32,"key":"SMITH"}],"circlet_count":0,"master_deck":["theDuelist:RedMirror+1","theDuelist:FiendMegacyber+1","theDuelist:ArchfiendSoldier","theDuelist:ArchfiendInterceptor+1","theDuelist:ArchfiendSoldier","theDuelist:Lajinn+1","theDuelist:SummonedSkull+1","theDuelist:BerserkerCrush+4","theDuelist:GracefulCharity","theDuelist:PutridPudding","theDuelist:ArchfiendSoldier","theDuelist:CastleWalls","theDuelist:CastleWalls","theDuelist:GracefulCharity","theDuelist:RainbowOverdragon"],"relics":["theDuelist:MillenniumPuzzle","theDuelist:CardPoolRelic","theDuelist:CardPoolBasicRelic","theDuelist:BoosterPackPoolRelic","theDuelist:CardPoolAddRelic","theDuelist:CardPoolMinusRelic","theDuelist:CardPoolSaveRelic","theDuelist:CardPoolOptionsRelic","hubris:Reverence","Omamori","CeramicFish","SacredBark","hubris:BottledHeart","infinitespire:Bottled Soul","Potion Belt","Cables","theDuelist:MillenniumPeriapt","Art of War","PreservedInsect","hubris:TerracottaHorce","Durian","Magic Flower","theDuelist:SpellMaxHPRelic","theDuelist:MetronomeRelicB"],"acts_visited":["Exordium","TheCity","TheBeyond"],"potions_floor_usage":[1,3,7,12,16,16,19,19,29,33,33,36,37],"damage_taken":[{"damage":0,"enemies":"2 Louse","floor":1,"turns":1},{"damage":0,"enemies":"Cultist","floor":3,"turns":1},{"damage":0,"enemies":"Jaw Worm","floor":4,"turns":2},{"damage":0,"enemies":"Lagavulin","floor":7,"turns":5},{"damage":0,"enemies":"Gremlin Nob","floor":12,"turns":3},{"damage":10,"enemies":"Lots of Slimes","floor":14,"turns":3},{"damage":11,"enemies":"Hexaghost","floor":16,"turns":8},{"damage":0,"enemies":"Chosen","floor":18,"turns":3},{"damage":6,"enemies":"Shell Parasite","floor":19,"turns":2},{"damage":6,"enemies":"Cultist and Chosen","floor":20,"turns":3},{"damage":0,"enemies":"Slavers","floor":24,"turns":4},{"damage":0,"enemies":"Sentry and Sphere","floor":25,"turns":4},{"damage":0,"enemies":"3 Cultists","floor":29,"turns":3},{"damage":0,"enemies":"Nightmare","floor":31,"turns":1},{"damage":0,"enemies":"Automaton","floor":33,"turns":5},{"damage":0,"enemies":"3 Shapes","floor":35,"turns":2},{"damage":0,"enemies":"3 Shapes","floor":36,"turns":7},{"damage":0,"enemies":"3 Darklings","floor":37,"turns":4}],"seed_played":"4502594873256014395","potions_obtained":[{"floor":0,"key":"theDuelist:MegaupgradePotion"},{"floor":0,"key":"theDuelist:IcePotion"},{"floor":0,"key":"theDuelist:FusionPotion"},{"floor":3,"key":"theDuelist:TokenPotion"},{"floor":7,"key":"SkillPotion"},{"floor":14,"key":"theDuelist:ElectricBrew"},{"floor":16,"key":"Explosive Potion"},{"floor":18,"key":"theDuelist:CoolBottle"},{"floor":20,"key":"Dexterity Potion"},{"floor":25,"key":"theDuelist:BurningPotion"},{"floor":29,"key":"Fire Potion"},{"floor":35,"key":"theDuelist:ExtraOrbsBottle"},{"floor":36,"key":"theDuelist:ElectricBrew"}],"is_trial":false,"path_per_floor":["M","?","M","M","$","R","E","R","T","?","R","E","R","M","R","B",null,"M","M","M","?","$","R","E","M","T","?","T","M","?","NM","R","B",null,"M","?","M","?","?"],"character_chosen":"THE_DUELIST","items_purchased":["infinitespire:Bottled Soul"],"campfire_rested":0,"item_purchase_floors":[22],"current_hp_per_floor":[80,80,80,80,80,80,80,80,80,80,80,80,80,70,70,61,82,82,76,70,1,1,1,1,1,1,1,1,1,1,1,1,1,1,1,1,1,1,0,0],"gold":405,"neow_bonus":"THREE_SMALL_POTIONS","is_daily":false,"chose_seed":false,"campfire_upgraded":7,"win_rate":0.0,"timestamp":1611894409,"path_taken":["M","?","M","?","$","R","E","R","T","?","R","E","R","M","R","BOSS","M","?","M","?","$","R","E","M","T","?","?","M","?","NM","R","BOSS","M","?","M","?","?"],"items_purchased_type":["Relic"],"build_version":"2020-12-22","purchased_purges":2,"victory":false,"max_hp_per_floor":[80,80,80,80,80,80,80,80,80,80,80,80,80,80,80,82,82,82,82,82,1,1,1,1,1,1,1,1,1,1,1,1,1,1,1,1,1,1,1,1],"card_choices":[{"not_picked":["theDuelist:BigFire","theDuelist:Fissure","theDuelist:HammerShot","theDuelist:Mudora","theDuelist:GauntletWarrior"],"picked":"SKIP","floor":1},{"not_picked":["theDuelist:BeastTalwar","theDuelist:FlyingSaucer","theDuelist:KingYami","theDuelist:CheerfulCoffin"],"picked":"theDuelist:ArchfiendInterceptor","floor":3},{"not_picked":["theDuelist:ArchfiendSoldier","theDuelist:FlyingSaucer","theDuelist:GiantOrc","theDuelist:DarklordMarie"],"picked":"theDuelist:BerserkerCrush","floor":4},{"not_picked":["theDuelist:DarkTinker","theDuelist:GiantOrc","theDuelist:DrivenDaredevil","theDuelist:TerraTerrible","theDuelist:Relinkuriboh"],"picked":"SKIP","floor":7},{"not_picked":["theDuelist:DoomDonuts+1","theDuelist:DarknessNeosphere+1","theDuelist:Doomdog+1","theDuelist:CallGrave+1"],"picked":"theDuelist:RedMirror+1","floor":12},{"not_picked":["theDuelist:Relinkuriboh","theDuelist:PortraitSecret","theDuelist:UmbralHorrorUniform","theDuelist:CosmicHorrorGangiel"],"picked":"theDuelist:Lajinn","floor":14},{"not_picked":["theDuelist:FeatherShot","theDuelist:ArchfiendGeneral","theDuelist:ArchfiendCommander","theDuelist:CallGrave"],"picked":"theDuelist:PutridPudding","floor":16},{"not_picked":["theDuelist:DarkHunter+1","theDuelist:CheerfulCoffin","theDuelist:PortraitSecret","theDuelist:PutridPudding"],"picked":"theDuelist:GracefulCharity","floor":18},{"not_picked":["theDuelist:FeatherPho","theDuelist:GilfordLegend","theDuelist:ForbiddenChalice+1","theDuelist:WormBarses"],"picked":"theDuelist:RainbowOverdragon","floor":19},{"not_picked":["theDuelist:Hinotama","theDuelist:FutureFusion","theDuelist:DestroyerGolem","theDuelist:StrayLambs","theDuelist:PowerGiant+1"],"picked":"SKIP","floor":20},{"not_picked":["theDuelist:DoomDonuts","theDuelist:DarknessNeosphere","theDuelist:RedMirror+1","theDuelist:Doomdog","theDuelist:CallGrave"],"picked":"SKIP","floor":24},{"not_picked":["theDuelist:BerserkerCrush","theDuelist:DarkEnergy+1","theDuelist:CheerfulCoffin+1","theDuelist:PotDuality"],"picked":"theDuelist:GracefulCharity","floor":25},{"not_picked":["theDuelist:CosmicHorrorGangiel","theDuelist:Tierra+1","theDuelist:SkullArchfiend"],"picked":"SKIP","floor":29},{"not_picked":["infinitespire:Punishment","ReplayTheSpireMod:Black Plague"],"picked":"infinitespire:SealOfDarkness+","floor":30},{"not_picked":["theDuelist:BigFire","theDuelist:EarthEffigy+1","theDuelist:DarkCreator","theDuelist:CatapultZone","theDuelist:SphereKuriboh"],"picked":"SKIP","floor":31},{"not_picked":["theDuelist:FiendSkull","theDuelist:AlienTelepath","theDuelist:VanityFiend","theDuelist:Doomdog","theDuelist:DarkMasterZorc+1"],"picked":"SKIP","floor":35},{"not_picked":["theDuelist:Mudora","theDuelist:BigEye+1","theDuelist:GreenGraveOni","theDuelist:CatapultZone+1","theDuelist:BlueBloodedOni"],"picked":"SKIP","floor":37}],"player_experience":599561,"relics_obtained":[{"floor":7,"key":"hubris:Reverence"},{"floor":9,"key":"Omamori"},{"floor":12,"key":"CeramicFish"},{"floor":24,"key":"Potion Belt"},{"floor":26,"key":"Cables"},{"floor":28,"key":"Art of War"},{"floor":31,"key":"PreservedInsect"},{"floor":36,"key":"Durian"},{"floor":36,"key":"Magic Flower"},{"floor":36,"key":"theDuelist:SpellMaxHPRelic"}],"event_choices":[{"damage_healed":0,"gold_gain":0,"player_choice":"Upgraded","damage_taken":0,"max_hp_gain":0,"max_hp_loss":0,"event_name":"Upgrade Shrine","floor":2,"gold_loss":0,"cards_upgraded":["theDuelist:SummonedSkull"]},{"cards_removed":["theDuelist:CastleWalls"],"damage_healed":0,"gold_gain":0,"player_choice":"Offered Basic","damage_taken":0,"max_hp_gain":0,"max_hp_loss":0,"event_name":"Bonfire Elementals","floor":10,"gold_loss":0},{"damage_healed":0,"gold_gain":0,"player_choice":"Took item - Received: Millennium Periapt","duelist":true,"damage_taken":0,"max_hp_gain":0,"max_hp_loss":0,"event_name":"Millennium Items","floor":27,"gold_loss":0},{"damage_healed":0,"gold_gain":0,"player_choice":"Fight","duelist":true,"damage_taken":0,"max_hp_gain":0,"max_hp_loss":0,"event_name":"Battle City","floor":36,"gold_loss":0}],"is_beta":false,"boss_relics":[{"not_picked":["ReplayTheSpireMod:DimensionalGlitch","Black Star"],"picked":"SacredBark"},{"not_picked":["Replay:Ancient Bell","ReplayTheSpireMod:SealedPack"],"picked":"hubris:TerracottaHorce"}],"items_purged_floors":[5,22],"is_endless":true,"potions_floor_spawned":[3,7,14,16,18,20,25,29,35,36],"ascension_level":1}}