{"host":"bx8ylsmj2ob6hd5u","time":1611945571,"event":{"mods":["AchievementEnabler","Act Like it!","Aspiration","BaseMod","Colored Map","Downfall","Duelist Mod","Friendly Minions","Gensokyo","GifTheSpireLib","Hallownest","Hermit","HololiveMod","Hubris","Infinite Spire","Jorbs\u0027s Wanderer Trilogy","KinomotoSakuraMod(????)","Kiyohime????","Koishi","KomeijiMod","Lobotomy","LobotomyExtend","Marisa????????","Minty Spire (QoL Compilation)","Prisma Mod","Rare Cards Sparkle","Reimu??????","Remilia??????","Replay The Spire","StSLib","Td1madao Mod","The Administrix","The Animator","The Bug Knight","The Construct","The Cursed","The Disciple","The Hierophant","The Necromancer","The Poker Player","The Runesmith","The Senshi","The Servant 0.9.4","WarShipGirlsR/????R mod"],"gold_per_floor":[109,120,135,148,148,5,5,25,25,35,51,51,51,66,66,66,66],"floor_reached":16,"language":"ENG","playtime":1329,"items_purged":[],"score":96,"play_id":"371657c7-cb9e-4736-9107-3b9c8f51a214","local_time":"20210129203931","is_ascension_mode":false,"campfire_choices":[{"floor":7,"key":"REST"},{"data":"HagoromoKu","floor":12,"key":"SMITH"},{"data":"Dash_Komeiji","floor":15,"key":"SMITH"}],"circlet_count":0,"master_deck":["Strike_Komeiji","Strike_Komeiji","Strike_Komeiji","Strike_Komeiji+1","Defend_Komeiji","Defend_Komeiji","Defend_Komeiji+1","Defend_Komeiji","Dash_Komeiji+1","stsjorbsmod:Strike_Wanderer","hexamod:Strike","OoedoNingyou+1","NingyouSP+1","KeiseiJin+1","HagoromoKu+1","SeekerWire+1","RikonNoKama+1","NingyouKisou+1","Agarareta+1"],"relics":["KomeijisEye","SpellCardsRule","MusicBox","LetterFromLob","Membership Card","Tiny Chest"],"acts_visited":["Exordium"],"potions_floor_usage":[16],"damage_taken":[{"damage":2,"enemies":"2 Louse","floor":1,"turns":4},{"damage":10,"enemies":"Jaw Worm","floor":2,"turns":4},{"damage":9,"enemies":"Cultist","floor":3,"turns":5},{"damage":14,"enemies":"Exordium Thugs","floor":4,"turns":7},{"damage":0,"enemies":"Exordium Wildlife","floor":8,"turns":5},{"damage":0,"enemies":"Looter","floor":10,"turns":5},{"damage":7,"enemies":"Large Slime","floor":11,"turns":9},{"damage":0,"enemies":"Exordium Wildlife","floor":14,"turns":3},{"damage":50,"enemies":"Hexaghost","floor":16,"turns":13}],"seed_played":"4575543434908770182","potions_obtained":[{"floor":8,"key":"Milkshake"},{"floor":10,"key":"Cursed Concoction"}],"is_trial":false,"path_per_floor":["M","M","M","M","M","$","R","M","T","M","M","R","?","M","R","B"],"character_chosen":"KomeijiSatori","items_purchased":["Membership Card"],"campfire_rested":1,"item_purchase_floors":[6],"current_hp_per_floor":[58,48,39,25,25,25,43,51,51,51,49,49,37,37,37,0,0],"gold":66,"neow_bonus":"TWENTY_PERCENT_HP_BONUS","is_daily":false,"chose_seed":false,"campfire_upgraded":2,"win_rate":0.0,"timestamp":1611945571,"path_taken":["M","M","M","M","M","$","R","M","T","M","M","R","?","M","R","BOSS"],"items_purchased_type":["Relic"],"build_version":"2020-12-22","purchased_purges":0,"victory":false,"max_hp_per_floor":[60,60,60,60,60,60,60,60,60,60,60,60,60,60,60,60,60],"card_choices":[{"not_picked":["NingyouSP+1","Mishyaguji+1"],"picked":"OoedoNingyou+1","floor":1},{"not_picked":["DemonLordCradle","Melting"],"picked":"NingyouSP+1","floor":2},{"not_picked":["JyouchiJin+1","Mishyaguji+1"],"picked":"KeiseiJin+1","floor":3},{"not_picked":["Sabishigari+1","HagoromoMizu"],"picked":"HagoromoKu","floor":4},{"not_picked":["NarrowSpark","Melting"],"picked":"SeekerWire+1","floor":8},{"not_picked":["DochyakuKami+1","KimairaNoYoku"],"picked":"RikonNoKama+1","floor":10},{"not_picked":["GroundStardust+1","MunenMusou"],"picked":"NingyouKisou+1","floor":11},{"not_picked":["NingyouShinki+1","Sabishigari+1"],"picked":"Agarareta+1","floor":14}],"player_experience":1509805,"relics_obtained":[{"floor":1,"key":"LetterFromLob"},{"floor":9,"key":"Tiny Chest"}],"event_choices":[{"damage_healed":0,"gold_gain":0,"player_choice":"Entered Light","damage_taken":12,"max_hp_gain":0,"max_hp_loss":0,"event_name":"Shining Light","floor":13,"gold_loss":0,"cards_upgraded":["Defend_Komeiji","Strike_Komeiji"]}],"is_beta":false,"boss_relics":[],"items_purged_floors":[],"is_endless":false,"potions_floor_spawned":[8,10],"killed_by":"Hexaghost","ascension_level":0}}