{"host":"qc8p2flj7wsy3zpg","time":1611948606,"event":{"mods":["BaseMod","Highlight Path","Minty Spire (QoL Compilation)","Monster List Patch","Relic Stats","StSLib"],"gold_per_floor":[115,131,149,66,66,66,86,120,120,120,149,149,167,197,197,271,271,291,341,358,358,377,711,711,724,724,724,744,694,714,82,82,159,159,178,191,205,223,223,223,223],"floor_reached":40,"language":"ENG","playtime":1478,"items_purged":["Strike_G"],"score":956,"play_id":"87e6a2a5-8a1f-45f0-a56c-7d0ffded2df1","local_time":"20210129133006","is_ascension_mode":true,"campfire_choices":[{"data":"Neutralize","floor":6.0,"key":"SMITH"},{"data":"Accuracy","floor":10.0,"key":"SMITH"},{"floor":12.0,"key":"REST"},{"data":"Cloak And Dagger","floor":15.0,"key":"SMITH"},{"floor":24.0,"key":"REST"},{"floor":27.0,"key":"REST"},{"floor":32.0,"key":"REST"}],"circlet_count":0,"master_deck":["AscendersBane","Strike_G","Strike_G","Defend_G","Defend_G","Defend_G","Defend_G","Defend_G","Survivor","Neutralize+1","All Out Attack","Blade Dance","Flying Knee","Die Die Die","Accuracy+1","Backstab","Infinite Blades","Dagger Spray","Cloak And Dagger+1","After Image","Cloak And Dagger+1","Caltrops","Decay","Acrobatics","Predator+1","Noxious Fumes","Corpse Explosion","Crippling Poison","Glass Knife","Deadly Poison+1","Flechettes+1","Deflect","PiercingWail"],"relics":["Ring of the Snake","Blue Candle","Odd Mushroom","Shuriken","Paper Crane","Du-Vu Doll","Centennial Puzzle","Empty Cage","Old Coin","Omamori","TungstenRod","Runic Pyramid"],"acts_visited":["Exordium","TheCity","TheBeyond"],"potions_floor_usage":[37,40,40],"damage_taken":[{"damage":2.0,"enemies":"Small Slimes","floor":1.0,"turns":6.0},{"damage":0.0,"enemies":"2 Louse","floor":2.0,"turns":2.0},{"damage":0.0,"enemies":"Cultist","floor":3.0,"turns":3.0},{"damage":0.0,"enemies":"The Mushroom Lair","floor":7.0,"turns":3.0},{"damage":15.0,"enemies":"3 Sentries","floor":8.0,"turns":4.0},{"damage":9.0,"enemies":"Lagavulin","floor":11.0,"turns":5.0},{"damage":0.0,"enemies":"Exordium Wildlife","floor":13.0,"turns":2.0},{"damage":0.0,"enemies":"Gremlin Nob","floor":14.0,"turns":3.0},{"damage":14.0,"enemies":"Hexaghost","floor":16.0,"turns":7.0},{"damage":13.0,"enemies":"Spheric Guardian","floor":18.0,"turns":4.0},{"damage":6.0,"enemies":"3 Byrds","floor":20.0,"turns":3.0},{"damage":9.0,"enemies":"Sentry and Sphere","floor":22.0,"turns":3.0},{"damage":20.0,"enemies":"Book of Stabbing","floor":23.0,"turns":5.0},{"damage":0.0,"enemies":"Cultist and Chosen","floor":25.0,"turns":3.0},{"damage":1.0,"enemies":"Snecko","floor":28.0,"turns":3.0},{"damage":3.0,"enemies":"Sentry and Sphere","floor":30.0,"turns":3.0},{"damage":21.0,"enemies":"Automaton","floor":33.0,"turns":6.0},{"damage":24,"enemies":"3 Darklings","floor":35,"turns":3},{"damage":5,"enemies":"Orb Walker","floor":36,"turns":3},{"damage":5,"enemies":"Transient","floor":37,"turns":6},{"damage":2,"enemies":"Sphere and 2 Shapes","floor":38,"turns":5},{"damage":66,"enemies":"Giant Head","floor":40,"turns":6}],"seed_played":"-2336884471307236404","potions_obtained":[{"floor":2.0,"key":"Strength Potion"},{"floor":3.0,"key":"CultistPotion"},{"floor":13.0,"key":"SteroidPotion"},{"floor":28.0,"key":"DuplicationPotion"},{"floor":35,"key":"CunningPotion"},{"floor":36,"key":"Poison Potion"},{"floor":37,"key":"CultistPotion"}],"is_trial":false,"path_per_floor":["M","M","M","$","?","R","?","E","T","R","E","R","M","E","R","B",null,"M","?","M","?","M","E","R","M","T","R","M","?","M","$","R","B",null,"M","M","M","M","?","E"],"character_chosen":"THE_SILENT","items_purchased":["Die Die Die","TungstenRod","Corpse Explosion","Crippling Poison"],"campfire_rested":4,"item_purchase_floors":[4,31,31,31],"current_hp_per_floor":[63,63,63,63,45,45,45,30,30,30,21,42,42,42,42,28,61,48,48,42,42,33,13,34,34,34,55,54,54,51,51,72,51,67,43,38,33,31,31,0,0],"gold":223,"neow_bonus":"TEN_PERCENT_HP_BONUS","is_daily":false,"chose_seed":false,"campfire_upgraded":3,"win_rate":0.0,"timestamp":1611948606,"path_taken":["M","M","M","$","?","R","?","E","T","R","E","R","M","E","R","BOSS","M","?","?","?","M","E","R","M","T","R","M","?","M","$","R","BOSS","M","M","?","M","?","E"],"items_purchased_type":["Card","Relic","Card","Card"],"build_version":"2020-12-22","purchased_purges":1,"victory":false,"max_hp_per_floor":[72,72,72,72,72,72,72,72,72,72,72,72,72,72,72,72,72,72,72,72,72,72,72,72,72,72,72,72,72,72,72,72,72,72,72,72,72,72,72,72,72],"relic_stats":{"Centennial Puzzle":[39],"counters":[22,88],"Shuriken":[52],"Blue Candle":[9],"obtain_stats":[{"Du-Vu Doll":11,"Centennial Puzzle":14,"Shuriken":8,"Blue Candle":5,"Omamori":26,"Odd Mushroom":7,"Paper Crane":9,"Empty Cage":17,"TungstenRod":31,"Ring of the Snake":0,"Old Coin":23,"Runic Pyramid":34},{"Du-Vu Doll":6,"Centennial Puzzle":8,"Shuriken":5,"Blue Candle":3,"Omamori":14,"Odd Mushroom":4,"Paper Crane":5,"Empty Cage":9,"TungstenRod":16,"Ring of the Snake":0,"Old Coin":13,"Runic Pyramid":17},{"Du-Vu Doll":23,"Centennial Puzzle":28,"Shuriken":18,"Blue Candle":11,"Omamori":53,"Odd Mushroom":14,"Paper Crane":18,"Empty Cage":35,"TungstenRod":59,"Ring of the Snake":0,"Old Coin":50,"Runic Pyramid":65}],"TungstenRod":25,"Ring of the Snake":[44]},"card_choices":[{"not_picked":["Deadly Poison","Dodge and Roll"],"picked":"All Out Attack","floor":1.0},{"not_picked":["Dagger Throw","Slice"],"picked":"Blade Dance","floor":2.0},{"not_picked":["Flechettes","Slice"],"picked":"Flying Knee","floor":3.0},{"not_picked":["Prepared","Deflect"],"picked":"Accuracy","floor":7.0},{"not_picked":["Outmaneuver","Backflip"],"picked":"Backstab","floor":8.0},{"not_picked":["Acrobatics","PiercingWail"],"picked":"Infinite Blades","floor":11.0},{"not_picked":["Dodge and Roll","Outmaneuver"],"picked":"Dagger Spray","floor":13.0},{"not_picked":["Phantasmal Killer","Flying Knee"],"picked":"Cloak And Dagger","floor":14.0},{"not_picked":["Die Die Die","Venomology"],"picked":"After Image","floor":16.0},{"not_picked":["Blur","Bane"],"picked":"Cloak And Dagger","floor":18.0},{"not_picked":["Quick Slash","Flying Knee+1"],"picked":"Caltrops","floor":20.0},{"not_picked":["Heel Hook","Dagger Throw"],"picked":"Acrobatics","floor":23.0},{"not_picked":["Poisoned Stab","Distraction"],"picked":"Predator+1","floor":25.0},{"not_picked":["Sucker Punch+1","Prepared"],"picked":"Noxious Fumes","floor":30.0},{"not_picked":["Tools of the Trade","Corpse Explosion"],"picked":"Glass Knife","floor":33.0},{"not_picked":["Poisoned Stab","Deflect"],"picked":"Deadly Poison+1","floor":35},{"not_picked":["PiercingWail","Expertise"],"picked":"Flechettes+1","floor":36},{"not_picked":["Skewer","Expertise+1"],"picked":"Deflect","floor":37},{"not_picked":["Cloak And Dagger","Sucker Punch"],"picked":"PiercingWail","floor":38}],"player_experience":2298370,"relics_obtained":[{"floor":7.0,"key":"Odd Mushroom"},{"floor":8.0,"key":"Shuriken"},{"floor":9.0,"key":"Paper Crane"},{"floor":11.0,"key":"Du-Vu Doll"},{"floor":14.0,"key":"Centennial Puzzle"},{"floor":23.0,"key":"Old Coin"},{"floor":26.0,"key":"Omamori"}],"event_choices":[{"damage_healed":0.0,"max_hp_gain":0.0,"max_hp_loss":0.0,"gold_gain":0.0,"event_name":"Scrap Ooze","player_choice":"Success","floor":5.0,"gold_loss":0.0,"damage_taken":18.0,"relics_obtained":["Blue Candle"]},{"damage_healed":0.0,"max_hp_gain":0.0,"max_hp_loss":0.0,"gold_gain":0.0,"event_name":"Mushrooms","player_choice":"Fought Mushrooms","floor":7.0,"gold_loss":0.0,"damage_taken":0.0},{"damage_healed":0.0,"max_hp_gain":0.0,"max_hp_loss":0.0,"gold_gain":50.0,"event_name":"Golden Shrine","player_choice":"Pray","floor":19.0,"gold_loss":0.0,"damage_taken":0.0},{"damage_healed":0.0,"max_hp_gain":0.0,"max_hp_loss":0.0,"gold_gain":0.0,"event_name":"Forgotten Altar","player_choice":"Smashed Altar","floor":21.0,"gold_loss":0.0,"damage_taken":0.0,"cards_obtained":["Decay"]},{"damage_healed":0.0,"max_hp_gain":0.0,"max_hp_loss":0.0,"gold_gain":0.0,"event_name":"Designer","player_choice":"Upgrade","floor":29.0,"gold_loss":50.0,"damage_taken":0.0,"cards_upgraded":["Cloak And Dagger"]},{"damage_healed":0,"gold_gain":0,"player_choice":"Memory 1","damage_taken":0,"max_hp_gain":0,"max_hp_loss":0,"event_name":"SensoryStone","floor":39,"gold_loss":0}],"is_beta":false,"boss_relics":[{"not_picked":["Ectoplasm","Velvet Choker"],"picked":"Empty Cage"},{"not_picked":["HoveringKite","Snecko Eye"],"picked":"Runic Pyramid"}],"items_purged_floors":[31],"is_endless":false,"potions_floor_spawned":[2,3,13,20,22,28,30,35,36,37],"killed_by":"Giant Head","ascension_level":20}}