{"host":"g07ql0oly65lqxqj","time":1611926730,"event":{"mods":["Act Like it!","BaseMod","Conspire","Gensokyo","Koishi","Lobotomy","Marisa£®ÏF”Í°°ƒß¿Ì…≥£©","Minty Spire (QoL Compilation)","StSLib","Synergy Search","The Blackbeard","The Hierophant"],"gold_per_floor":[110,60,60,76,89,89,120,120,145,145,156,156,167,167,167,268,268,279,34,34,44,56,56,56,56],"floor_reached":23,"language":"ZHS","playtime":815,"items_purged":[],"score":191,"play_id":"f4ec18d3-279f-4c02-9c04-3d9bc8d42f6e","local_time":"20210129212530","is_ascension_mode":false,"campfire_choices":[{"data":"blackbeard:MegaUpgrade","floor":6,"key":"SMITH"},{"data":"blackbeard:TheDrunkenSailor","floor":8,"key":"SMITH"},{"data":"blackbeard:Provisioning","floor":10,"key":"SMITH"},{"floor":15,"key":"REST"}],"circlet_count":0,"master_deck":["blackbeard:BlackbeardStrike","blackbeard:BlackbeardStrike","blackbeard:BlackbeardStrike","blackbeard:IntimidatingStrike","blackbeard:BlackbeardDefend","blackbeard:BlackbeardDefend","blackbeard:BlackbeardDefend","blackbeard:BlackbeardDefend","blackbeard:Cutlass","blackbeard:MegaUpgrade+1","blackbeard:Provisioning+1","blackbeard:BrownPants","blackbeard:TheDrunkenSailor+1","blackbeard:Dagger","blackbeard:Fencing","blackbeard:Halberd","blackbeard:DeadlyArsenal+1"],"relics":["blackbeard:LoadTheCannons","Dream Catcher","Anchor","Art of War","conspire:SlowCooker","Frozen Egg 2","CaptainsWheel"],"acts_visited":["Exordium","TheCity"],"potions_floor_usage":[5,5,7,7,7,11,13,13,16,16,16,16,18,21,21,22,22,22,23,23,23,23],"damage_taken":[{"damage":7,"enemies":"Small Slimes","floor":1,"turns":3},{"damage":10,"enemies":"2 Louse","floor":4,"turns":4},{"damage":0,"enemies":"Jaw Worm","floor":5,"turns":2},{"damage":6,"enemies":"Lagavulin","floor":7,"turns":5},{"damage":0,"enemies":"conspire:2 RoseBushes","floor":11,"turns":4},{"damage":0,"enemies":"3 Louse","floor":13,"turns":4},{"damage":9,"enemies":"Hexaghost","floor":16,"turns":5},{"damage":22,"enemies":"Spheric Guardian","floor":18,"turns":5},{"damage":2,"enemies":"Shell Parasite","floor":21,"turns":7},{"damage":48,"enemies":"Cultist and Chosen","floor":22,"turns":8},{"damage":53,"enemies":"Book of Stabbing","floor":23,"turns":8}],"seed_played":"2042986017348437134","potions_obtained":[{"floor":11,"key":"LiquidBronze"},{"floor":16,"key":"SteroidPotion"},{"floor":22,"key":"blackbeard:UpgradePotion"}],"is_trial":false,"path_per_floor":["M","?","?","M","M","R","E","R","T","R","M","$","M","?","R","B",null,"M","$","?","M","M","E"],"character_chosen":"BLACKBEARD_CLASS","items_purchased":["Frozen Egg 2"],"campfire_rested":1,"item_purchase_floors":[19],"current_hp_per_floor":[61,61,61,51,51,51,45,45,45,45,45,45,45,33,53,44,68,62,62,56,54,6,2,2,2],"gold":56,"neow_bonus":"THREE_RARE_CARDS","is_daily":false,"chose_seed":false,"campfire_upgraded":3,"win_rate":0.0,"timestamp":1611926730,"path_taken":["M","?","?","M","?","R","E","R","T","R","M","$","M","?","R","BOSS","M","$","?","M","M","E"],"items_purchased_type":["Relic"],"build_version":"2020-12-22","purchased_purges":0,"victory":false,"max_hp_per_floor":[68,68,68,68,68,68,68,68,68,68,68,68,68,68,68,68,68,68,68,68,68,68,68,68,68],"card_choices":[{"not_picked":["blackbeard:Parrot","blackbeard:UndeadForm"],"picked":"blackbeard:MegaUpgrade","floor":0},{"not_picked":["blackbeard:TacticalRetreat","blackbeard:ArmorUp"],"picked":"blackbeard:Provisioning","floor":1},{"not_picked":["blackbeard:Fencing","blackbeard:CloakAndCannonball"],"picked":"blackbeard:BrownPants","floor":4},{"not_picked":["blackbeard:CloakAndCannonball","blackbeard:Fencing","blackbeard:FishingNets"],"picked":"SKIP","floor":5},{"not_picked":["blackbeard:PiratesWill","blackbeard:Dagger"],"picked":"blackbeard:TheDrunkenSailor","floor":7},{"not_picked":["blackbeard:Sharpening","blackbeard:PiratesWill"],"picked":"blackbeard:Dagger","floor":11},{"not_picked":["blackbeard:CannonBarrage","blackbeard:DoubleCannonball"],"picked":"blackbeard:Fencing","floor":13},{"not_picked":["blackbeard:Intoxication","blackbeard:Salvager"],"picked":"blackbeard:Halberd","floor":16},{"not_picked":["blackbeard:DoubleBottom","blackbeard:Spear","blackbeard:JollyRoger+1"],"picked":"SKIP","floor":18},{"not_picked":["blackbeard:CloakAndCannonball","blackbeard:PowderKeg+1"],"picked":"blackbeard:DeadlyArsenal+1","floor":21},{"not_picked":["blackbeard:FieryDefense","blackbeard:Anchor","blackbeard:DoubleBottom"],"picked":"SKIP","floor":22}],"player_experience":416429,"relics_obtained":[{"floor":7,"key":"Dream Catcher"},{"floor":9,"key":"Anchor"}],"event_choices":[{"cards_removed":["blackbeard:BlackbeardStrike"],"damage_healed":0,"gold_gain":0,"player_choice":"Card Removal","damage_taken":0,"max_hp_gain":0,"max_hp_loss":0,"event_name":"The Cleric","floor":2,"gold_loss":50},{"damage_healed":0,"gold_gain":0,"player_choice":"Disagree","damage_taken":0,"max_hp_gain":0,"max_hp_loss":0,"event_name":"conspire:LoneGhost","floor":3,"gold_loss":0},{"damage_healed":0,"gold_gain":0,"player_choice":"Success","damage_taken":12,"relics_obtained":["Art of War"],"max_hp_gain":0,"max_hp_loss":0,"event_name":"Scrap Ooze","floor":14,"gold_loss":0},{"damage_healed":0,"gold_gain":0,"player_choice":"CaptainsWheel","damage_taken":0,"relics_obtained":["CaptainsWheel"],"max_hp_gain":0,"max_hp_loss":0,"event_name":"blackbeard:ShipwreckEvent","floor":20,"gold_loss":0}],"is_beta":false,"boss_relics":[{"not_picked":["Astrolabe","blackbeard:Karategi"],"picked":"conspire:SlowCooker"}],"items_purged_floors":[],"is_endless":false,"potions_floor_spawned":[11,16,22],"killed_by":"Book of Stabbing","ascension_level":0}}