{"host":"15f3wpiimhe5yrng","time":1611958976,"event":{"mods":["BaseMod","Better Altar","Better Match","Better Note","Better Sensory Stone","Better Skull","Better Third Choice","Colored Map","Downfall","GifTheSpireLib","Good Game Mod","Minty Spire (QoL Compilation)","Permanent Neow","StSLib"],"gold_per_floor":[99,114,132,149,59,75,75,75,86,98,98,110,10,45,56,155,155,55,65,75,75,85,85,85,85],"floor_reached":23,"language":"ENG","playtime":1673,"items_purged":["sneckomod:Unknown"],"score":247,"play_id":"e7ba1a26-5e09-45f8-966c-5939764892f5","local_time":"20210129232256","is_ascension_mode":false,"campfire_choices":[{"floor":1,"key":"RECALL"},{"data":"champ:HoldFirm","floor":8,"key":"SMITH"},{"data":"sneckomod:QuickMove","floor":11,"key":"SMITH"},{"data":"sneckomod:TailWhip","floor":13,"key":"SMITH"}],"circlet_count":0,"master_deck":["sneckomod:Strike","sneckomod:Defend","sneckomod:Defend","sneckomod:Defend","sneckomod:TailWhip+1","sneckomod:SnekBite","sneckomod:Unknown","champ:HoldFirm+1","sneckomod:SoulCleanse","sneckomod:QuickMove+1","sneckomod:ImprovisedGuard","sneckomod:QuickBite","sneckomod:UnknownDraw","sneckomod:SoulDraw","sneckomod:QuickMove+1","sneckomod:UnknownRarePower","sneckomod:UnknownBoss","Reprogram+1","sneckomod:Unknown2Cost","sneckomod:Nope","Normality","sneckomod:QuickBite+1"],"relics":["sneckomod:SneckoSoul","REME:ComplimentaryCards","InkBottle","downfall:HeartBlessingRed","StrikeDummy","Black Star","downfall:HeartBlessingGreen"],"acts_visited":["Exordium","TheCity"],"potions_floor_usage":[14,19],"damage_taken":[{"damage":0,"enemies":"Cultist","floor":2,"turns":2},{"damage":0,"enemies":"Jaw Worm","floor":3,"turns":2},{"damage":0,"enemies":"2 Louse","floor":4,"turns":2},{"damage":0,"enemies":"downfall:FleeingMerchant","floor":5,"turns":4},{"damage":18,"enemies":"2 Fungi Beasts","floor":6,"turns":7},{"damage":15,"enemies":"Gremlin Gang","floor":9,"turns":4},{"damage":0,"enemies":"Exordium Thugs","floor":10,"turns":4},{"damage":0,"enemies":"2 Fungi Beasts","floor":12,"turns":3},{"damage":11,"enemies":"3 Sentries","floor":14,"turns":10},{"damage":0,"enemies":"Gremlin Gang","floor":15,"turns":4},{"damage":0,"enemies":"IC_STATUS_ARCHETYPE","floor":16,"turns":7},{"damage":0,"enemies":"Shell Parasite","floor":19,"turns":5},{"damage":0,"enemies":"3 Byrds","floor":20,"turns":3},{"damage":56,"enemies":"Cultist and Chosen","floor":22,"turns":10},{"damage":36,"enemies":"Book of Stabbing","floor":23,"turns":6}],"seed_played":"6171012956898134386","potions_obtained":[{"floor":2,"key":"LiquidMemories"},{"floor":3,"key":"Strength Potion"},{"floor":6,"key":"sneckomod:DiceRollPotion"},{"floor":16,"key":"ColorlessPotion"},{"floor":22,"key":"Swift Potion"}],"is_trial":false,"path_per_floor":["R","M","M","M","$","M","T","R","M","M","R","M","R","E","M","B",null,"R","M","M","?","M","E"],"character_chosen":"THE_SNECKO","items_purchased":[],"campfire_rested":0,"item_purchase_floors":[],"current_hp_per_floor":[63,63,63,63,63,45,45,45,30,30,30,30,30,19,19,19,90,90,90,90,90,34,0,0,0],"gold":85,"neow_bonus":"REMOVE_TWO","is_daily":false,"chose_seed":false,"campfire_upgraded":3,"win_rate":0.0,"timestamp":1611958976,"path_taken":["R","M","M","?","?","?","T","R","M","M","R","M","R","E","M","BOSS","R","M","M","?","?","E"],"items_purchased_type":[],"build_version":"2020-12-22","purchased_purges":1,"victory":false,"max_hp_per_floor":[90,90,90,90,90,90,90,90,90,90,90,90,90,90,90,90,90,90,90,90,90,90,90,90,90],"card_choices":[{"not_picked":["sneckomod:UnknownUncommonSkill","sneckomod:UnknownCommonAttack"],"picked":"sneckomod:SoulCleanse","floor":2},{"not_picked":["sneckomod:UnknownUncommonAttack","sneckomod:SoulDraw"],"picked":"sneckomod:UnknownDexterity","floor":3},{"not_picked":["sneckomod:UnknownDraw","sneckomod:SnakeSap"],"picked":"sneckomod:QuickMove","floor":4},{"not_picked":["sneckomod:UnknownBlock","sneckomod:UnendingSupply"],"picked":"sneckomod:ImprovisedGuard","floor":5},{"not_picked":["sneckomod:UnknownStrength","sneckomod:Unknown0Cost"],"picked":"sneckomod:QuickBite","floor":6},{"not_picked":["sneckomod:DiceCrush","sneckomod:UnknownCommonSkill"],"picked":"sneckomod:UnknownDraw","floor":9},{"not_picked":["sneckomod:UnknownCommonSkill","sneckomod:WideSting"],"picked":"sneckomod:SoulDraw","floor":10},{"not_picked":["sneckomod:Unknown1Cost","sneckomod:DefensiveFlair"],"picked":"sneckomod:QuickMove","floor":12},{"not_picked":["sneckomod:QuickMove","sneckomod:TrashToTreasure","sneckomod:SoulRoll"],"picked":"SKIP","floor":14},{"not_picked":["sneckomod:UnknownX","sneckomod:UnknownUncommonSkill"],"picked":"sneckomod:UnknownRarePower","floor":15},{"not_picked":["sneckomod:Restock","sneckomod:UnknownRarePower"],"picked":"sneckomod:UnknownBoss","floor":16},{"not_picked":["sneckomod:Rotation+1","sneckomod:IronFang"],"picked":"sneckomod:Unknown2Cost","floor":19},{"not_picked":["sneckomod:UnknownCommonAttack+1","sneckomod:UnknownBlock"],"picked":"sneckomod:Nope","floor":20},{"not_picked":["sneckomod:UnknownStrike","sneckomod:UnknownClassBLUE"],"picked":"sneckomod:QuickBite+1","floor":22}],"player_experience":98161,"relics_obtained":[{"floor":7,"key":"InkBottle"},{"floor":14,"key":"StrikeDummy"}],"event_choices":[],"is_beta":false,"boss_relics":[{"not_picked":["SlaversCollar","Calling Bell"],"picked":"Black Star"}],"items_purged_floors":[5],"is_endless":false,"potions_floor_spawned":[2,3,6,16,22],"killed_by":"Book of Stabbing","ascension_level":0}}