{"host":"r9v0g0iwbsx9dzwu","time":1611905418,"event":{"mods":["100% Spire Juice","ATMod(阿瑾Mod)","Aspiration","BaseMod","Minty Spire (QoL Compilation)","MostiFishMod","Reliquary","Replay The Spire","RumiaBox-露米娅的神秘盒子","StSLib","TestMod","[IsaacMod]以撒尖塔","【功能Mod】聪明的最终Boss","【遗物卡牌】REMEMod"],"gold_per_floor":[116,126,51,51,51,51,81,81,81,109,125,125,136,165,165,240,240,270,320,409,465,516,561,561,612,635,635,686,686,778,790,790],"floor_reached":31,"language":"ZHS","playtime":672,"items_purged":["Strike_R"],"score":1030,"play_id":"a0ed9ce5-8a4f-4887-a303-49745dc2dfd5","local_time":"20210129153018","is_ascension_mode":true,"campfire_choices":[{"data":"Reprogram","floor":6.0,"key":"SMITH"},{"data":"Sword Boomerang","floor":8.0,"key":"SMITH"},{"data":"Burning Pact","floor":12,"key":"SMITH"},{"data":"Berserk","floor":15,"key":"SMITH"},{"data":"MostiFishMod:ATRI","floor":24,"key":"SMITH"},{"floor":27,"key":"RECALL"},{"data":"BettingIsNotGood","floor":29,"key":"SMITH"}],"circlet_count":0,"master_deck":["AscendersBane","Strike_R","Strike_R","Strike_R","Strike_R","Defend_R","Defend_R","Defend_R","Defend_R","Bash","BettingIsNotGood+1","Berserk+1","Reprogram+1","Sword Boomerang+1","Burning Pact+1","MostiFishMod:ATRI+1","REME_Shoggoth","Coolheaded+1","Coolheaded+1","MostiFishMod:DeathFromBelow"],"relics":["AT_ATBox","DaveBox","testmod-TestBox","HushsDoor","REME_ComplimentaryCards","GuppysHead","testmod-StringDisintegrator","PatriotShield","aspiration:DefectSkillbook","Baka2","AT_BladeRuinedKing","Replay:Bottled Flurry","Blood Vial","AnarchistCookbook","AT_SpeedBoots","ChampionBelt","Replay:Bandana","Ccalipers","StoneCalendar","aspiration:Stabinomicon","Smiling Mask","reliquary:PartyBalloon","SatanicBible","MawBank"],"acts_visited":["Exordium","TheCity"],"potions_floor_usage":[14,16,18,21],"damage_taken":[{"damage":0.0,"enemies":"Cultist","floor":1.0,"turns":1.0},{"damage":3.0,"enemies":"Jaw Worm","floor":2.0,"turns":2.0},{"damage":0.0,"enemies":"Gremlin Nob","floor":7.0,"turns":4.0},{"damage":0,"enemies":"3 Sentries","floor":10,"turns":2},{"damage":0,"enemies":"Small Slimes","floor":11,"turns":1},{"damage":0,"enemies":"3 Louse","floor":13,"turns":2},{"damage":0,"enemies":"Lagavulin","floor":14,"turns":5},{"damage":41,"enemies":"Hexaghost","floor":16,"turns":3},{"damage":0,"enemies":"Slavers","floor":18,"turns":2},{"damage":0,"enemies":"Spheric Guardian","floor":21,"turns":2},{"damage":1,"enemies":"Replay:Snechameleon","floor":22,"turns":2},{"damage":21,"enemies":"Book of Stabbing","floor":23,"turns":2},{"damage":0,"enemies":"Replay:Snechameleon","floor":25,"turns":2},{"damage":0,"enemies":"REME_1_Revenger","floor":28,"turns":1},{"damage":18,"enemies":"Slavers","floor":30,"turns":3}],"seed_played":"6746118568088283882","potions_obtained":[{"floor":1.0,"key":"testmod-TimePotion"},{"floor":10,"key":"Strength Potion"},{"floor":11,"key":"Block Potion"},{"floor":14,"key":"Block Potion"},{"floor":22,"key":"FearPotion"},{"floor":23,"key":"Strength Potion"},{"floor":25,"key":"GamblersBrew"},{"floor":30,"key":"LiquidMemories"}],"is_trial":false,"path_per_floor":["M","M","$","T","$","R","E","R","T","E","M","R","M","E","R","B",null,"M","?","?","M","M","E","R","M","T","R","E","R","E","?"],"character_chosen":"IRONCLAD","items_purchased":[],"campfire_rested":0,"item_purchase_floors":[],"current_hp_per_floor":[68,65,65,65,65,65,70,70,70,70,72,72,74,78,78,37,68,70,70,39,41,42,23,23,25,25,25,27,27,11,0,0],"gold":790,"neow_bonus":"BOSS_RELIC","is_daily":false,"chose_seed":false,"campfire_upgraded":6,"win_rate":0.0,"timestamp":1611905418,"path_taken":["M","M","$","?","?","R","E","R","T","E","M","R","M","E","R","BOSS","M","?","?","M","M","E","R","M","T","R","E","R","E","?"],"items_purchased_type":[],"build_version":"2020-12-22","purchased_purges":1,"victory":false,"max_hp_per_floor":[75,75,75,75,75,75,75,75,75,75,75,75,75,78,78,78,78,78,78,78,78,78,78,78,78,78,78,78,78,78,83,83],"card_choices":[{"not_picked":[],"picked":"BettingIsNotGood","floor":0.0},{"not_picked":["Intimidate","Lockon","Conserve Battery"],"picked":"Reprogram","floor":1.0},{"not_picked":["Heavy Blade","Leap","ReplayTheSpireMod:Strike From Hell","Cold Snap"],"picked":"SKIP","floor":2.0},{"not_picked":["Auto Shields","Ball Lightning","Anger"],"picked":"Sword Boomerang","floor":7.0},{"not_picked":["Hologram","Iron Wave","AT_DarkMatter"],"picked":"Burning Pact","floor":10},{"not_picked":["Iron Wave","Cleave","Rebound"],"picked":"MostiFishMod:ATRI","floor":11},{"not_picked":["Rage","Iron Wave","BootSequence","AT_DrawKnifeCut"],"picked":"SKIP","floor":13},{"not_picked":["Perfected Strike","Bloodletting","Defragment","Redo"],"picked":"SKIP","floor":14},{"not_picked":["Bludgeon","Berserk","MostiFishMod:Hijack"],"picked":"REME_Shoggoth","floor":16},{"not_picked":["Heavy Blade","Stack","MostiFishMod:Distribution","True Grit"],"picked":"SKIP","floor":18},{"not_picked":["Havoc","Pummel","Sweeping Beam"],"picked":"Coolheaded+1","floor":21},{"not_picked":["MostiFishMod:PushDownKick","Metallicize","Hemokinesis+1"],"picked":"Coolheaded+1","floor":22},{"not_picked":["MostiFishMod:InterfaceCompatibility","Clash","Flame Barrier","Anger+1"],"picked":"SKIP","floor":23},{"not_picked":["Clothesline","Go for the Eyes","ReplayGash","Steam+1"],"picked":"SKIP","floor":25},{"not_picked":["ReplayTheSpireMod:Repulse","Berserk","ReplayTheSpireMod:GoodbyeWorld","Metallicize"],"picked":"SKIP","floor":28},{"not_picked":["AT_IchimonjiDouble","Blizzard","Pommel Strike"],"picked":"MostiFishMod:DeathFromBelow","floor":30}],"player_experience":34175,"relics_obtained":[{"floor":1.0,"key":"Baka"},{"floor":2.0,"key":"Baka2"},{"floor":7.0,"key":"AT_BladeRuinedKing"},{"floor":9,"key":"Replay:Bottled Flurry"},{"floor":10,"key":"Blood Vial"},{"floor":13,"key":"AnarchistCookbook"},{"floor":14,"key":"AT_SpeedBoots"},{"floor":18,"key":"Replay:Bandana"},{"floor":20,"key":"Ccalipers"},{"floor":22,"key":"StoneCalendar"},{"floor":23,"key":"aspiration:Stabinomicon"},{"floor":25,"key":"Smiling Mask"},{"floor":26,"key":"reliquary:PartyBalloon"},{"floor":28,"key":"SatanicBible"},{"floor":30,"key":"MawBank"}],"event_choices":[{"damage_healed":0,"gold_gain":50,"player_choice":"Stole From Cult","damage_taken":0,"max_hp_gain":0,"max_hp_loss":0,"event_name":"Nest","floor":19,"gold_loss":0}],"is_beta":false,"boss_relics":[{"not_picked":["Ring of Chaos","testmod-BloodSacrificeSpiritualization"],"picked":"ChampionBelt"},{"not_picked":[]}],"items_purged_floors":[3],"is_endless":false,"potions_floor_spawned":[1,10,11,14,22,23,25,30],"ascension_level":20}}