{"host":"o3b7ow6d1xe49css","time":1611899315,"event":{"mods":["Act Like it!","Aspiration","BaseMod","Bestiary","Better Altar","Better Match","Better Note","Better Sensory Stone","Better Skull","Better Third Choice","Colored Powertips","Conspire","Energized Spire","Force Act Four","GifTheSpireLib","Halation","Hermit","Hubris","Infinite Spire","Lobotomy","Minty Spire (QoL Compilation)","Quick Restart","Relic Filter Mod","Reliquary","Replay The Spire","Spicy Shops","Spikes Relics","Spire Arcade","StSLib","Stuff the Spire","The Blue Laboratory","Wandering Minibosses"],"gold_per_floor":[118,137,155,330,3,3,37,70,70,70,70,95,125,151,151,250,250,260,273,27,302,302,302,331,366,389,5,34,34,34,59,59,158,158,171,186,336,296,310,336,369,402,428,460,489,489,48,98,145,145,145,145,91,121,216],"floor_reached":56,"language":"ENG","playtime":2827,"items_purged":["Doubt","ShadowRift","Strike_R","Demon Form","Scorched"],"score":1901,"play_id":"d9a22df3-4c59-402b-9ede-6833c3a0935a","local_time":"20210128204835","daily_mods":["Heirloom","Flight"],"is_ascension_mode":true,"campfire_choices":[{"data":"Sword Boomerang","floor":6,"key":"SMITH"},{"data":"Bash","floor":10,"key":"SMITH"},{"data":"StuffTheSpire:Slingshot","floor":15,"key":"SMITH"},{"data":"Battle Trance","floor":23,"key":"SMITH"},{"floor":29,"key":"RECALL"},{"data":"BlessedFruit","floor":32,"key":"SMITH"},{"data":"Sucker Punch","floor":46,"key":"SMITH"},{"data":"conspire:ExplosiveBarrier","floor":52,"key":"SMITH"}],"circlet_count":0,"master_deck":["Bash+1","UniverseFragment","Sword Boomerang+1","StuffTheSpire:Incineration","Twin Strike","Battle Trance+1","Dropkick","OldLady","Sucker Punch+1","Backstab","StuffTheSpire:Slingshot+1","Demon Form+1","Cleave","BlessedFruit+1","BlessedFruit+1","conspire:ExplosiveBarrier+1","Ghostly Armor","Pommel Strike+1","StuffTheSpire:Slingshot+1","StuffTheSpire:Incineration+1","ReplayTheSpireMod:Strike From Hell+1","GreedKing","Pommel Strike+1","Twin Strike+1","infinitespire:Gouge+1","hubris:ReadiedAction"],"relics":["Burning Blood","Ring of Chaos","WizardHat","CogitoBucket","Oddly Smooth Stone","reliquary:WeakTea","Anchor","StuffTheSpire:GrapeVine","Gremlin Horn","reliquary:RedPaperclip","Theresia","Omamori","conspire:BottledYoYo","HeavenlyBonsai","Mango","Molten Egg 2","Unceasing Top","StuffTheSpire:Tea","Pet Ghost","Pandora\u0027s Box","ReplayTheSpireMod:CursedCoin","halation:PrussianBluePaint","Nunchaku","Potion Belt","StuffTheSpire:Experiment12","BlackRope","StuffTheSpire:PointBlank","Shuriken","infinitespire:CursedDice","Durian","aspiration:FetidBarrel"],"acts_visited":["TheCity","TheBeyond","TheEnding"],"potions_floor_usage":[16,16,19,28,39,41,54,55,55],"damage_taken":[{"damage":4,"enemies":"Jaw Worm","floor":1,"turns":7},{"damage":6,"enemies":"Cultist","floor":2,"turns":3},{"damage":3,"enemies":"Small Slimes","floor":3,"turns":3},{"damage":1,"enemies":"3 Sentries","floor":7,"turns":3},{"damage":5,"enemies":"Replay:BlueRogue","floor":8,"turns":3},{"damage":12,"enemies":"Gremlin Nob","floor":12,"turns":3},{"damage":0,"enemies":"Replay:BlueRogue","floor":13,"turns":4},{"damage":1,"enemies":"3 Sentries","floor":14,"turns":3},{"damage":18,"enemies":"Hexaghost","floor":16,"turns":8},{"damage":0,"enemies":"Shell Parasite","floor":18,"turns":2},{"damage":7,"enemies":"conspire:FuzzyDice","floor":19,"turns":2},{"damage":17,"enemies":"Nightmare","floor":24,"turns":5},{"damage":1,"enemies":"Slavers","floor":25,"turns":2},{"damage":0,"enemies":"Book of Stabbing","floor":28,"turns":2},{"damage":0,"enemies":"conspire:Head Lice","floor":31,"turns":3},{"damage":17,"enemies":"hubris:MusketHawk","floor":33,"turns":5},{"damage":1,"enemies":"3 Darklings","floor":35,"turns":3},{"damage":0,"enemies":"3 Shapes","floor":36,"turns":1},{"damage":10,"enemies":"Maw","floor":39,"turns":3},{"damage":3,"enemies":"R_Hoarder","floor":40,"turns":4},{"damage":0,"enemies":"Reptomancer","floor":41,"turns":1},{"damage":0,"enemies":"Giant Head","floor":42,"turns":5},{"damage":5,"enemies":"R_Hoarder","floor":44,"turns":4},{"damage":30,"enemies":"Nightmare","floor":45,"turns":5},{"damage":0,"enemies":"Mind Bloom Boss Battle","floor":48,"turns":2},{"damage":0,"enemies":"2 Orb Walkers","floor":49,"turns":2},{"damage":48,"enemies":"Awakened One","floor":50,"turns":5},{"damage":2,"enemies":"Shield and Spear","floor":54,"turns":3},{"damage":66,"enemies":"The Heart","floor":55,"turns":5}],"seed_played":"-5278165328900748202","potions_obtained":[{"floor":2,"key":"blueLaboratory:EntrenchedPotion"},{"floor":8,"key":"blueLaboratory:TrueEctoplasm"},{"floor":12,"key":"HeartOfIron"},{"floor":14,"key":"blueLaboratory:IronCompound"},{"floor":24,"key":"blueLaboratory:NullPotion"},{"floor":25,"key":"SkillPotion"},{"floor":39,"key":"Strength Potion"},{"floor":45,"key":"blueLaboratory:NullPotion"},{"floor":48,"key":"blueLaboratory:TrueEctoplasm"},{"floor":55,"key":"blueLaboratory:RememoryPotion"}],"is_trial":true,"path_per_floor":["M","M","M","?","$","R","E","E","T","R","?","E","E","E","R","B",null,"M","M","$","?","?","R","NM","E","T","$","E","R","AVR","E","R","B",null,"M","M","AVR","?","M","E","E","E","T","E","NM","R","$","?","R","B",null,"R","$","E","B",null],"character_chosen":"IRONCLAD","items_purchased":["Battle Trance","Oddly Smooth Stone","Omamori","Mango","Molten Egg 2","SteroidPotion","Shuriken","blueLaboratory:HummingbirdPotion","hubris:ReadiedAction"],"campfire_rested":0,"item_purchase_floors":[5,5,20,27,27,27,47,47,53],"current_hp_per_floor":[80,80,80,80,80,80,80,80,80,80,80,74,80,80,80,68,77,80,79,79,79,79,79,68,73,73,87,94,94,94,97,97,89,97,103,105,105,105,105,108,111,115,115,119,99,99,99,107,122,84,125,125,125,133,77],"gold":216,"neow_bonus":"","is_daily":false,"chose_seed":false,"campfire_upgraded":7,"win_rate":0.0,"timestamp":1611899315,"path_taken":["M","M","M","?","$","R","E","E","T","R","?","E","E","E","R","BOSS","M","M","$","?","?","R","NM","E","T","$","E","R","AVR","E","R","BOSS","M","M","AVR","?","?","E","E","E","T","E","NM","R","$","?","R","BOSS","R","$","E","BOSS"],"items_purchased_type":["Card","Relic","Relic","Relic","Relic","Potion","Relic","Potion","Card"],"build_version":"2020-12-22","purchased_purges":5,"victory":true,"max_hp_per_floor":[80,80,80,80,80,80,80,80,80,80,80,80,80,80,80,80,80,80,80,80,80,80,80,80,80,80,94,95,95,95,97,97,100,100,103,105,105,105,109,109,111,115,115,119,123,123,123,125,134,138,138,138,138,142,146],"card_choices":[{"not_picked":["Woodsman","WhitesApple"],"picked":"UniverseFragment","floor":1},{"not_picked":["Shrug It Off","ReplayTheSpireMod:Limb From Limb"],"picked":"Sword Boomerang","floor":1},{"not_picked":["BeautyBeast","WallGazer","VoidDream"],"picked":"Singing Bowl","floor":2},{"not_picked":["Power Through","Cleave"],"picked":"StuffTheSpire:Incineration","floor":2},{"not_picked":["WallGazer","RedShoes"],"picked":"Scorched","floor":3},{"not_picked":["Heavy Blade","Evolve"],"picked":"Twin Strike","floor":3},{"not_picked":["BeautyBeast","PunishingBird","SingingMachine"],"picked":"Singing Bowl","floor":7},{"not_picked":["Clothesline","Warcry"],"picked":"Dropkick","floor":7},{"not_picked":["Variant","CherryBlossoms"],"picked":"OldLady","floor":8},{"not_picked":["StuffTheSpire:Pyroclast","Body Slam","StuffTheSpire:BloodClot"],"picked":"SKIP","floor":8},{"not_picked":["CrumblingArmor","FairyFestival","VoidDream"],"picked":"Singing Bowl","floor":12},{"not_picked":["Wild Strike","Heavy Blade","ReplayTheSpireMod:LeadingStrike"],"picked":"SKIP","floor":12},{"not_picked":["CherryBlossoms","WallGazer","VoidDream"],"picked":"Singing Bowl","floor":13},{"not_picked":["Wild Strike","Clothesline"],"picked":"StuffTheSpire:Slingshot","floor":13},{"not_picked":["Alriune","ShyLook","OSAHOGD"],"picked":"Singing Bowl","floor":14},{"not_picked":["Intimidate","Invigoration","Searing Blow"],"picked":"SKIP","floor":14},{"not_picked":["Double Tap","Exhume"],"picked":"Demon Form","floor":16},{"not_picked":["BodiesMountain","CherryBlossoms","QueenBee"],"picked":"Singing Bowl","floor":16},{"not_picked":["WhitesApple","Yin","BeautyBeast"],"picked":"Singing Bowl","floor":18},{"not_picked":["Heavy Blade+1","Run Through+1"],"picked":"Cleave","floor":18},{"not_picked":["Wellcheers","SpiderBud","MeatLantern"],"picked":"Singing Bowl","floor":19},{"not_picked":["Cleave","Blood for Blood","Dropkick"],"picked":"SKIP","floor":19},{"not_picked":["GalaxyChild","FieryBird","SpiderBud"],"picked":"Singing Bowl","floor":24},{"not_picked":["Massacre","Hemogenesis","StuffTheSpire:Resist"],"picked":"SKIP","floor":24},{"not_picked":["SpiderBud","MeatLantern","WallGazer"],"picked":"Singing Bowl","floor":25},{"not_picked":["Infernal Blade+1","Juggernaut","Flex"],"picked":"SKIP","floor":25},{"not_picked":["Funeral","FairyFestival","Wellcheers"],"picked":"Singing Bowl","floor":28},{"not_picked":["Dark Embrace+1","Dual Wield+1","StuffTheSpire:RockThrow+1"],"picked":"SKIP","floor":28},{"not_picked":["BlackSwan","NakedNest","FairyFestival"],"picked":"Singing Bowl","floor":31},{"not_picked":["Brutality","Thunderclap+1"],"picked":"conspire:ExplosiveBarrier","floor":31},{"not_picked":["DreamingCurrent","WhitesApple","DespairKnight"],"picked":"Singing Bowl","floor":33},{"not_picked":["Fire Breathing+1","Headbutt+1"],"picked":"ReplayTheSpireMod:Strike From Hell+1","floor":35},{"not_picked":["HappyTeddy","Porccubus"],"picked":"GreedKing","floor":36},{"not_picked":["StuffTheSpire:Incineration+1","Bloodletting","Perfected Strike+1"],"picked":"SKIP","floor":36},{"not_picked":["StuffTheSpire:Incineration+1","Bloodletting","Perfected Strike+1"],"picked":"SKIP","floor":36},{"not_picked":["Murderer","MeatLantern","BigBird"],"picked":"Singing Bowl","floor":39},{"not_picked":["Body Slam+1","Power Through"],"picked":"Pommel Strike+1","floor":39},{"not_picked":["HappyTeddy","Porccubus","BigBird"],"picked":"Singing Bowl","floor":40},{"not_picked":["Rupture","Double Tap"],"picked":"Twin Strike+1","floor":40},{"not_picked":["BigBird","OSAHOGD","LaLuna"],"picked":"Singing Bowl","floor":41},{"not_picked":["Cleave+1","Havoc","ReplayTheSpireMod:Corrosion Curse"],"picked":"SKIP","floor":41},{"not_picked":["Rudolta","MeltingLove","VoidDream"],"picked":"Singing Bowl","floor":42},{"not_picked":["Hemokinesis+1","StuffTheSpire:RockThrow+1","Eclipse"],"picked":"SKIP","floor":42},{"not_picked":["Variant","Laetitia","BigBadWolf"],"picked":"Singing Bowl","floor":44},{"not_picked":["Cleave+1","Perfected Strike+1","Evolve"],"picked":"SKIP","floor":44},{"not_picked":["hubris:Rewind","infinitespire:NeuralNetwork"],"picked":"infinitespire:Gouge","floor":45},{"not_picked":["Porccubus","LaLuna","BlueStar"],"picked":"Singing Bowl","floor":45},{"not_picked":["Body Slam+1","Evolve+1","Sentinel+1"],"picked":"SKIP","floor":45},{"not_picked":["Scarecrow","DreamingCurrent","SilentOrchestra"],"picked":"Singing Bowl","floor":48},{"not_picked":["SilentOrchestra","BlackArmy","HeroicMonk"],"picked":"Singing Bowl","floor":49},{"not_picked":["Woodsman","LaLuna","SilentOrchestra"],"picked":"Singing Bowl","floor":54},{"not_picked":["Uppercut+1","Replay:Undeath\u0027s Touch+1","Brutality"],"picked":"SKIP","floor":54},{"not_picked":["LongBird","BigBadWolf","HappyTeddy"],"picked":"Singing Bowl","floor":55}],"player_experience":1876386,"relics_obtained":[{"floor":7,"key":"reliquary:WeakTea"},{"floor":8,"key":"Mirror"},{"floor":9,"key":"Anchor"},{"floor":12,"key":"StuffTheSpire:GrapeVine"},{"floor":13,"key":"Gremlin Horn"},{"floor":14,"key":"reliquary:ExpiredCoupon"},{"floor":24,"key":"conspire:BottledYoYo"},{"floor":25,"key":"HeavenlyBonsai"},{"floor":28,"key":"Unceasing Top"},{"floor":31,"key":"Pet Ghost"},{"floor":40,"key":"halation:PrussianBluePaint"},{"floor":41,"key":"Nunchaku"},{"floor":42,"key":"Potion Belt"},{"floor":43,"key":"StuffTheSpire:Experiment12"},{"floor":44,"key":"BlackRope"},{"floor":45,"key":"StuffTheSpire:PointBlank"},{"floor":48,"key":"infinitespire:CursedDice"},{"floor":49,"key":"Durian"},{"floor":54,"key":"aspiration:FetidBarrel"}],"event_choices":[{"damage_healed":0,"gold_gain":175,"player_choice":"AGREE","damage_taken":155,"max_hp_gain":0,"max_hp_loss":0,"event_name":"betterThird:BetterSerpent","floor":4,"gold_loss":0},{"damage_healed":0,"gold_gain":275,"player_choice":"Desecrate","damage_taken":0,"max_hp_gain":0,"max_hp_loss":0,"event_name":"Golden Shrine","floor":21,"gold_loss":0,"cards_obtained":["Regret"]},{"damage_healed":0,"gold_gain":0,"player_choice":"Upgraded","damage_taken":0,"max_hp_gain":0,"max_hp_loss":0,"event_name":"Upgrade Shrine","floor":22,"gold_loss":0,"cards_upgraded":["Demon Form"]},{"damage_healed":0,"gold_gain":0,"player_choice":"Upgrade","damage_taken":0,"max_hp_gain":0,"max_hp_loss":0,"event_name":"Designer","floor":38,"gold_loss":40,"cards_upgraded":["BlessedFruit"]},{"damage_healed":0,"gold_gain":0,"player_choice":"Fight","damage_taken":0,"max_hp_gain":0,"max_hp_loss":0,"event_name":"MindBloom","floor":48,"gold_loss":0},{"damage_healed":0,"gold_gain":0,"player_choice":"Fight","damage_taken":0,"max_hp_gain":0,"max_hp_loss":0,"event_name":"Mysterious Sphere","floor":49,"gold_loss":0}],"is_beta":false,"boss_relics":[{"not_picked":["Painkiller Herb","Replay:Bronze Core"],"picked":"reliquary:RedPaperclip"},{"not_picked":["halation:PinkAlligatorPlush","Snecko Heart"],"picked":"Pandora\u0027s Box"}],"items_purged_floors":[5,20,30,37,47],"is_endless":true,"potions_floor_spawned":[2,8,12,14,19,24,25,39,45,48,55],"ascension_level":5}}