{"host":"lv3zv4svf9qrs9uo","time":1611908009,"event":{"mods":["AchievementEnabler","BaseMod","Minty Spire (QoL Compilation)"],"gold_per_floor":[113,113,130,143,33,64,64,78,78,78,112,124,139,166,166,268,268,279,298,312,332,351,351,384,384,384,415,111,111,128,148,148,250,250,264,279,294,306,320,351,351,366,391,44,94,94,94,129,129,129],"floor_reached":51,"language":"ENG","playtime":7849,"items_purged":["Strike_B","Strike_B","Defend_B"],"score":1127,"play_id":"722ee108-676c-4ab8-82e3-60cb4b4073a5","local_time":"20210129001329","is_ascension_mode":true,"campfire_choices":[{"data":"Static Discharge","floor":7.0,"key":"SMITH"},{"data":"Coolheaded","floor":10.0,"key":"SMITH"},{"floor":15.0,"key":"REST"},{"floor":23.0,"key":"REST"},{"data":"Fusion","floor":25.0,"key":"SMITH"},{"data":"Buffer","floor":32.0,"key":"SMITH"},{"data":"Capacitor","floor":41.0,"key":"SMITH"},{"data":"Defragment","floor":46.0,"key":"SMITH"},{"data":"Recycle","floor":49.0,"key":"SMITH"}],"circlet_count":0,"master_deck":["Defend_B","Defend_B","Defend_B","Zap","Dualcast","Doom and Gloom","Skim","Coolheaded+1","Static Discharge+1","Buffer+1","Hologram","Tempest","Rainbow","Steam","Conserve Battery","Echo Form","CurseOfTheBell","Stack+1","Darkness+1","Conserve Battery+1","Capacitor+1","Glacier+1","Fusion+1","Multi-Cast","Compile Driver","Streamline","Core Surge","Aggregate+1","Thunder Strike","Aggregate+1","Defragment+1","Recycle+1","Defragment+1"],"relics":["Runic Dome","FaceOfCleric","Bottled Lightning","Ice Cream","Lizard Tail","DataDisk","Calling Bell","Bronze Scales","Pantograph","Peace Pipe","InkBottle","Mango","Pear","Lee\u0027s Waffle","Runic Pyramid","Calipers","Boot","Turnip","Bird Faced Urn","Blood Vial"],"acts_visited":["Exordium","TheCity","TheBeyond"],"potions_floor_usage":[50,50,50],"damage_taken":[{"damage":0.0,"enemies":"Small Slimes","floor":1.0,"turns":3.0},{"damage":0.0,"enemies":"Cultist","floor":3.0,"turns":3.0},{"damage":0.0,"enemies":"2 Louse","floor":4.0,"turns":2.0},{"damage":19.0,"enemies":"3 Sentries","floor":6.0,"turns":5.0},{"damage":6.0,"enemies":"Exordium Thugs","floor":8.0,"turns":4.0},{"damage":13.0,"enemies":"Lagavulin","floor":11.0,"turns":6.0},{"damage":8.0,"enemies":"2 Fungi Beasts","floor":12.0,"turns":3.0},{"damage":17.0,"enemies":"Exordium Wildlife","floor":13.0,"turns":3.0},{"damage":2.0,"enemies":"3 Sentries","floor":14.0,"turns":4.0},{"damage":27.0,"enemies":"Hexaghost","floor":16.0,"turns":10.0},{"damage":2.0,"enemies":"Spheric Guardian","floor":18.0,"turns":3.0},{"damage":18.0,"enemies":"Chosen","floor":19.0,"turns":4.0},{"damage":5.0,"enemies":"Centurion and Healer","floor":20.0,"turns":6.0},{"damage":17.0,"enemies":"Snake Plant","floor":21.0,"turns":3.0},{"damage":14.0,"enemies":"3 Cultists","floor":22.0,"turns":5.0},{"damage":50.0,"enemies":"Slavers","floor":24.0,"turns":4.0},{"damage":18.0,"enemies":"Gremlin Leader","floor":27.0,"turns":8.0},{"damage":19.0,"enemies":"Cultist and Chosen","floor":30.0,"turns":7.0},{"damage":0.0,"enemies":"Snecko","floor":31.0,"turns":4.0},{"damage":0.0,"enemies":"Automaton","floor":33.0,"turns":7.0},{"damage":0.0,"enemies":"Orb Walker","floor":35.0,"turns":4.0},{"damage":0.0,"enemies":"3 Shapes","floor":36.0,"turns":3.0},{"damage":0.0,"enemies":"3 Darklings","floor":37.0,"turns":3.0},{"damage":8.0,"enemies":"Sphere and 2 Shapes","floor":38.0,"turns":3.0},{"damage":15.0,"enemies":"Spire Growth","floor":39.0,"turns":6.0},{"damage":0.0,"enemies":"Giant Head","floor":40.0,"turns":4.0},{"damage":39.0,"enemies":"Jaw Worm Horde","floor":42.0,"turns":5.0},{"damage":0.0,"enemies":"Mind Bloom Boss Battle","floor":45.0,"turns":3.0},{"damage":12.0,"enemies":"Nemesis","floor":48.0,"turns":3.0},{"damage":25,"enemies":"Awakened One","floor":50,"turns":6}],"seed_played":"877507275316794434","potions_obtained":[{"floor":1.0,"key":"Fruit Juice"},{"floor":3.0,"key":"Ancient Potion"},{"floor":8.0,"key":"Weak Potion"},{"floor":13.0,"key":"ColorlessPotion"},{"floor":16.0,"key":"Explosive Potion"},{"floor":19.0,"key":"Weak Potion"},{"floor":20.0,"key":"FocusPotion"},{"floor":27.0,"key":"GamblersBrew"},{"floor":33.0,"key":"Strength Potion"},{"floor":36.0,"key":"FocusPotion"},{"floor":39.0,"key":"FocusPotion"}],"is_trial":false,"path_per_floor":["M","?","M","M","$","E","R","M","T","R","E","M","M","E","R","B",null,"M","M","M","M","M","R","E","R","T","E","$","?","M","M","R","B",null,"M","M","M","M","M","E","R","M","T","$","?","R","T","E","R","B",null],"character_chosen":"DEFECT","items_purchased":["Static Discharge","Lee\u0027s Waffle","Compile Driver","Defragment","Recycle","PotionOfCapacity"],"campfire_rested":2,"item_purchase_floors":[5,28,28,44,44,44],"current_hp_per_floor":[68,68,69,70,70,52,52,47,47,47,35,28,17,16,42,16,71,70,53,49,33,20,48,48,48,62,55,127,127,109,110,110,130,130,131,132,133,126,112,113,113,75,75,75,101,101,101,90,90,105],"gold":129,"neow_bonus":"BOSS_RELIC","is_daily":false,"chose_seed":false,"campfire_upgraded":7,"win_rate":0.0,"timestamp":1611908009,"path_taken":["M","?","M","M","?","E","R","M","T","R","E","M","M","E","R","BOSS","M","M","M","M","M","R","E","R","T","E","$","?","M","M","R","BOSS","M","M","M","M","M","E","R","M","T","$","?","R","?","E","R","BOSS"],"items_purchased_type":["Card","Relic","Card","Card","Card","Potion"],"build_version":"2020-12-22","purchased_purges":3,"victory":true,"max_hp_per_floor":[75,75,76,77,77,78,78,79,79,79,80,81,87,88,88,89,89,90,91,92,93,94,94,95,95,109,120,127,127,128,129,129,130,130,131,132,133,134,135,136,136,137,137,137,138,138,138,139,139,140],"card_choices":[{"not_picked":["Ball Lightning","Loop"],"picked":"Doom and Gloom","floor":1.0},{"not_picked":["Conserve Battery","Rebound"],"picked":"Skim","floor":3.0},{"not_picked":["Sunder","Rebound"],"picked":"Coolheaded","floor":4.0},{"not_picked":["Redo","Steam"],"picked":"Buffer","floor":6.0},{"not_picked":["Hello World","Rebound"],"picked":"Hologram","floor":8.0},{"not_picked":["Turbo","Go for the Eyes"],"picked":"Tempest","floor":11.0},{"not_picked":["Stack","Sweeping Beam"],"picked":"Rainbow","floor":12.0},{"not_picked":["Force Field","Rebound"],"picked":"Steam","floor":13.0},{"not_picked":["Steam","Reprogram"],"picked":"Conserve Battery","floor":14.0},{"not_picked":["Core Surge","Machine Learning"],"picked":"Echo Form","floor":16.0},{"not_picked":["Auto Shields","Steam Power"],"picked":"Stack+1","floor":18.0},{"not_picked":["Reprogram","Hologram"],"picked":"Darkness+1","floor":19.0},{"not_picked":["Go for the Eyes","Hologram"],"picked":"Conserve Battery+1","floor":20.0},{"not_picked":["Melter","Heatsinks"],"picked":"Capacitor","floor":21.0},{"not_picked":["Darkness","Compile Driver"],"picked":"Glacier+1","floor":22.0},{"not_picked":["Machine Learning","Aggregate"],"picked":"Fusion","floor":24.0},{"not_picked":["Streamline","Core Surge"],"picked":"Multi-Cast","floor":27.0},{"not_picked":["Static Discharge","Skim+1"],"picked":"Aggregate+1","floor":30.0},{"not_picked":["Streamline+1","Tempest","FTL+1"],"picked":"SKIP","floor":31.0},{"not_picked":["Echo Form","All For One"],"picked":"Thunder Strike","floor":33.0},{"not_picked":["Sunder+1","Beam Cell","Steam Power+1"],"picked":"SKIP","floor":35.0},{"not_picked":["Gash","Hologram+1"],"picked":"Aggregate+1","floor":36.0},{"not_picked":["Cold Snap","Beam Cell+1","Rebound"],"picked":"SKIP","floor":37.0},{"not_picked":["Rip and Tear","Core Surge","Undo+1"],"picked":"SKIP","floor":38.0},{"not_picked":["Chill","Streamline","Genetic Algorithm"],"picked":"SKIP","floor":39.0},{"not_picked":["Consume","Static Discharge+1","Cold Snap+1"],"picked":"SKIP","floor":40.0},{"not_picked":["Tempest+1","Steam","Compile Driver"],"picked":"SKIP","floor":42.0},{"not_picked":["Storm","Scrape"],"picked":"Defragment+1","floor":48.0}],"player_experience":462069,"relics_obtained":[{"floor":6.0,"key":"Bottled Lightning"},{"floor":9.0,"key":"Ice Cream"},{"floor":11.0,"key":"Lizard Tail"},{"floor":14.0,"key":"DataDisk"},{"floor":17.0,"key":"Bronze Scales"},{"floor":17.0,"key":"Pantograph"},{"floor":17.0,"key":"Peace Pipe"},{"floor":24.0,"key":"InkBottle"},{"floor":26.0,"key":"Mango"},{"floor":27.0,"key":"Pear"},{"floor":40.0,"key":"Calipers"},{"floor":43.0,"key":"Boot"},{"floor":45.0,"key":"Turnip"},{"floor":47.0,"key":"Bird Faced Urn"},{"floor":48.0,"key":"Blood Vial"}],"event_choices":[{"damage_healed":0.0,"max_hp_gain":0.0,"max_hp_loss":0.0,"gold_gain":0.0,"event_name":"FaceTrader","player_choice":"Trade","floor":2.0,"gold_loss":0.0,"damage_taken":0.0,"relics_obtained":["FaceOfCleric"]},{"damage_healed":0.0,"max_hp_gain":0.0,"max_hp_loss":0.0,"gold_gain":0.0,"cards_transformed":["Strike_B","Strike_B"],"event_name":"Drug Dealer","player_choice":"Became Test Subject","floor":29.0,"gold_loss":0.0,"damage_taken":0.0,"cards_obtained":["Streamline","Core Surge"]},{"damage_healed":0.0,"max_hp_gain":0.0,"max_hp_loss":0.0,"gold_gain":0.0,"event_name":"MindBloom","player_choice":"Fight","floor":45.0,"gold_loss":0.0,"damage_taken":0.0}],"is_beta":false,"boss_relics":[{"not_picked":["SacredBark","Busted Crown"],"picked":"Calling Bell"},{"not_picked":["Empty Cage","Tiny House"],"picked":"Runic Pyramid"}],"items_purged_floors":[5,28,44],"is_endless":false,"potions_floor_spawned":[1,3,8,13,16,19,20,27,33,36,37,39,40],"ascension_level":7}}