{"host":"ojezjkpqju62j8xy","time":1611905193,"event":{"mods":["ATMod(°¢èªMod)","Act Like it!","Aspiration","BaseMod","Conspire","Gensokyo","Minty Spire (QoL Compilation)","Pale of the Ancients","Replay The Spire","Spicy Shops","StSLib","¡¾ÒÅÎï¿¨ÅÆ¡¿REMEMod","²ÐÁôÖ®Îï"],"gold_per_floor":[112,132,132,132,132,160,160,172,241,171,200,200,228,242,242,314,314,324,340,60,71,71,71],"floor_reached":22,"language":"ZHS","playtime":667,"items_purged":["Sickly"],"score":453,"play_id":"69521451-4d2d-4214-86c1-3f38293d6775","local_time":"20210129152633","is_ascension_mode":true,"campfire_choices":[{"floor":7.0,"key":"RECALL"},{"data":"Infernal Blade","floor":12.0,"key":"SMITH"},{"floor":15.0,"key":"DIG"}],"circlet_count":0,"master_deck":["AscendersBane","Strike_R","Strike_R","Strike_R+1","Defend_R","Defend_R","Defend_R","Bash","AT_FamilyPortrait","PlaceholderMod:AttackAsDefend","Infernal Blade+1","Thunderclap+1","Thunderclap","Rage","Unload","PiercingWail","Sucker Punch+1","Bloodletting+1","Cleave","Pot Of Greed","Pot Of Greed","Cleave","Berserk","AT_IchimonjiDouble","AT_IchimonjiDouble","Bludgeon","Pot Of Greed","Wild Strike","AT_IchimonjiDouble","Replay:Undeath\u0027s Touch","Perfected Strike","Metallicize","Writhe","Metallicize","Clothesline+1"],"relics":["Burning Blood","AT_ATBox","REME_ComplimentaryCards","NeowsBlessing","Whetstone","Prayer Wheel","Grinning Jar","REME_PuzzleBoxRelic","AT_SpeedBoots","Fusion Hammer","ReplayTheSpireMod:CursedCoin","Garlic","HandDrill"],"acts_visited":["Gensokyo:Gensokyo","Gensokyo:Gensokyoer"],"potions_floor_usage":[18],"damage_taken":[{"damage":0.0,"enemies":"Gensokyo:Python","floor":1.0,"turns":1.0},{"damage":0.0,"enemies":"Gensokyo:3_Fairies","floor":2.0,"turns":2.0},{"damage":0.0,"enemies":"Gensokyo:Aya","floor":6.0,"turns":1.0},{"damage":0.0,"enemies":"Gensokyo:2_Kodama","floor":8.0,"turns":2.0},{"damage":16.0,"enemies":"Gensokyo:Mamizou","floor":11.0,"turns":5.0},{"damage":3.0,"enemies":"Gensokyo:Aya","floor":13.0,"turns":5.0},{"damage":28.0,"enemies":"Gensokyo:CorruptedTreant","floor":14.0,"turns":3.0},{"damage":15.0,"enemies":"Gensokyo:Yukari","floor":16.0,"turns":6.0},{"damage":30,"enemies":"Gensokyo:3_Dogs","floor":18,"turns":3},{"damage":11,"enemies":"Gensokyo:CosmicMonolith","floor":19,"turns":3},{"damage":23,"enemies":"Gensokyo:Wraith","floor":21,"turns":3},{"damage":0,"enemies":"Gensokyo:Monolith_and_Dog","floor":22,"turns":1}],"seed_played":"3693355803115094903","potions_obtained":[{"floor":6.0,"key":"Elixir"},{"floor":8.0,"key":"BloodPotion"},{"floor":18,"key":"SkillPotion"},{"floor":19,"key":"BlessingOfTheForge"}],"is_trial":false,"path_per_floor":["M","M","?","?","?","E","R","M","T","?","E","R","E","M","R","B",null,"M","M","$","M","M"],"character_chosen":"IRONCLAD","items_purchased":["ReplayTheSpireMod:CursedCoin","Metallicize","Garlic","HandDrill"],"campfire_rested":0,"item_purchase_floors":[20,20,20,20],"current_hp_per_floor":[74,75,82,82,82,82,82,82,82,82,72,72,81,60,60,51,74,66,61,61,44,44,44],"gold":71,"neow_bonus":"THREE_ENEMY_KILL","is_daily":false,"chose_seed":false,"campfire_upgraded":1,"win_rate":0.0,"timestamp":1611905193,"path_taken":["M","M","?","?","?","E","R","?","T","?","E","R","E","M","R","BOSS","M","M","$","M","M"],"items_purchased_type":["Relic","Card","Relic","Relic"],"build_version":"2020-12-22","purchased_purges":1,"victory":false,"max_hp_per_floor":[75,75,82,82,82,82,82,82,82,82,82,82,82,82,82,82,82,82,82,82,82,82,82],"card_choices":[{"not_picked":["Clothesline","Warcry"],"picked":"Infernal Blade","floor":1.0},{"not_picked":["AT_GerminateFire","Body Slam"],"picked":"Thunderclap","floor":2.0},{"not_picked":["Heavy Blade","ReplayTheSpireMod:Strike From Hell"],"picked":"Thunderclap","floor":4.0},{"not_picked":["Heavy Blade","Pommel Strike"],"picked":"Rage","floor":4.0},{"not_picked":["ReplayTheSpireMod:Strike From Hell","ReplayTheSpireMod:Muscle Training"],"picked":"Bloodletting","floor":6.0},{"not_picked":["Iron Wave","Perfected Strike"],"picked":"Cleave","floor":8.0},{"not_picked":["Massacre","Sever Soul"],"picked":"Cleave","floor":11.0},{"not_picked":["Replay:Many Hands","AT_ShrugMaster"],"picked":"Berserk","floor":13.0},{"not_picked":["AT_ShrugMaster","Clash"],"picked":"AT_IchimonjiDouble","floor":14.0},{"not_picked":["ReplayReversal","ReplayTheSpireMod:Limb From Limb"],"picked":"AT_IchimonjiDouble","floor":14.0},{"not_picked":["Demonic Infusion","Limit Break"],"picked":"Bludgeon","floor":16.0},{"not_picked":["Reckless Charge","Massacre"],"picked":"Wild Strike","floor":18},{"not_picked":["Perfected Strike","ReplayTheSpireMod:Strike From Hell"],"picked":"AT_IchimonjiDouble","floor":18},{"not_picked":["Shrug It Off","True Grit"],"picked":"Replay:Undeath\u0027s Touch","floor":19},{"not_picked":["Barricade","Havoc"],"picked":"Perfected Strike","floor":19},{"not_picked":["Perfected Strike","Dark Embrace"],"picked":"Metallicize","floor":21},{"not_picked":["Anger","conspire:Charge"],"picked":"Clothesline+1","floor":21}],"player_experience":1492559,"relics_obtained":[{"floor":6.0,"key":"Whetstone"},{"floor":11.0,"key":"Grinning Jar"},{"floor":13.0,"key":"REME_PuzzleBoxRelic"},{"floor":15.0,"key":"AT_SpeedBoots"}],"event_choices":[],"is_beta":false,"boss_relics":[{"not_picked":["aspiration:RunicSpoon","Busted Crown"],"picked":"Fusion Hammer"}],"items_purged_floors":[20],"is_endless":false,"potions_floor_spawned":[6,8,13,18,19],"killed_by":"Gensokyo:Monolith_and_Dog","ascension_level":20}}