{"host":"njb27ds59h4j3ikk","time":1611963050,"event":{"mods":["AchievementEnabler","BaseMod","Better Altar","Better Match","Better Note","Better Sensory Stone","Better Skull","Better Third Choice","BetterRewards","Downfall","Hermit","Hubris","Minty Spire (QoL Compilation)","Permanent Neow","Quarter Circle Forward PUNCH!","Quick Restart","Rare Cards Sparkle","Shop Mod","StSLib","Trackpad","Transform Curses"],"gold_per_floor":[99,99,207,217,51,71,71,87,116,116,129,140,140,157,176,176,176,176],"floor_reached":16,"language":"ENG","playtime":818,"items_purged":[],"score":104,"play_id":"eecc039f-26e5-44d4-9716-abdc6c5016b9","local_time":"20210129183050","is_ascension_mode":false,"campfire_choices":[{"data":"Slimebound:Split","floor":1,"key":"SMITH"},{"floor":10,"key":"REST"},{"floor":13,"key":"REST"}],"circlet_count":0,"master_deck":["Slimebound:Strike_Slimebound","Slimebound:Strike_Slimebound","Slimebound:Strike_Slimebound","Slimebound:Tackle","Slimebound:Defend_Slimebound","Slimebound:Defend_Slimebound","Slimebound:Defend_Slimebound","Slimebound:Defend_Slimebound","Slimebound:Split+1","Slimebound:CorrosiveSpit","Slimebound:ItLooksTasty","Slimebound:MinionMaster","Slimebound:LivingWall","Slimebound:RejuvenatingLick","Slimebound:DuplicatedForm","Slimebound:PressTheAttack","Slimebound:Schlurp","Slimebound:LevelUp","Slimebound:HungryTackle"],"relics":["Slimebound:AbsorbEndCombat","hubris:MedicalManual","Orichalcum","Omamori","hubris:TenFootPole","trackpad:ZombieHeart","Boot"],"acts_visited":["Exordium"],"potions_floor_usage":[9,16,16],"damage_taken":[{"damage":0,"enemies":"Small Slimes","floor":4,"turns":3},{"damage":8,"enemies":"downfall:FleeingMerchant","floor":5,"turns":4},{"damage":7,"enemies":"Jaw Worm","floor":6,"turns":3},{"damage":3,"enemies":"Cultist","floor":8,"turns":3},{"damage":29,"enemies":"3 Sentries","floor":9,"turns":8},{"damage":12,"enemies":"Exordium Wildlife","floor":11,"turns":4},{"damage":17,"enemies":"Blue Slaver","floor":12,"turns":3},{"damage":2,"enemies":"3 Louse","floor":14,"turns":3},{"damage":10,"enemies":"Blue Slaver","floor":15,"turns":2},{"damage":59,"enemies":"WA_ARCHETYPE_RETAIN","floor":16,"turns":7}],"seed_played":"-745798820554728748","potions_obtained":[{"floor":4,"key":"DuplicationPotion"},{"floor":6,"key":"Dexterity Potion"},{"floor":12,"key":"Slimebound:SlimyTonguePotion"},{"floor":14,"key":"Fire Potion"},{"floor":15,"key":"hexamod:SoulburnPotion"}],"is_trial":false,"path_per_floor":["R","?","?","M","$","M","T","M","E","R","M","M","R","M","M","B"],"character_chosen":"SLIMEBOUND","items_purchased":["hubris:TenFootPole"],"campfire_rested":2,"item_purchase_floors":[5],"current_hp_per_floor":[65,65,27,29,27,22,22,22,2,22,20,6,27,32,29,0,0,0],"gold":176,"neow_bonus":"ONE_RARE_RELIC","is_daily":false,"chose_seed":false,"campfire_upgraded":1,"win_rate":0.0,"timestamp":1611963050,"path_taken":["R","?","?","M","$","M","T","M","E","R","M","M","R","?","M","BOSS"],"items_purchased_type":["Relic"],"build_version":"2020-12-22","purchased_purges":0,"victory":false,"max_hp_per_floor":[65,65,65,65,65,65,65,66,69,69,71,72,72,75,76,76,76,76],"card_choices":[{"not_picked":["Slimebound:HauntingLick","Slimebound:SplitMire"],"picked":"Slimebound:ItLooksTasty","floor":4},{"not_picked":["Slimebound:ItLooksTasty","Slimebound:RollThrough"],"picked":"Slimebound:MinionMaster","floor":5},{"not_picked":["Slimebound:HauntingLick","Slimebound:Prepare"],"picked":"Slimebound:LivingWall","floor":6},{"not_picked":["Slimebound:SplitMire","Slimebound:LivingWall"],"picked":"Slimebound:RejuvenatingLick","floor":8},{"not_picked":["Slimebound:GoopTackle","Slimebound:SplitBruiser"],"picked":"Slimebound:DuplicatedForm","floor":9},{"not_picked":["Slimebound:FinishingTackle","Slimebound:SplitAcid"],"picked":"Slimebound:PressTheAttack","floor":11},{"not_picked":["Slimebound:SplitBruiser","Slimebound:Repurpose"],"picked":"Slimebound:Schlurp","floor":12},{"not_picked":["Slimebound:SplitAcid","Slimebound:LeechEnergy"],"picked":"Slimebound:LevelUp","floor":14},{"not_picked":["Slimebound:Schlurp","Slimebound:ServeAndProtect"],"picked":"Slimebound:HungryTackle","floor":15}],"player_experience":1326430,"relics_obtained":[{"floor":7,"key":"trackpad:ZombieHeart"},{"floor":9,"key":"Boot"}],"event_choices":[{"cards_removed":["downfall:Malfunctioning"],"damage_healed":0,"gold_gain":0,"player_choice":"Card Removal","damage_taken":0,"max_hp_gain":0,"max_hp_loss":0,"event_name":"The Cleric","floor":2,"gold_loss":0},{"damage_healed":0,"gold_gain":108,"player_choice":"RE GO RE ","damage_taken":43,"relics_obtained":["Orichalcum","Omamori"],"max_hp_gain":0,"max_hp_loss":0,"event_name":"betterSkull:BetterSkull","floor":3,"gold_loss":0,"cards_upgraded":[]}],"is_beta":false,"boss_relics":[],"items_purged_floors":[],"is_endless":false,"potions_floor_spawned":[4,6,12,14,15],"killed_by":"WA_ARCHETYPE_RETAIN","ascension_level":0}}