{"host":"2i1rjl87isetstuj","time":1611941527,"event":{"mods":["BaseMod","Better Vampires","Challenge The Spire","Luminous","Marked Mod","Minty Spire (QoL Compilation)","Quick Restart","Shop Mod","StSLib","Waifu the Spire","óô»ðÖ¸ÄÏ"],"gold_per_floor":[117,117,117,117,100023,99493,98760,98760,98760,97807,97247,97260,97294,96514,95769,95899,95899,95918,95918,95425,95425,95439,95439,95458,95481,95481,95524,95524,95649,95748,95748,95748,95878,95878,95903,95928,95928,95457,95471,95507,95532,95118,95118,95174,94611,94630,94680,94680,94104,94104],"floor_reached":51,"language":"ZHS","playtime":2067,"items_purged":["Luminous:Dark_Abyssal_Drop","Luminous:Dark_Abyssal_Drop","Luminous:Dark_Abyssal_Drop","Luminous:Defend_Luminous","Luminous:Light_Flash_Shower","Luminous:Light_Flash_Shower","Luminous:Defend_Luminous","Luminous:Defend_Luminous","Writhe","Luminous:Light_Flash_Shower+1","Madness"],"score":914,"play_id":"f7df339c-5049-4142-973c-4749fe53c490","local_time":"20210130013207","is_ascension_mode":false,"campfire_choices":[{"data":"Luminous:Erosion_Luminous","floor":23.0,"key":"SMITH"},{"data":"Luminous:Dark_Crescendo_Luminous","floor":28,"key":"SMITH"},{"data":"Apotheosis","floor":32,"key":"SMITH"}],"circlet_count":0,"master_deck":["Luminous:Defend_Luminous+1","Luminous:Switch_Luminous","Luminous:Light_Glare+1","Luminous:Light_Sylvan_Lance+1","Luminous:Light_Spectral_Light+1","Luminous:Light_Gather+1","Apotheosis+1","Luminous:Dark_Morning_Star+1","Luminous:Concentrate_Luminous","Luminous:Lunar_Tide_Luminous","Luminous:Dark_Apocalypse+1","Luminous:Erosion_Luminous+1","Luminous:Equalize_Luminous+1","Luminous:Abyss_Heart_Luminous","Luminous:Dark_Crescendo_Luminous+1","Luminous:Date_of_Light_Luminous","Luminous:Dark_Moonlight_Spear+1","Luminous:Balance_Death_Scythe+1","Master of Strategy+1","Luminous:Ethereal_Form_Luminous","Luminous:Balance_Ender+1","Luminous:Photic_Meditation_Luminous","Luminous:Darks_Surge_Luminous","Luminous:Darkness_Mastery_Luminous","Luminous:Concentrate_Luminous","Luminous:Light_Reflection+1","Luminous:Darkness_Mastery_Luminous","Luminous:Dark_Crescendo_Luminous+1","Master of Strategy","Madness","Luminous:Mana_Overload_Luminous+1","Luminous:Freud_Wisdom1_Luminous"],"relics":["Luminous:MirrorRelic","Centennial Puzzle","Golden Idol","Singing Bowl","Blood Vial","Blue Candle","Lee\u0027s Waffle","Art of War","Molten Egg 2","White Beast Statue","ClockworkSouvenir","PreservedInsect","Luminous:BlackBlessingRelic","TheAbacus","Orichalcum","Old Coin","Shuriken","Vajra","Eternal Feather","Orrery","Matryoshka","Potion Belt","Membership Card","Sozu","Bag of Preparation","Dead Branch","HandDrill","CultistMask","Juzu Bracelet","Incense Burner","Darkstone Periapt","Pantograph","Ice Cream","Oddly Smooth Stone","Black Star","Chemical X","Turnip","Bottled Flame","Gremlin Horn","Whetstone","Mummified Hand","War Paint","DollysMirror","Akabeko","HornCleat","Pocketwatch","Ornamental Fan","Frozen Egg 2","Frozen Eye","Pen Nib","OrangePellets","Calipers","Bag of Marbles"],"acts_visited":["Exordium","TheCity","TheBeyond"],"potions_floor_usage":[50,50],"damage_taken":[{"damage":3.0,"enemies":"Cultist","floor":1.0,"turns":3.0},{"damage":0.0,"enemies":"2 Louse","floor":5.0,"turns":3.0},{"damage":0.0,"enemies":"Small Slimes","floor":12.0,"turns":1.0},{"damage":0.0,"enemies":"Gremlin Nob","floor":13.0,"turns":3.0},{"damage":0.0,"enemies":"Slime Boss","floor":16.0,"turns":4.0},{"damage":4.0,"enemies":"Shell Parasite","floor":18.0,"turns":3.0},{"damage":8.0,"enemies":"2 Thieves","floor":22.0,"turns":3.0},{"damage":9.0,"enemies":"Snake Plant","floor":24.0,"turns":3.0},{"damage":0,"enemies":"3 Cultists","floor":25,"turns":2},{"damage":4,"enemies":"Gremlin Leader","floor":27,"turns":4},{"damage":14,"enemies":"Colosseum Slavers","floor":29,"turns":3},{"damage":11,"enemies":"Colosseum Nobs","floor":29,"turns":3},{"damage":6,"enemies":"Automaton","floor":33,"turns":5},{"damage":0,"enemies":"3 Darklings","floor":35,"turns":2},{"damage":30,"enemies":"3 Shapes","floor":36,"turns":3},{"damage":9,"enemies":"Spire Growth","floor":39,"turns":4},{"damage":2,"enemies":"Giant Head","floor":40,"turns":5},{"damage":1,"enemies":"Transient","floor":41,"turns":5},{"damage":12,"enemies":"2 Orb Walkers","floor":44,"turns":2},{"damage":2,"enemies":"Jaw Worm Horde","floor":46,"turns":2},{"damage":11,"enemies":"Donu and Deca","floor":50,"turns":4}],"seed_played":"-7517175126515414914","potions_obtained":[{"floor":12.0,"key":"AttackPotion"},{"floor":13.0,"key":"Strength Potion"}],"is_trial":false,"path_per_floor":["M","T","?","?","M","R","$","?","T","$","R","M","E","$","R","B",null,"M","?","$","?","M","R","M","M","T","E","R","?","?","?","R","B",null,"M","M","?","$","M","E","M","R","T","?","$","M","T","?","R","B",null],"character_chosen":"LuminousClass","items_purchased":["Blood Vial","Blue Candle","Luminous:Light_Sylvan_Lance","Lee\u0027s Waffle","Art of War","Molten Egg 2","Luminous:Light_Spectral_Light+1","Luminous:Light_Gather+1","ClockworkSouvenir","PreservedInsect","Luminous:BlackBlessingRelic","Apotheosis","Luminous:Dark_Morning_Star+1","Luminous:Concentrate_Luminous","TheAbacus","Orichalcum","Old Coin","Luminous:Lunar_Tide_Luminous","Luminous:Dark_Apocalypse+1","Vajra","Luminous:Abyss_Heart_Luminous","Eternal Feather","Orrery","Matryoshka","Potion Belt","Membership Card","Master of Strategy","Bag of Preparation","Dead Branch","HandDrill","Luminous:Darks_Surge_Luminous","Luminous:Darkness_Mastery_Luminous","Luminous:Concentrate_Luminous","Chemical X","Turnip","Bottled Flame","Mummified Hand","War Paint","DollysMirror","Ornamental Fan","Frozen Egg 2","Frozen Eye","Master of Strategy","OrangePellets","Calipers","Bag of Marbles","Luminous:Mana_Overload_Luminous+1","Luminous:Freud_Wisdom1_Luminous"],"campfire_rested":0,"item_purchase_floors":[6,6,6,7,7,7,7,7,10,10,10,10,10,10,11,11,11,11,11,14,14,14,14,15,15,15,15,20,20,20,20,20,20,38,38,38,42,42,42,45,45,45,45,49,49,49,49,49],"current_hp_per_floor":[72,72,54,51,53,53,84,67,67,67,67,69,71,73,85,86,86,82,82,82,82,78,88,81,85,85,90,94,74,74,80,95,96,102,102,74,74,74,74,82,91,106,106,98,98,100,100,86,104,105],"gold":94104,"neow_bonus":"RANDOM_COMMON_RELIC","is_daily":false,"chose_seed":false,"campfire_upgraded":3,"win_rate":0.0,"timestamp":1611941527,"path_taken":["M","?","?","?","M","R","$","?","T","$","R","M","E","$","R","BOSS","M","?","$","?","?","R","M","M","T","E","R","?","?","?","R","BOSS","M","M","?","$","M","E","M","R","T","?","$","M","?","?","R","BOSS"],"items_purchased_type":["Relic","Relic","Card","Relic","Relic","Relic","Card","Card","Relic","Relic","Relic","Card","Card","Card","Relic","Relic","Relic","Card","Card","Relic","Card","Relic","Relic","Relic","Relic","Relic","Card","Relic","Relic","Relic","Card","Card","Card","Relic","Relic","Relic","Relic","Relic","Relic","Relic","Relic","Relic","Card","Relic","Relic","Relic","Card","Card"],"build_version":"2020-12-22","purchased_purges":11,"victory":true,"max_hp_per_floor":[75,75,75,75,77,77,84,84,84,84,84,84,84,86,86,86,86,86,86,86,86,88,88,90,92,92,94,94,94,94,100,100,102,102,102,104,104,104,106,108,110,110,110,112,112,114,114,114,114,114],"card_choices":[{"not_picked":["Luminous:Light_Disperse","Luminous:Dark_Raid"],"picked":"Luminous:Light_Glare","floor":1.0},{"not_picked":["Luminous:Accumulation_Luminous","Luminous:Dark_Raid","Luminous:Dark_Moonlight_Spear"],"picked":"Singing Bowl","floor":5.0},{"not_picked":["Luminous:Fast_Spell_Luminous","Luminous:Dark_Pressure_Void+1"],"picked":"Luminous:Erosion_Luminous","floor":12.0},{"not_picked":["Luminous:Light_Gather+1","Luminous:Blinding_Pillar_Luminous"],"picked":"Luminous:Equalize_Luminous","floor":13.0},{"not_picked":["Luminous:Tune_Luminous","Luminous:Concentrate_Luminous"],"picked":"Luminous:Dark_Crescendo_Luminous","floor":14.0},{"not_picked":["Luminous:Blinding_Pillar_Luminous","Luminous:Concentrate_Luminous"],"picked":"Luminous:Date_of_Light_Luminous","floor":14.0},{"not_picked":["Luminous:Hero_Will_Luminous","Luminous:Phantom_Treasure_Luminous"],"picked":"Luminous:Dark_Moonlight_Spear+1","floor":14.0},{"not_picked":["Luminous:Dark_Dim_Erosion+1","Luminous:Light_Glare+1","Luminous:Concentrate_Luminous"],"picked":"Singing Bowl","floor":14.0},{"not_picked":["Luminous:Concentrate_Luminous","Luminous:Dark_Dim_Erosion+1"],"picked":"Luminous:Balance_Death_Scythe+1","floor":14.0},{"not_picked":["Luminous:Balance_Aether_Conduit+1","Luminous:Date_of_Light_Luminous"],"picked":"Luminous:Ethereal_Form_Luminous","floor":16.0},{"not_picked":["Luminous:Light_Gather+1","Luminous:Light_Wash_Luminous+1"],"picked":"Luminous:Balance_Ender+1","floor":18.0},{"not_picked":["Luminous:Dark_Pressure_Void+1","Luminous:Light_Ray_of_Redemption+1","Luminous:Magic_Guard_Luminous"],"picked":"Singing Bowl","floor":22.0},{"not_picked":["Luminous:Light_Wash_Luminous","Luminous:Dark_Pressure_Void+1","Luminous:Concentrate_Luminous"],"picked":"Singing Bowl","floor":24.0},{"not_picked":["Luminous:Dark_Moonlight_Spear+1","Luminous:Light_Gather+1","Luminous:Concentrate_Luminous"],"picked":"Singing Bowl","floor":25},{"not_picked":["Luminous:Light_Gather+1","Luminous:Accumulation_Luminous","Luminous:Light_Wash_Luminous+1"],"picked":"Singing Bowl","floor":27},{"not_picked":["Luminous:Magic_Guard_Luminous+1","Luminous:Photic_Meditation_Luminous"],"picked":"Luminous:Light_Reflection+1","floor":29},{"not_picked":["Luminous:Balance_Aether_Conduit+1","Luminous:Chaos_Field_Luminous","Luminous:Armageddon_Luminous"],"picked":"Singing Bowl","floor":33},{"not_picked":["Luminous:Lights_Protection_Luminous","Luminous:Blinding_Pillar_Luminous+1"],"picked":"Luminous:Darkness_Mastery_Luminous","floor":35},{"not_picked":["Luminous:Dark_Dim_Erosion+1","Luminous:Dark_Raid+1","Luminous:Dark_Pressure_Void+1"],"picked":"Singing Bowl","floor":36},{"not_picked":["Luminous:Dark_Dim_Erosion+1","Luminous:Light_Glare+1","Luminous:Hero_Will_Luminous+1"],"picked":"Singing Bowl","floor":39},{"not_picked":["Luminous:Chaos_Field_Luminous","Luminous:Concentrate_Luminous+1","Luminous:Light_Glare+1"],"picked":"Singing Bowl","floor":40},{"not_picked":["Luminous:Light_Sylvan_Lance+1","Luminous:Accumulation_Luminous","Luminous:Light_Wash_Luminous+1"],"picked":"Singing Bowl","floor":41},{"not_picked":["Luminous:Light_Wash_Luminous","Luminous:Concentrate_Luminous","Luminous:Shadow_Shell_Luminous"],"picked":"Singing Bowl","floor":44},{"not_picked":["Luminous:Darks_Surge_Luminous","Luminous:Dark_Extract+1","Luminous:Flash_Blink_Luminous"],"picked":"Singing Bowl","floor":46}],"player_experience":107455,"relics_obtained":[{"floor":9.0,"key":"White Beast Statue"},{"floor":13.0,"key":"Shuriken"},{"floor":26,"key":"Juzu Bracelet"},{"floor":26,"key":"Incense Burner"},{"floor":27,"key":"Darkstone Periapt"},{"floor":29,"key":"Pantograph"},{"floor":29,"key":"Ice Cream"},{"floor":40,"key":"Gremlin Horn"},{"floor":40,"key":"Whetstone"},{"floor":43,"key":"Akabeko"},{"floor":43,"key":"HornCleat"},{"floor":44,"key":"Pocketwatch"},{"floor":47,"key":"Pen Nib"}],"event_choices":[{"damage_healed":0.0,"max_hp_gain":0.0,"max_hp_loss":0.0,"gold_gain":0.0,"event_name":"Golden Idol","player_choice":"Take Damage","floor":3.0,"gold_loss":0.0,"damage_taken":18.0,"relics_obtained":["Golden Idol"]},{"damage_healed":0.0,"max_hp_gain":0.0,"max_hp_loss":0.0,"gold_gain":0.0,"event_name":"Scrap Ooze","player_choice":"Success","floor":4.0,"gold_loss":0.0,"damage_taken":3.0,"relics_obtained":["Singing Bowl"]},{"damage_healed":0.0,"max_hp_gain":0.0,"max_hp_loss":0.0,"gold_gain":0.0,"event_name":"Shining Light","player_choice":"Entered Light","floor":8.0,"gold_loss":0.0,"damage_taken":17.0,"cards_upgraded":["Luminous:Defend_Luminous","Luminous:Light_Flash_Shower"]},{"damage_healed":0.0,"max_hp_gain":0.0,"max_hp_loss":0.0,"gold_gain":0.0,"event_name":"The Library","player_choice":"Read","floor":19.0,"gold_loss":0.0,"damage_taken":0.0,"cards_obtained":["Luminous:Photic_Meditation_Luminous"]},{"damage_healed":0.0,"max_hp_gain":0.0,"max_hp_loss":0.0,"gold_gain":0.0,"event_name":"FaceTrader","player_choice":"Trade","floor":21.0,"gold_loss":0.0,"damage_taken":0.0,"relics_obtained":["CultistMask"]},{"damage_healed":0,"gold_gain":0,"player_choice":"Fight","damage_taken":0,"max_hp_gain":0,"max_hp_loss":0,"event_name":"Colosseum","floor":29,"gold_loss":0},{"damage_healed":0,"gold_gain":0,"player_choice":"Fought Nobs","damage_taken":0,"max_hp_gain":0,"max_hp_loss":0,"event_name":"Colosseum","floor":29,"gold_loss":0},{"damage_healed":0,"gold_gain":99,"player_choice":"Stole From Cult","damage_taken":0,"max_hp_gain":0,"max_hp_loss":0,"event_name":"Nest","floor":30,"gold_loss":0},{"damage_healed":0,"gold_gain":0,"player_choice":"Opened","damage_taken":0,"relics_obtained":["Oddly Smooth Stone"],"max_hp_gain":0,"max_hp_loss":0,"event_name":"The Mausoleum","floor":31,"gold_loss":0,"cards_obtained":["Writhe"]},{"damage_healed":0,"gold_gain":0,"player_choice":"Ignored","damage_taken":0,"max_hp_gain":0,"max_hp_loss":0,"event_name":"The Moai Head","floor":37,"gold_loss":0},{"damage_healed":0,"gold_gain":0,"player_choice":"Fight","damage_taken":0,"max_hp_gain":0,"max_hp_loss":0,"event_name":"Mysterious Sphere","floor":44,"gold_loss":0},{"damage_healed":0,"gold_gain":0,"player_choice":"Embrace Madness","damage_taken":14,"max_hp_gain":0,"max_hp_loss":0,"event_name":"Winding Halls","floor":48,"gold_loss":0,"cards_obtained":["Madness","Madness"]}],"is_beta":false,"boss_relics":[{"not_picked":["Tiny House","Runic Dome"],"picked":"Sozu"},{"not_picked":["Cursed Key","Runic Pyramid"],"picked":"Black Star"}],"items_purged_floors":[6,7,10,11,14,15,20,38,42,45,49],"is_endless":false,"potions_floor_spawned":[12,13,16,18,22,24,25,27,29,29,33,35,36,39,40,41,44,46],"ascension_level":0}}