{"host":"t179ovrkr5k1gnfh","time":1611941162,"event":{"mods":["AchievementEnabler","BaseMod","BetterRewards","Colored Map","Downfall","Minty Spire (QoL Compilation)","StSLib"],"gold_per_floor":[99,99,274,44,44,44,44,44,44,60,60,91,91,91,109,205,205,105,121,135,149,149,149,173,173,202,34,63,63,75,92,108,206,206,106,118,134,234,20,47,47,148,148,148,198,4,4,24,37,37],"floor_reached":51,"language":"ENG","playtime":5303,"items_purged":["Doubt","downfall:Malfunctioning","Guardian:Defend_Guardian","Guardian:Defend_Guardian"],"score":789,"play_id":"b419b6e8-a963-4661-b899-fdc994125aa8","local_time":"20210129182602","is_ascension_mode":false,"campfire_choices":[{"floor":1.0,"key":"RECALL"},{"data":"Guardian:TwinSlam","floor":8.0,"key":"SMITH"},{"data":"Guardian:BodySlam","floor":11.0,"key":"SMITH"},{"floor":13,"key":"REST"},{"data":"Guardian:CurlUp","floor":18,"key":"SMITH"},{"data":"Guardian:Suspension","floor":23,"key":"SMITH"},{"floor":35,"key":"REST"}],"circlet_count":0,"master_deck":["Guardian:Strike_Guardian","Guardian:Strike_Guardian+1","Guardian:Strike_Guardian+1","Guardian:Strike_Guardian","Guardian:Defend_Guardian+1","Guardian:CurlUp+1","Guardian:TwinSlam+1","Guardian:EvasiveProtocol","Guardian:BodySlam+1","Guardian:ChargeCore","Guardian:AncientConstruct","Guardian:Suspension+1","Guardian:SpikerProtocol+1","Guardian:PiercingHide","Guardian:Recover","Guardian:Planning+1","Guardian:PiercingHide","Guardian:StasisField","Guardian:PolyBeam+1","Guardian:ShieldCharger+1","Guardian:Clone","Guardian:BronzeOrb+1","Guardian:TemporalShield","Guardian:VentSteam","Guardian:Gem_Lightblue","Guardian:Gem_Orange","Guardian:ShieldSpikes+1","Parasite"],"relics":["Guardian:ModeShifter","downfall:HeartsMalice","Guardian:PocketSentry","White Beast Statue","Dream Catcher","expansioncontent:StudyCardRelic","downfall:HeartBlessingRed","Toy Ornithopter","Enchiridion","Bronze Scales","Nloth\u0027s Gift","Fusion Hammer","downfall:HeartBlessingGreen","Potion Belt","Pen Nib","Guardian:PickAxe","Lantern"],"acts_visited":["Exordium","TheCity","TheBeyond"],"potions_floor_usage":[21,26,28,30,31,32,33,33,37,38,38,39,40,40,48,49,49,49,49,49,49,49,49,50],"damage_taken":[{"damage":0.0,"enemies":"Small Slimes","floor":2.0,"turns":1.0},{"damage":0.0,"enemies":"downfall:FleeingMerchant","floor":4.0,"turns":1.0},{"damage":0.0,"enemies":"downfall:FleeingMerchant","floor":5.0,"turns":1.0},{"damage":6.0,"enemies":"Jaw Worm","floor":10.0,"turns":3.0},{"damage":5.0,"enemies":"Lagavulin","floor":12.0,"turns":6.0},{"damage":0,"enemies":"2 Louse","floor":15,"turns":2},{"damage":13,"enemies":"WA_ARCHETYPE_RETAIN","floor":16,"turns":7},{"damage":14,"enemies":"Shell Parasite","floor":19,"turns":4},{"damage":13,"enemies":"Snake Plant","floor":20,"turns":4},{"damage":12,"enemies":"Centurion and Healer","floor":21,"turns":4},{"damage":0,"enemies":"Masked Bandits","floor":26,"turns":2},{"damage":0,"enemies":"downfall:FleeingMerchant","floor":27,"turns":4},{"damage":0,"enemies":"Book of Stabbing","floor":28,"turns":4},{"damage":0,"enemies":"3 Cultists","floor":30,"turns":4},{"damage":0,"enemies":"Cultist and Chosen","floor":31,"turns":3},{"damage":0,"enemies":"Centurion and Healer","floor":32,"turns":4},{"damage":12,"enemies":"DF_ARCHETYPE_CLAW","floor":33,"turns":4},{"damage":0,"enemies":"3 Shapes","floor":36,"turns":4},{"damage":0,"enemies":"Orb Walker","floor":37,"turns":2},{"damage":3,"enemies":"downfall:LadyInBlue","floor":38,"turns":10},{"damage":0,"enemies":"downfall:FleeingMerchant","floor":39,"turns":4},{"damage":6,"enemies":"Reptomancer","floor":40,"turns":5},{"damage":0,"enemies":"downfall:FleeingMerchant","floor":42,"turns":2},{"damage":0,"enemies":"Transient","floor":48,"turns":5},{"damage":0,"enemies":"Writhing Mass","floor":49,"turns":2},{"damage":3,"enemies":"SI_POISON_ARCHETYPE","floor":50,"turns":8}],"seed_played":"8844815747863012557","potions_obtained":[{"floor":10.0,"key":"Explosive Potion"},{"floor":12.0,"key":"FairyPotion"},{"floor":15,"key":"Guardian:StasisDiscoveryPotion"},{"floor":16,"key":"Guardian:AcceleratePotion"},{"floor":20,"key":"Weak Potion"},{"floor":21,"key":"hexamod:SoulburnPotion"},{"floor":26,"key":"SkillPotion"},{"floor":27,"key":"DuplicationPotion"},{"floor":28,"key":"SteroidPotion"},{"floor":30,"key":"LiquidMemories"},{"floor":31,"key":"LiquidBronze"},{"floor":32,"key":"LiquidMemories"},{"floor":33,"key":"PowerPotion"},{"floor":36,"key":"champ:CounterPotion"},{"floor":37,"key":"hexamod:SoulburnPotion"},{"floor":38,"key":"Ancient Potion"},{"floor":38,"key":"EntropicBrew"},{"floor":38,"key":"SkillPotion"},{"floor":38,"key":"LiquidMemories"},{"floor":39,"key":"Energy Potion"},{"floor":40,"key":"SpeedPotion"},{"floor":42,"key":"Slimebound:ThreeZeroPotion"},{"floor":48,"key":"Guardian:AcceleratePotion"},{"floor":49,"key":"Guardian:BlockOnCardUsePotion"}],"is_trial":false,"path_per_floor":["R","M","?","$","$","?","T","R","?","M","R","E","R","?","M","B",null,"R","M","M","M","?","R","T","?","?","$","E","?","M","M","M","B",null,"R","M","M","?","$","E","T","$","?","?","?","$","R","M","M","B",null],"character_chosen":"GUARDIAN","items_purchased":["Guardian:PocketSentry","Guardian:Recover","Guardian:Clone","Guardian:Gem_Crimson","Guardian:VentSteam","Lantern"],"campfire_rested":2,"item_purchase_floors":[4,27,39,42,46,46],"current_hp_per_floor":[80,80,80,80,80,80,80,80,80,74,74,69,80,80,80,67,80,80,66,53,41,41,41,41,25,30,30,35,35,40,45,50,48,80,80,80,80,77,80,79,79,79,79,79,79,79,79,80,80,80],"gold":37,"neow_bonus":"THREE_ENEMY_KILL","is_daily":false,"chose_seed":false,"campfire_upgraded":4,"win_rate":0.0,"timestamp":1611941162,"path_taken":["R","M","?","?","$","?","T","R","?","?","R","E","R","?","M","BOSS","R","M","M","M","?","R","T","?","?","$","E","?","?","M","M","BOSS","R","M","M","?","?","E","T","$","?","?","?","?","R","M","M","BOSS"],"items_purchased_type":["Relic","Card","Card","Card","Card","Relic"],"build_version":"2020-12-22","purchased_purges":4,"victory":true,"max_hp_per_floor":[80,80,80,80,80,80,80,80,80,80,80,80,80,80,80,80,80,80,80,80,80,80,80,80,80,80,80,80,80,80,80,80,80,80,80,80,80,80,80,80,80,80,80,80,80,80,80,80,80,80],"card_choices":[{"not_picked":["Guardian:VentSteam","Guardian:ChargeCore"],"picked":"Guardian:EvasiveProtocol","floor":2.0},{"not_picked":["Guardian:RollAttack","Guardian:Planning","Guardian:ArmoredProtocol"],"picked":"SKIP","floor":4.0},{"not_picked":["Guardian:Gem_Lightblue","Guardian:VentSteam"],"picked":"Guardian:Gem_Fragmented","floor":5.0},{"not_picked":["Guardian:PrismaticBeam","Guardian:CrystalBeam"],"picked":"Guardian:BodySlam","floor":10.0},{"not_picked":["Guardian:PrismaticBarrier","Guardian:BronzeArmor"],"picked":"Guardian:Gem_Orange","floor":12.0},{"not_picked":["Guardian:MultiBeam","Guardian:Gem_Fragmented"],"picked":"Guardian:Gem_Lightblue","floor":13},{"not_picked":["Guardian:Gem_Cyan","Guardian:PrismaticBarrier"],"picked":"Guardian:ChargeCore","floor":15},{"not_picked":["Guardian:TimeSifter","Guardian:RevengeProtocol"],"picked":"Guardian:AncientConstruct","floor":16},{"not_picked":["Guardian:FuturePlans","Guardian:BodySlam"],"picked":"Guardian:Suspension","floor":19},{"not_picked":["Guardian:Emergency","Guardian:Preprogram"],"picked":"Guardian:SpikerProtocol+1","floor":20},{"not_picked":["Guardian:BronzeOrb+1","Guardian:CrystalBeam"],"picked":"Guardian:Gem_Purple","floor":21},{"not_picked":["Guardian:ShieldCharger","Guardian:Planning+1"],"picked":"Guardian:Gem_Yellow","floor":26},{"not_picked":["Guardian:Reroute+1","Guardian:ArmoredProtocol"],"picked":"Guardian:PiercingHide","floor":27},{"not_picked":["Guardian:ShieldCharger+1","Guardian:Reroute"],"picked":"Guardian:Planning+1","floor":28},{"not_picked":["Guardian:BodySlam","Guardian:Suspension"],"picked":"Guardian:Gem_Yellow","floor":30},{"not_picked":["Guardian:Preprogram","Guardian:RollAttack"],"picked":"Guardian:PiercingHide","floor":31},{"not_picked":["Guardian:Incinerate","Guardian:TemporalStrike+1","Guardian:SpikerProtocol"],"picked":"SKIP","floor":32},{"not_picked":["Guardian:SphericShield","Guardian:TimeSifter"],"picked":"Guardian:StasisField","floor":33},{"not_picked":["Guardian:TemporalStrike+1","Guardian:PiercingHide"],"picked":"Guardian:Gem_Crimson","floor":35},{"not_picked":["Guardian:RollAttack+1","Guardian:PiercingHide"],"picked":"Guardian:PolyBeam+1","floor":36},{"not_picked":["Guardian:Preprogram","Guardian:Gem_Yellow"],"picked":"Guardian:ShieldCharger+1","floor":37},{"not_picked":["Guardian:TemporalStrike+1","Guardian:RollAttack"],"picked":"Guardian:Gem_Green","floor":38},{"not_picked":["Guardian:Reroute","Guardian:CrystalBeam+1","Guardian:FloatingOrbs"],"picked":"SKIP","floor":39},{"not_picked":["Guardian:ConstructionForm","Guardian:Recover+1"],"picked":"Guardian:BronzeOrb+1","floor":40},{"not_picked":["Guardian:ShieldCharger+1","Guardian:BodySlam+1"],"picked":"Guardian:TemporalShield","floor":42},{"not_picked":["Guardian:SpikerProtocol+1","Guardian:WalkerClaw+1"],"picked":"Guardian:ShieldSpikes+1","floor":48},{"not_picked":["Guardian:PolyBeam","Guardian:Gem_Cyan","Guardian:Reroute+1"],"picked":"SKIP","floor":49}],"player_experience":247464,"relics_obtained":[{"floor":7.0,"key":"White Beast Statue"},{"floor":12.0,"key":"Dream Catcher"},{"floor":24,"key":"Toy Ornithopter"},{"floor":25,"key":"Enchiridion"},{"floor":26,"key":"Red Mask"},{"floor":28,"key":"Bronze Scales"},{"floor":38,"key":"Potion Belt"},{"floor":40,"key":"Pen Nib"},{"floor":45,"key":"Guardian:PickAxe"}],"event_choices":[{"damage_healed":0,"gold_gain":0,"player_choice":"Ignored","damage_taken":0,"max_hp_gain":0,"max_hp_loss":0,"event_name":"Ghosts","floor":22,"gold_loss":0},{"damage_healed":0,"gold_gain":0,"player_choice":"Fought Bandits","damage_taken":0,"max_hp_gain":0,"max_hp_loss":0,"event_name":"Masked Bandits","floor":26,"gold_loss":0}],"is_beta":false,"boss_relics":[{"not_picked":["Pandora\u0027s Box","Black Star"],"picked":"expansioncontent:StudyCardRelic"},{"not_picked":["Cursed Key","Guardian:StasisSlotReductionRelic"],"picked":"Fusion Hammer"}],"items_purged_floors":[4,27,39,42],"is_endless":false,"potions_floor_spawned":[10,12,15,16,19,20,21,26,27,28,30,31,32,33,36,37,38,39,40,42,48,49],"ascension_level":0}}