{"host":"6a9c3xws62y7efyw","time":1611897134,"event":{"mods":["BaseMod","Colored Map","Minty Spire (QoL Compilation)","Relic Stats","StSLib"],"gold_per_floor":[13,13,33,47,62,62,77,107,107,137,137,168,184,196,196,267,267,279,66,83,103,120,153,153,186,186,186,40,40,40],"floor_reached":29,"language":"ENG","playtime":1644,"items_purged":["Strike_G"],"score":624,"play_id":"cf0484b6-eb25-491b-a6fa-8e0280340fd1","local_time":"20210128211214","is_ascension_mode":true,"campfire_choices":[{"data":"Blade Dance","floor":6.0,"key":"SMITH"},{"data":"A Thousand Cuts","floor":15.0,"key":"SMITH"},{"floor":24,"key":"DIG"},{"floor":27,"key":"REST"}],"circlet_count":0,"master_deck":["AscendersBane","Strike_G","Strike_G","Defend_G","Defend_G","Defend_G","Defend_G","Defend_G","Survivor","Neutralize+1","Caltrops","Accuracy","Flechettes","Blade Dance+1","Venomology","Blade Dance+1","Finisher","A Thousand Cuts+1","Cloak And Dagger","Acrobatics","Die Die Die","Backflip","Outmaneuver","Well Laid Plans","Quick Slash","Noxious Fumes+1","Leg Sweep"],"relics":["Ring of the Snake","Letter Opener","Gremlin Horn","Boot","Paper Crane","Snecko Eye","Pen Nib","Shovel","Bottled Lightning","CeramicFish","Singing Bowl"],"acts_visited":["Exordium","TheCity"],"potions_floor_usage":[25,25],"damage_taken":[{"damage":0.0,"enemies":"2 Louse","floor":1.0,"turns":4.0},{"damage":1.0,"enemies":"Small Slimes","floor":3.0,"turns":4.0},{"damage":0.0,"enemies":"Cultist","floor":4.0,"turns":3.0},{"damage":1.0,"enemies":"Exordium Thugs","floor":5.0,"turns":6.0},{"damage":0.0,"enemies":"3 Louse","floor":7.0,"turns":1.0},{"damage":12.0,"enemies":"Lagavulin","floor":8.0,"turns":5.0},{"damage":6.0,"enemies":"Gremlin Nob","floor":10.0,"turns":3.0},{"damage":0.0,"enemies":"Lagavulin","floor":12.0,"turns":5.0},{"damage":0.0,"enemies":"2 Fungi Beasts","floor":13.0,"turns":2.0},{"damage":0.0,"enemies":"Large Slime","floor":14.0,"turns":2.0},{"damage":4.0,"enemies":"Hexaghost","floor":16.0,"turns":7.0},{"damage":6.0,"enemies":"Spheric Guardian","floor":18.0,"turns":2.0},{"damage":0.0,"enemies":"3 Byrds","floor":20.0,"turns":2.0},{"damage":18.0,"enemies":"Centurion and Healer","floor":21.0,"turns":4.0},{"damage":0.0,"enemies":"Cultist and Chosen","floor":22.0,"turns":3.0},{"damage":5,"enemies":"Slavers","floor":23,"turns":3},{"damage":26,"enemies":"Book of Stabbing","floor":25,"turns":5},{"damage":27,"enemies":"Colosseum Slavers","floor":29,"turns":1}],"seed_played":"3572874141925834462","potions_obtained":[{"floor":4.0,"key":"SteroidPotion"},{"floor":16.0,"key":"LiquidMemories"},{"floor":21.0,"key":"SneckoOil"},{"floor":25,"key":"Explosive Potion"}],"is_trial":false,"path_per_floor":["M","?","M","M","M","R","M","E","T","E","?","E","M","M","R","B",null,"M","$","M","M","M","E","R","E","T","R","$","?"],"character_chosen":"THE_SILENT","items_purchased":["Pen Nib","Outmaneuver","Leg Sweep"],"campfire_rested":1,"item_purchase_floors":[19,19,28],"current_hp_per_floor":[59,59,58,58,57,57,57,45,45,39,39,39,39,39,39,35,58,52,52,52,34,34,29,29,3,3,22,22,0,0],"gold":40,"neow_bonus":"TRANSFORM_TWO_CARDS","is_daily":false,"chose_seed":false,"campfire_upgraded":2,"win_rate":0.0,"timestamp":1611897134,"path_taken":["M","?","M","M","M","R","M","E","T","E","?","E","M","M","R","BOSS","M","?","M","M","M","E","R","E","T","R","?","?"],"items_purchased_type":["Relic","Card","Card"],"build_version":"2020-12-22","purchased_purges":1,"victory":false,"max_hp_per_floor":[66,66,66,66,66,66,66,66,66,66,66,66,66,66,66,66,66,66,66,66,66,66,66,66,66,66,66,66,66,66],"relic_stats":{"Shovel":1,"Gremlin Horn":[7,7],"Singing Bowl":0,"counters":[18,62],"CeramicFish":9,"Snecko Eye":[35,41,49,43],"Pen Nib":[5],"Letter Opener":[46],"Boot":[89],"obtain_stats":[{"Shovel":23,"Gremlin Horn":9,"Singing Bowl":26,"CeramicFish":25,"Snecko Eye":17,"Pen Nib":19,"Letter Opener":8,"Bottled Lightning":24,"Paper Crane":12,"Boot":10,"Ring of the Snake":0},{"Shovel":16,"Gremlin Horn":6,"Singing Bowl":17,"CeramicFish":17,"Snecko Eye":11,"Pen Nib":12,"Letter Opener":6,"Bottled Lightning":16,"Paper Crane":8,"Boot":7,"Ring of the Snake":0},{"Shovel":56,"Gremlin Horn":23,"Singing Bowl":61,"CeramicFish":61,"Snecko Eye":42,"Pen Nib":44,"Letter Opener":23,"Bottled Lightning":56,"Paper Crane":31,"Boot":26,"Ring of the Snake":0}],"Ring of the Snake":[36]},"card_choices":[{"not_picked":["Dodge and Roll","Terror"],"picked":"Flechettes","floor":1.0},{"not_picked":["Poisoned Stab","Blur"],"picked":"Blade Dance","floor":3.0},{"not_picked":["Outmaneuver","Deadly Poison"],"picked":"Venomology","floor":4.0},{"not_picked":["Choke","Terror"],"picked":"Blade Dance","floor":5.0},{"not_picked":["Deflect","Dodge and Roll","Acrobatics"],"picked":"SKIP","floor":7.0},{"not_picked":["Flechettes","Acrobatics"],"picked":"Finisher","floor":8.0},{"not_picked":["Flying Knee","All Out Attack"],"picked":"A Thousand Cuts","floor":10.0},{"not_picked":["Dagger Spray","Well Laid Plans"],"picked":"Cloak And Dagger","floor":12.0},{"not_picked":["Prepared","Flechettes","Bane"],"picked":"SKIP","floor":13.0},{"not_picked":["Quick Slash","Caltrops"],"picked":"Acrobatics","floor":14.0},{"not_picked":["A Thousand Cuts","Storm of Steel"],"picked":"Die Die Die","floor":16.0},{"not_picked":["Endless Agony+1","Masterful Stab"],"picked":"Backflip","floor":18.0},{"not_picked":["Outmaneuver","Caltrops","Deadly Poison"],"picked":"SKIP","floor":20.0},{"not_picked":["Heel Hook","Choke"],"picked":"Well Laid Plans","floor":21.0},{"not_picked":["Outmaneuver","Deadly Poison+1"],"picked":"Quick Slash","floor":22.0},{"not_picked":["Choke","Flechettes"],"picked":"Noxious Fumes+1","floor":23},{"not_picked":["Unload","Dodge and Roll","Poisoned Stab"],"picked":"SKIP","floor":25}],"player_experience":1438286,"relics_obtained":[{"floor":8.0,"key":"Letter Opener"},{"floor":9.0,"key":"Gremlin Horn"},{"floor":10.0,"key":"Boot"},{"floor":12.0,"key":"Paper Crane"},{"floor":23,"key":"Shovel"},{"floor":24,"key":"Bottled Lightning"},{"floor":25,"key":"CeramicFish"},{"floor":26,"key":"Singing Bowl"}],"event_choices":[{"damage_healed":0.0,"max_hp_gain":0.0,"max_hp_loss":0.0,"gold_gain":0.0,"event_name":"Living Wall","player_choice":"Grow","floor":2.0,"gold_loss":0.0,"damage_taken":0.0,"cards_upgraded":["Neutralize"]},{"damage_healed":0.0,"max_hp_gain":0.0,"max_hp_loss":0.0,"gold_gain":0.0,"event_name":"Upgrade Shrine","player_choice":"Upgraded","floor":11.0,"gold_loss":0.0,"damage_taken":0.0,"cards_upgraded":["Blade Dance"]},{"damage_healed":0,"gold_gain":0,"player_choice":"Fight","damage_taken":0,"max_hp_gain":0,"max_hp_loss":0,"event_name":"Colosseum","floor":29,"gold_loss":0}],"is_beta":false,"boss_relics":[{"not_picked":["Fusion Hammer","Philosopher\u0027s Stone"],"picked":"Snecko Eye"}],"items_purged_floors":[28],"is_endless":false,"potions_floor_spawned":[4,7,13,14,16,20,21,25],"killed_by":"Colosseum Slavers","ascension_level":20}}