{"host":"c3lc60y5x60jlt1y","time":1611939851,"event":{"mods":["AchievementEnabler","BaseMod","Bestiary","Colored Map","Minty Spire (QoL Compilation)","Quick Restart","StSLib","ojb\u0027s Info Mod"],"gold_per_floor":[118,118,135,66,66,66,80,80,80,91,91,104,29,29,29,126,126,142,142,142,142,42,42,58,72,72,72,72,72,72,88,88,193,193,203,203,221,49,67,67,67,78,78,96,22,37,56,67,67,67,67],"floor_reached":50,"language":"ENG","playtime":3318,"items_purged":["Strike_P","Defend_P","Strike_P"],"score":509,"play_id":"523e4edc-2e1c-40d2-a170-45ba1cc4be12","local_time":"20210129190411","is_ascension_mode":false,"campfire_choices":[{"data":"Worship","floor":6.0,"key":"SMITH"},{"data":"Meditate","floor":11.0,"key":"SMITH"},{"data":"TalkToTheHand","floor":15.0,"key":"SMITH"},{"data":"Ghostly","floor":23.0,"key":"SMITH"},{"data":"Ghostly","floor":27.0,"key":"SMITH"},{"data":"Ghostly","floor":29.0,"key":"SMITH"},{"data":"Ghostly","floor":32,"key":"SMITH"},{"data":"Scrawl","floor":41,"key":"SMITH"},{"data":"Ghostly","floor":49,"key":"SMITH"}],"circlet_count":0,"master_deck":["Strike_P","Defend_P","Eruption+1","Vigilance","CutThroughFate","PathToVictory","Evaluate","Worship+1","TalkToTheHand+1","Bandage Up","Establishment","ThirdEye","Meditate+1","Devotion","Scrawl+1","PathToVictory","Ghostly+1","Ghostly+1","Ghostly+1","Ghostly+1","Ghostly+1","PathToVictory+1","BowlingBash","EmptyMind","Devotion","PathToVictory","Wireheading"],"relics":["Runic Pyramid"],"acts_visited":["Exordium","TheCity","TheBeyond"],"potions_floor_usage":[33,44,47],"damage_taken":[{"damage":0.0,"enemies":"Cultist","floor":1.0,"turns":3.0},{"damage":3.0,"enemies":"Small Slimes","floor":3.0,"turns":3.0},{"damage":0.0,"enemies":"2 Louse","floor":7.0,"turns":3.0},{"damage":13.0,"enemies":"Exordium Thugs","floor":10.0,"turns":4.0},{"damage":16.0,"enemies":"Large Slime","floor":12.0,"turns":3.0},{"damage":22.0,"enemies":"Hexaghost","floor":16.0,"turns":10.0},{"damage":13.0,"enemies":"Shell Parasite","floor":18.0,"turns":6.0},{"damage":9.0,"enemies":"Spheric Guardian","floor":24.0,"turns":9.0},{"damage":2.0,"enemies":"Snecko","floor":25.0,"turns":6.0},{"damage":5,"enemies":"Sentry and Sphere","floor":31,"turns":5},{"damage":28,"enemies":"Automaton","floor":33,"turns":9},{"damage":6,"enemies":"3 Shapes","floor":35,"turns":6},{"damage":15,"enemies":"Orb Walker","floor":37,"turns":5},{"damage":2,"enemies":"Transient","floor":39,"turns":5},{"damage":4,"enemies":"4 Shapes","floor":42,"turns":5},{"damage":9,"enemies":"Jaw Worm Horde","floor":44,"turns":7},{"damage":2,"enemies":"Transient","floor":46,"turns":5},{"damage":4,"enemies":"Maw","floor":47,"turns":7},{"damage":13,"enemies":"Sphere and 2 Shapes","floor":48,"turns":4},{"damage":31,"enemies":"Time Eater","floor":50,"turns":9}],"seed_played":"2970743816630618914","potions_obtained":[{"floor":7.0,"key":"BottledMiracle"},{"floor":12.0,"key":"Regen Potion"},{"floor":16.0,"key":"Block Potion"},{"floor":18.0,"key":"DuplicationPotion"},{"floor":33,"key":"SneckoOil"},{"floor":46,"key":"EssenceOfSteel"}],"is_trial":false,"path_per_floor":["M","?","M","$","?","R","M","?","T","M","R","M","$","T","R","B",null,"M","?","?","?","$","R","M","M","T","R","?","R","?","M","R","B",null,"M","?","M","$","M","$","R","M","T","M","$","M","M","M","R","B"],"character_chosen":"WATCHER","items_purchased":["Worship","PathToVictory","Wireheading"],"campfire_rested":0,"item_purchase_floors":[4,38,45],"current_hp_per_floor":[72,72,69,69,69,69,72,72,72,59,59,47,47,47,47,29,72,63,54,54,36,36,36,28,30,30,30,30,30,30,29,29,5,36,34,34,22,22,24,24,24,24,24,19,19,21,36,27,27,0,0],"gold":67,"neow_bonus":"BOSS_RELIC","is_daily":false,"chose_seed":false,"campfire_upgraded":9,"win_rate":0.0,"timestamp":1611939851,"path_taken":["M","?","M","$","?","R","?","?","T","M","R","M","$","?","R","BOSS","M","?","?","?","$","R","?","M","T","R","?","R","?","M","R","BOSS","M","?","?","$","M","$","R","M","T","M","?","M","M","?","R","BOSS"],"items_purchased_type":["Card","Card","Card"],"build_version":"2020-12-22","purchased_purges":3,"victory":false,"max_hp_per_floor":[72,72,72,72,72,72,72,72,72,72,72,72,72,72,72,72,72,72,72,72,36,36,36,36,36,36,36,36,36,36,36,36,36,36,36,36,36,36,36,36,36,36,36,36,36,36,36,36,36,36,36],"card_choices":[{"not_picked":["JustLucky","EmptyBody"],"picked":"CutThroughFate","floor":1.0},{"not_picked":["Collect","FlurryOfBlows"],"picked":"Evaluate","floor":3.0},{"not_picked":["FollowUp","Pray"],"picked":"ThirdEye","floor":7.0},{"not_picked":["Halt","EmptyFist"],"picked":"Meditate","floor":10.0},{"not_picked":["JustLucky","ClearTheMind"],"picked":"Devotion","floor":12.0},{"not_picked":["Blasphemy","Wish"],"picked":"Scrawl","floor":16.0},{"not_picked":["BattleHymn","CarveReality+1","CrushJoints+1"],"picked":"SKIP","floor":18.0},{"not_picked":["FlyingSleeves+1","WheelKick+1","MentalFortress"],"picked":"SKIP","floor":24.0},{"not_picked":["Halt+1","EmptyFist"],"picked":"PathToVictory+1","floor":25.0},{"not_picked":["ThirdEye","Halt","FlyingSleeves"],"picked":"SKIP","floor":31},{"not_picked":["Alpha","Ragnarok"],"picked":"Devotion","floor":33},{"not_picked":["EmptyBody+1","FlurryOfBlows","JustLucky"],"picked":"SKIP","floor":35},{"not_picked":["EmptyMind+1","ThirdEye+1","Brilliance"],"picked":"SKIP","floor":37},{"not_picked":["SashWhip+1","EmptyBody+1","ThirdEye"],"picked":"SKIP","floor":39},{"not_picked":["Crescendo","SignatureMove+1","FlyingSleeves"],"picked":"SKIP","floor":42},{"not_picked":["Halt","Conclude+1","ClearTheMind"],"picked":"SKIP","floor":44},{"not_picked":["FollowUp","JustLucky+1","Adaptation"],"picked":"SKIP","floor":46},{"not_picked":["Sanctity+1","InnerPeace","TalkToTheHand+1"],"picked":"SKIP","floor":47},{"not_picked":["FlyingSleeves","FlurryOfBlows","MentalFortress"],"picked":"SKIP","floor":48}],"player_experience":8772379,"relics_obtained":[],"event_choices":[{"damage_healed":0.0,"max_hp_gain":0.0,"max_hp_loss":0.0,"gold_gain":0.0,"cards_transformed":["Defend_P"],"event_name":"Living Wall","player_choice":"Change","floor":2.0,"gold_loss":0.0,"damage_taken":0.0,"cards_obtained":["PathToVictory"]},{"damage_healed":0.0,"max_hp_gain":0.0,"max_hp_loss":0.0,"gold_gain":0.0,"event_name":"Match and Keep!","player_choice":"3 cards matched","floor":5.0,"gold_loss":0.0,"damage_taken":0.0,"cards_obtained":["TalkToTheHand","Bandage Up","Establishment"]},{"damage_healed":0.0,"max_hp_gain":0.0,"max_hp_loss":0.0,"gold_gain":0.0,"event_name":"Upgrade Shrine","player_choice":"Upgraded","floor":8.0,"gold_loss":0.0,"damage_taken":0.0,"cards_upgraded":["Eruption"]},{"damage_healed":0.0,"max_hp_gain":0.0,"max_hp_loss":0.0,"gold_gain":0.0,"event_name":"Cursed Tome","player_choice":"Stopped","floor":19.0,"gold_loss":0.0,"damage_taken":9.0},{"damage_healed":0.0,"max_hp_gain":0.0,"max_hp_loss":0.0,"gold_gain":0.0,"event_name":"The Library","player_choice":"Read","floor":20.0,"gold_loss":0.0,"damage_taken":0.0,"cards_obtained":["PathToVictory"]},{"damage_healed":0.0,"max_hp_gain":0.0,"max_hp_loss":36.0,"gold_gain":0.0,"event_name":"Ghosts","player_choice":"Became a Ghost","floor":21.0,"gold_loss":0.0,"damage_taken":0.0,"cards_obtained":["Ghostly","Ghostly","Ghostly","Ghostly","Ghostly"]},{"damage_healed":0.0,"max_hp_gain":0.0,"max_hp_loss":0.0,"gold_gain":0.0,"cards_transformed":["Strike_P","Defend_P"],"event_name":"Drug Dealer","player_choice":"Became Test Subject","floor":28.0,"gold_loss":0.0,"damage_taken":0.0,"cards_obtained":["BowlingBash","EmptyMind"]},{"damage_healed":0.0,"max_hp_gain":0.0,"max_hp_loss":0.0,"gold_gain":0.0,"event_name":"Vampires","player_choice":"Ignored","floor":30.0,"gold_loss":0.0,"damage_taken":0.0},{"damage_healed":0,"gold_gain":0,"player_choice":"Ignored","damage_taken":0,"max_hp_gain":0,"max_hp_loss":0,"event_name":"NoteForYourself","floor":36,"gold_loss":0}],"is_beta":false,"boss_relics":[{"not_picked":["SlaversCollar","Empty Cage","Busted Crown"]},{"not_picked":["SlaversCollar","Empty Cage","Busted Crown"]}],"items_purged_floors":[13,22,38],"is_endless":false,"potions_floor_spawned":[7,12,16,18,25,33,35,42,46],"killed_by":"Time Eater","ascension_level":0}}