{"host":"ew66i0vuc7r9fnl7","time":1611942159,"event":{"mods":["Arknights The Spire","BaseMod","DeckTracker","Koishi","Minty Spire (QoL Compilation)","StSLib"],"gold_per_floor":[109,109,109,124,30,56,56,56,56,56,76,89,152,164,164,268,268,280,280,49,49,49,81,81,101,101,113,13,13,13],"floor_reached":29,"language":"KOR","playtime":888,"items_purged":["ats:Strike G","ats:Strike S"],"score":266,"play_id":"88f418c7-e07c-47fa-a44e-7e2c9b04f2b9","local_time":"20210130024239","is_ascension_mode":false,"campfire_choices":[{"data":"ats:Magnetic Hammer","floor":8.0,"key":"SMITH"},{"data":"ats:Emotion Absorption","floor":10.0,"key":"SMITH"},{"data":"ats:Support Order","floor":15.0,"key":"SMITH"},{"data":"ats:Roar Of Ursus","floor":24.0,"key":"SMITH"}],"circlet_count":0,"master_deck":["ats:Strike C+1","ats:Armor Crushing Shot+1","ats:Defend","ats:Defend","ats:Defend","ats:Defend","ats:Emotion Absorption+1","ats:Hammer On+1","ats:Magnetic Hammer+1","Flash of Steel+1","ats:Support Order+1","ats:Roar Of Ursus+1","Necronomicurse","Writhe"],"relics":["ats:Sanity","NeowsBlessing","ats:Originium","Gremlin Horn","Centennial Puzzle","Boot","Cursed Key","Necronomicon","ats:Defend","Whetstone","Peace Pipe"],"acts_visited":["Exordium","TheCity"],"potions_floor_usage":[27,27],"damage_taken":[{"damage":0.0,"enemies":"2 Louse","floor":1.0,"turns":1.0},{"damage":0.0,"enemies":"Small Slimes","floor":4.0,"turns":1.0},{"damage":0.0,"enemies":"Lagavulin","floor":6.0,"turns":1.0},{"damage":1.0,"enemies":"Jaw Worm","floor":11.0,"turns":3.0},{"damage":0.0,"enemies":"2 Fungi Beasts","floor":12.0,"turns":3.0},{"damage":17.0,"enemies":"3 Sentries","floor":13.0,"turns":6.0},{"damage":2.0,"enemies":"Blue Slaver","floor":14.0,"turns":2.0},{"damage":31.0,"enemies":"Slime Boss","floor":16.0,"turns":10.0},{"damage":17.0,"enemies":"Spheric Guardian","floor":18.0,"turns":4.0},{"damage":27.0,"enemies":"Gremlin Leader","floor":23.0,"turns":7.0},{"damage":15.0,"enemies":"2 Thieves","floor":25.0,"turns":3.0},{"damage":15,"enemies":"Cultist and Chosen","floor":27,"turns":7},{"damage":0,"enemies":"3 Cultists","floor":29,"turns":2}],"seed_played":"-3428275360240372932","potions_obtained":[{"floor":1.0,"key":"ColorlessPotion"},{"floor":4.0,"key":"Swift Potion"},{"floor":11.0,"key":"BlessingOfTheForge"},{"floor":18.0,"key":"Regen Potion"},{"floor":23.0,"key":"SpeedPotion"}],"is_trial":false,"path_per_floor":["M","?","?","M","$","E","?","R","T","R","M","M","?","M","R","B",null,"M","?","$","?","?","E","R","M","T","M","$","M"],"character_chosen":"DOCTOR_CLASS","items_purchased":["Flash of Steel","ats:Defend"],"campfire_rested":0,"item_purchase_floors":[5,20],"current_hp_per_floor":[72,58,51,51,51,51,56,56,56,56,55,55,38,36,36,5,77,60,44,44,44,44,17,17,2,2,2,2,2,2],"gold":13,"neow_bonus":"THREE_ENEMY_KILL","is_daily":false,"chose_seed":false,"campfire_upgraded":4,"win_rate":0.0,"timestamp":1611942159,"path_taken":["M","?","?","M","?","E","?","R","T","R","M","?","?","M","R","BOSS","M","?","$","?","?","E","R","M","T","M","?","M"],"items_purchased_type":["Card","Card"],"build_version":"2020-12-22","purchased_purges":2,"victory":false,"max_hp_per_floor":[72,72,72,72,72,72,77,77,77,77,77,77,77,77,77,77,77,77,77,77,77,77,77,77,77,77,77,77,77,77],"card_choices":[{"not_picked":["ats:Shadow Raid","ats:Apocalypse"],"picked":"ats:Hammer On","floor":1.0},{"not_picked":["ats:Consecutive Shot Auto","ats:Closed Bolt Burst Fire"],"picked":"ats:Magnetic Hammer","floor":4.0},{"not_picked":["ats:Very Hot Blade","ats:Mental Burst","ats:Ignite"],"picked":"SKIP","floor":6.0},{"not_picked":["ats:Ignite","ats:Curse Doll","ats:Collapsing Strike"],"picked":"SKIP","floor":11.0},{"not_picked":["ats:Absolute Focus","ats:Rat Pack","ats:Directed Diagnosis"],"picked":"SKIP","floor":12.0},{"not_picked":["ats:Explosion Area Strengthen","ats:Cat Scratch"],"picked":"ats:Support Order","floor":14.0},{"not_picked":["ats:Volcano","ats:Wolf Pack"],"picked":"ats:Roar Of Ursus","floor":16.0},{"not_picked":["ats:Apocalypse","ats:Very Hot Blade+1","ats:Revitalization+1"],"picked":"SKIP","floor":18.0},{"not_picked":["ats:Durian","ats:Closed Bolt Burst Fire","ats:Ignite"],"picked":"SKIP","floor":23.0},{"not_picked":["ats:Ignite","ats:Assault Order","ats:Very Hot Blade"],"picked":"SKIP","floor":25.0},{"not_picked":["ats:Powerful Strike","ats:Overload","ats:Hammer On+1"],"picked":"SKIP","floor":27}],"player_experience":626474,"relics_obtained":[{"floor":6.0,"key":"ats:Originium"},{"floor":6.0,"key":"Gremlin Horn"},{"floor":9.0,"key":"Centennial Puzzle"},{"floor":13.0,"key":"Boot"},{"floor":19.0,"key":"Necronomicon"},{"floor":23.0,"key":"ats:Originium"},{"floor":23.0,"key":"Whetstone"},{"floor":26.0,"key":"Peace Pipe"}],"event_choices":[{"damage_healed":0.0,"max_hp_gain":0.0,"max_hp_loss":0.0,"gold_gain":0.0,"event_name":"Shining Light","player_choice":"Entered Light","floor":2.0,"gold_loss":0.0,"damage_taken":14.0,"cards_upgraded":["ats:Strike C","ats:Hammer On"]},{"cards_removed":["ats:Strike V"],"damage_healed":0.0,"max_hp_gain":0.0,"max_hp_loss":0.0,"gold_gain":0.0,"event_name":"Golden Wing","player_choice":"Card Removal","floor":3.0,"gold_loss":0.0,"damage_taken":7.0},{"damage_healed":0.0,"max_hp_gain":5.0,"max_hp_loss":0.0,"gold_gain":0.0,"event_name":"Big Fish","player_choice":"Donut","floor":7.0,"gold_loss":0.0,"damage_taken":0.0},{"damage_healed":0.0,"max_hp_gain":0.0,"max_hp_loss":0.0,"gold_gain":0.0,"event_name":"Dead Adventurer","player_choice":"Searched \u00271\u0027 times","floor":13.0,"gold_loss":0.0,"damage_taken":0.0},{"damage_healed":0.0,"max_hp_gain":0.0,"max_hp_loss":0.0,"gold_gain":0.0,"event_name":"Cursed Tome","player_choice":"Obtained Book","floor":19.0,"gold_loss":0.0,"damage_taken":16.0},{"damage_healed":0.0,"max_hp_gain":0.0,"max_hp_loss":0.0,"gold_gain":0.0,"event_name":"Vampires","player_choice":"Ignored","floor":21.0,"gold_loss":0.0,"damage_taken":0.0}],"is_beta":false,"boss_relics":[{"not_picked":["Tiny House","Runic Dome"],"picked":"Cursed Key"}],"items_purged_floors":[20,28],"is_endless":false,"potions_floor_spawned":[1,4,11,18,23],"killed_by":"3 Cultists","ascension_level":0}}