{"host":"ftwnpa9ceeptmrn1","time":1611890784,"event":{"mods":["Aspiration","BaseMod","Colored Map","Colored Powertips","Conspire","Downfall","Hubris","Infinite Spire","Minty Spire (QoL Compilation)","Relic Stats","Replay The Spire","StSLib"],"gold_per_floor":[210,22,38,38,58,58,58,90,102,102,170,202,221,180,180,198,198,300,300,316,316,33,133,143,170,170,188,188,188,204,234,234,254,254,350,350,367,378,393,413,19,19,38,64,90,90,116,116,129,52,52,52,52,52,3,33,33],"floor_reached":58,"language":"ENG","playtime":11036,"items_purged":["Strike_R","Strike_R","downfall:Malfunctioning"],"score":1414,"play_id":"6f93924a-8b67-40d8-bfda-4d9de6798d1d","local_time":"20210128212624","is_ascension_mode":true,"campfire_choices":[{"data":"hubris:ReadiedAction","floor":10,"key":"SMITH"},{"floor":15,"key":"REST"},{"data":"Apotheosis","floor":29,"key":"SMITH"},{"floor":32,"key":"RECALL"},{"data":"Limit Break","floor":42,"key":"SMITH"},{"data":"Dual Wield","floor":46,"key":"SMITH"},{"data":"Dark Embrace","floor":51,"key":"SMITH"},{"data":"Abandon","floor":54,"key":"SMITH"}],"circlet_count":0,"master_deck":["Strike_R","Strike_R","Defend_R","Defend_R","Defend_R","Defend_R","Bash","Flex","Sword Boomerang","Sword Boomerang","Dual Wield+1","hubris:ReadiedAction+1","Iron Wave+1","Fire Breathing","Replay:Undeath\u0027s Touch+1","Evolve","Abandon+1","ReplayTheSpireMod:Stacked","Immolate","Iron Wave+1","Apotheosis+1","True Grit+1","Iron Wave+1","Headbutt","Feel No Pain","Limit Break+1","Reaper","Thunderclap","Body Slam","Clothesline","ReplayTheSpireMod:Brewmster","Wild Strike","Reckless Charge","Pommel Strike","Metallicize","ReplayTheSpireMod:Muscle Training","Uppercut+1","Dark Embrace+1","Flame Barrier+1"],"relics":["Burning Blood","Shuriken","infinitespire:Satchel","Coffee Dripper","King of Hearts","Bottled Flame","Mark of Pain","hubris:BundleOfHerbs","conspire:Dentures","infinitespire:EmpoweringShard","ChewingGum","ReplayTheSpireMod:Lightbulb","hubris:ToyBattleship","Boot","BranchBurnRelic","Red Skull"],"acts_visited":["Exordium","TheCity","TheBeyond","TheEnding"],"potions_floor_usage":[9,12,25,35,43,44,44,44,44,44,47,49,52,52,56,56,56,57,57,57,57],"damage_taken":[{"damage":5,"enemies":"Small Slimes","floor":1,"turns":4},{"damage":18,"enemies":"infinitespire:Voidling","floor":3,"turns":4},{"damage":0,"enemies":"Jaw Worm","floor":5,"turns":2},{"damage":36,"enemies":"Lagavulin","floor":8,"turns":6},{"damage":26,"enemies":"Large Slime","floor":9,"turns":6},{"damage":8,"enemies":"Gremlin Nob","floor":12,"turns":3},{"damage":25,"enemies":"conspire:2 RoseBushes","floor":13,"turns":8},{"damage":6,"enemies":"2 Fungi Beasts","floor":16,"turns":3},{"damage":16,"enemies":"Fading Forest","floor":18,"turns":11},{"damage":32,"enemies":"2 Thieves","floor":20,"turns":5},{"damage":17,"enemies":"Shell Parasite","floor":24,"turns":5},{"damage":19,"enemies":"conspire:Head Lice","floor":25,"turns":6},{"damage":10,"enemies":"Sentry and Sphere","floor":27,"turns":5},{"damage":0,"enemies":"3 Cultists","floor":30,"turns":3},{"damage":19,"enemies":"conspire:SneckoGhost","floor":31,"turns":6},{"damage":0,"enemies":"Shelled Parasite and Fungi","floor":33,"turns":4},{"damage":35,"enemies":"conspire:MysteriousRune","floor":35,"turns":6},{"damage":28,"enemies":"3 Darklings","floor":37,"turns":3},{"damage":9,"enemies":"Orb Walker","floor":38,"turns":3},{"damage":0,"enemies":"Sphere and 2 Shapes","floor":39,"turns":4},{"damage":29,"enemies":"Jaw Worm Horde","floor":40,"turns":4},{"damage":22,"enemies":"Maw","floor":43,"turns":7},{"damage":48,"enemies":"Giant Head","floor":44,"turns":7},{"damage":42,"enemies":"Nemesis","floor":47,"turns":5},{"damage":57,"enemies":"Transient","floor":49,"turns":5},{"damage":16,"enemies":"hubris:GrandSnecko","floor":52,"turns":7},{"damage":68,"enemies":"Shield and Spear","floor":56,"turns":6},{"damage":106,"enemies":"The Heart","floor":57,"turns":8}],"seed_played":"-4953040070192346662","potions_obtained":[{"floor":3,"key":"EssenceOfSteel"},{"floor":5,"key":"BloodPotion"},{"floor":9,"key":"Energy Potion"},{"floor":16,"key":"sneckomod:MuddlingPotion"},{"floor":18,"key":"Death Potion"},{"floor":20,"key":"FearPotion"},{"floor":27,"key":"Dexterity Potion"},{"floor":30,"key":"BloodPotion"},{"floor":39,"key":"HeartOfIron"},{"floor":44,"key":"Weak Potion"},{"floor":47,"key":"bronze:BurnAndBuffPotion"}],"is_trial":false,"path_per_floor":["M","$","M","?","M","PTL","PTL","E","M","R","T","E","M","?","R","M","R_BF","B",null,"M","?","$","?","M","E","AVR","M","T","R","M","E","R","M","R_BF","B",null,"M","M","M","M","$","R","M","E","T","R","E","?","M","$","R","B",null,"R","$","E","B",null],"character_chosen":"IRONCLAD","items_purchased":["Sword Boomerang","Dual Wield","Apotheosis","ReplayTheSpireMod:Lightbulb","ReplayTheSpireMod:Brewmster","Wild Strike","Dark Embrace","PowerPotion"],"campfire_rested":1,"item_purchase_floors":[2,2,22,41,41,41,50,55],"current_hp_per_floor":[80,80,77,77,80,80,80,50,46,46,46,44,25,25,49,49,73,63,80,54,54,54,54,43,30,30,44,44,44,50,43,43,54,78,49,80,58,77,80,57,57,57,80,80,80,80,68,68,72,72,72,73,80,80,80,48,56],"gold":33,"neow_bonus":"HUNDRED_GOLD","is_daily":false,"chose_seed":false,"campfire_upgraded":6,"win_rate":0.0,"timestamp":1611890784,"path_taken":["M","$","M","?","M","PTL","PTL","E","?","R","T","E","M","?","R","M","R_BF","BOSS","M","?","$","?","?","E","AVR","M","T","R","M","E","R","M","R_BF","BOSS","M","M","M","M","$","R","?","E","T","R","E","?","M","$","R","BOSS","R","$","E","BOSS"],"items_purchased_type":["Card","Card","Card","Relic","Card","Card","Card","Potion"],"build_version":"2020-12-22","purchased_purges":3,"victory":true,"max_hp_per_floor":[80,80,80,80,80,80,80,80,80,80,80,80,80,80,80,80,80,80,80,80,80,80,80,80,80,80,80,80,80,80,80,80,80,80,80,80,80,80,80,80,80,80,80,80,80,80,80,80,80,80,80,80,80,80,80,80,80],"relic_stats":{"counters":[28,146],"Shuriken":[45],"Boot":[20],"obtain_stats":[{"conspire:Dentures":28,"Dead Branch":47,"King of Hearts":21,"Boot":45,"Burning Blood":0,"BranchBurnRelic":51,"Bottled Flame":25,"Shuriken":8,"infinitespire:Satchel":12,"ChewingGum":36,"Mark of Pain":26,"hubris:BundleOfHerbs":26,"Coffee Dripper":19,"infinitespire:EmpoweringShard":31,"hubris:ToyBattleship":44,"ReplayTheSpireMod:Lightbulb":41,"Red Skull":56},{"conspire:Dentures":13,"Dead Branch":24,"King of Hearts":10,"Boot":23,"Burning Blood":0,"BranchBurnRelic":25,"Bottled Flame":12,"Shuriken":4,"infinitespire:Satchel":6,"ChewingGum":17,"Mark of Pain":12,"hubris:BundleOfHerbs":12,"Coffee Dripper":9,"infinitespire:EmpoweringShard":15,"hubris:ToyBattleship":23,"ReplayTheSpireMod:Lightbulb":21,"Red Skull":27},{"conspire:Dentures":68,"Dead Branch":120,"King of Hearts":52,"Boot":115,"Burning Blood":0,"BranchBurnRelic":125,"Bottled Flame":63,"Shuriken":16,"infinitespire:Satchel":25,"ChewingGum":87,"Mark of Pain":63,"hubris:BundleOfHerbs":63,"Coffee Dripper":47,"infinitespire:EmpoweringShard":77,"hubris:ToyBattleship":115,"ReplayTheSpireMod:Lightbulb":101,"Red Skull":138}],"Burning Blood":154},"card_choices":[{"not_picked":["hubris:CleavingFinish","ReplayTheSpireMod:Corrosion Curse"],"picked":"Flex","floor":1},{"not_picked":["Dropkick","Pummel"],"picked":"hubris:ReadiedAction","floor":3},{"not_picked":["Reckless Charge","hubris:ReadiedAction"],"picked":"Iron Wave","floor":5},{"not_picked":["Hemokinesis","True Grit"],"picked":"Fire Breathing","floor":8},{"not_picked":["Anger","Heavy Blade"],"picked":"Replay:Undeath\u0027s Touch","floor":9},{"not_picked":["Iron Wave","Armaments"],"picked":"Evolve","floor":12},{"not_picked":["Reckless Charge","Whirlwind"],"picked":"Abandon","floor":13},{"not_picked":["Infernal Blade","Carnage"],"picked":"ReplayTheSpireMod:Stacked","floor":16},{"not_picked":["Double Tap","Exhume"],"picked":"Immolate","floor":18},{"not_picked":["Power Through","conspire:Charge"],"picked":"Iron Wave+1","floor":20},{"not_picked":["Massacre+1","Warcry"],"picked":"True Grit+1","floor":24},{"not_picked":["Massacre","Sword Boomerang","Run Through"],"picked":"SKIP","floor":25},{"not_picked":["Burning Pact","Combust"],"picked":"Iron Wave+1","floor":27},{"not_picked":["Pommel Strike","Armaments"],"picked":"Headbutt","floor":30},{"not_picked":["Fire Breathing+1","hubris:ReadiedAction+1"],"picked":"Feel No Pain","floor":31},{"not_picked":["Pommel Strike","Sword Boomerang"],"picked":"Limit Break","floor":33},{"not_picked":["Bludgeon","Limit Break"],"picked":"Reaper","floor":35},{"not_picked":["Iron Wave+1","Anger+1"],"picked":"Thunderclap","floor":37},{"not_picked":["Dropkick+1","Dual Wield"],"picked":"Body Slam","floor":38},{"not_picked":["Havoc","Combust","Massacre+1"],"picked":"SKIP","floor":39},{"not_picked":["Shockwave+1","Perfected Strike"],"picked":"Clothesline","floor":40},{"not_picked":["Anger","Dropkick+1"],"picked":"Reckless Charge","floor":43},{"not_picked":["Replay:Undeath\u0027s Touch+1","Run Through"],"picked":"Pommel Strike","floor":44},{"not_picked":["Feel No Pain","Exhume"],"picked":"Metallicize","floor":47},{"not_picked":["Sword Boomerang+1","Thunderclap"],"picked":"Uppercut+1","floor":49},{"not_picked":["Combust","Second Wind+1"],"picked":"Flame Barrier+1","floor":56}],"player_experience":345581,"relics_obtained":[{"floor":8,"key":"Shuriken"},{"floor":12,"key":"infinitespire:Satchel"},{"floor":25,"key":"Bottled Flame"},{"floor":28,"key":"conspire:Dentures"},{"floor":31,"key":"infinitespire:EmpoweringShard"},{"floor":44,"key":"hubris:ToyBattleship"},{"floor":45,"key":"Boot"},{"floor":47,"key":"Dead Branch"},{"floor":56,"key":"Red Skull"}],"event_choices":[{"cards_removed":["Strike_R"],"damage_healed":0,"gold_gain":0,"player_choice":"Offered Basic","damage_taken":0,"max_hp_gain":0,"max_hp_loss":0,"event_name":"Bonfire Elementals","floor":4,"gold_loss":0},{"damage_healed":0,"gold_gain":0,"player_choice":"Left Gold","damage_taken":0,"max_hp_gain":0,"max_hp_loss":0,"event_name":"World of Goop","floor":14,"gold_loss":41},{"damage_healed":0,"gold_gain":100,"player_choice":"Pray","damage_taken":0,"max_hp_gain":0,"max_hp_loss":0,"event_name":"Golden Shrine","floor":23,"gold_loss":0},{"damage_healed":0,"gold_gain":0,"player_choice":"1 cards matched","damage_taken":0,"max_hp_gain":0,"max_hp_loss":0,"event_name":"Match and Keep!","floor":48,"gold_loss":0,"cards_obtained":["ReplayTheSpireMod:Muscle Training"]}],"is_beta":false,"boss_relics":[{"not_picked":["aspiration:RitualDagger","conspire:SlowCooker"],"picked":"Coffee Dripper"},{"not_picked":["hubris:HollowSoul","ReplayTheSpireMod:DimensionalGlitch"],"picked":"ChewingGum"}],"items_purged_floors":[2,22,26],"is_endless":false,"potions_floor_spawned":[3,5,9,16,18,20,27,30,33,39,40,44,47,56],"ascension_level":3}}