{"host":"Troy","time":1611959213,"event":{"mods":["BaseMod","Colored Map","Highlight Path","Minty Spire (QoL Compilation)","Permanent Neow"],"gold_per_floor":[111,261,17,35,50,50,50,61,108,135,147,165,34,60,60,135,135,148,148,148,163,178,178,178,178],"floor_reached":24,"language":"ENG","playtime":1499,"items_purged":["Doubt"],"score":416,"play_id":"4c83ada7-c335-404e-82e4-3ef979aa58dc","local_time":"20210129172653","is_ascension_mode":true,"campfire_choices":[{"data":"Leg Sweep","floor":6.0,"key":"SMITH"},{"data":"Catalyst","floor":15.0,"key":"SMITH"},{"data":"Night Terror","floor":23.0,"key":"SMITH"}],"circlet_count":0,"master_deck":["AscendersBane","Strike_G+1","Strike_G+1","Strike_G+1","Defend_G+1","Defend_G+1","Defend_G+1","Defend_G+1","Survivor","Neutralize","Sucker Punch","Deadly Poison","Leg Sweep+1","Acrobatics","Catalyst+1","Reflex","Calculated Gamble","Bouncing Flask","Well Laid Plans","Malaise","Night Terror+1","Prepared","Terror","Backflip","Calculated Gamble+1"],"relics":["Cursed Key","Centennial Puzzle","Potion Belt","Ice Cream","Empty Cage"],"acts_visited":["Exordium","TheCity"],"potions_floor_usage":[24],"damage_taken":[{"damage":4.0,"enemies":"Small Slimes","floor":1.0,"turns":4.0},{"damage":0.0,"enemies":"Jaw Worm","floor":4.0,"turns":4.0},{"damage":1.0,"enemies":"Cultist","floor":5.0,"turns":3.0},{"damage":1.0,"enemies":"Red Slaver","floor":8.0,"turns":5.0},{"damage":23.0,"enemies":"3 Sentries","floor":10.0,"turns":12.0},{"damage":2.0,"enemies":"2 Fungi Beasts","floor":11.0,"turns":4.0},{"damage":1.0,"enemies":"Exordium Wildlife","floor":12.0,"turns":4.0},{"damage":3.0,"enemies":"Lagavulin","floor":14.0,"turns":4.0},{"damage":1.0,"enemies":"The Guardian","floor":16.0,"turns":8.0},{"damage":3.0,"enemies":"Spheric Guardian","floor":18.0,"turns":5.0},{"damage":16.0,"enemies":"2 Thieves","floor":21.0,"turns":5.0},{"damage":6.0,"enemies":"Snake Plant","floor":22.0,"turns":4.0},{"damage":37,"enemies":"Gremlin Leader","floor":24,"turns":4}],"seed_played":"-213415023854642551","potions_obtained":[{"floor":1.0,"key":"Energy Potion"},{"floor":10.0,"key":"DuplicationPotion"},{"floor":11.0,"key":"EssenceOfSteel"},{"floor":18.0,"key":"AttackPotion"}],"is_trial":false,"path_per_floor":["M","?","$","M","M","R","?","M","T","E","M","M","$","E","R","B",null,"M","?","?","M","M","R","E"],"character_chosen":"THE_SILENT","items_purchased":["Centennial Puzzle","Bouncing Flask","Well Laid Plans"],"campfire_rested":0,"item_purchase_floors":[3,13,13],"current_hp_per_floor":[55,55,55,55,54,54,54,53,53,30,28,27,27,24,24,23,55,52,52,52,36,30,30,0,0],"gold":178,"neow_bonus":"BOSS_RELIC","is_daily":false,"chose_seed":false,"campfire_upgraded":3,"win_rate":0.0,"timestamp":1611959213,"path_taken":["M","?","$","M","M","R","?","?","T","E","M","M","?","E","R","BOSS","M","?","?","M","?","R","E"],"items_purchased_type":["Relic","Card","Card"],"build_version":"2020-12-18","purchased_purges":1,"victory":false,"max_hp_per_floor":[66,66,66,66,66,66,66,66,66,66,66,66,66,66,66,66,66,66,66,66,66,66,66,66,66],"card_choices":[{"not_picked":["Setup","Flying Knee"],"picked":"Sucker Punch","floor":1.0},{"not_picked":["Choke","Endless Agony"],"picked":"Deadly Poison","floor":4.0},{"not_picked":["Caltrops","Deflect"],"picked":"Leg Sweep","floor":5.0},{"not_picked":["Outmaneuver","Cloak And Dagger"],"picked":"Acrobatics","floor":8.0},{"not_picked":["Malaise","Acrobatics"],"picked":"Catalyst","floor":10.0},{"not_picked":["PiercingWail","Blade Dance"],"picked":"Reflex","floor":11.0},{"not_picked":["Quick Slash","Dagger Spray"],"picked":"Calculated Gamble","floor":12.0},{"not_picked":["Flying Knee","Poisoned Stab"],"picked":"Malaise","floor":14.0},{"not_picked":["Venomology","Burst"],"picked":"Night Terror","floor":16.0},{"not_picked":["Backstab","Dagger Spray"],"picked":"Prepared","floor":18.0},{"not_picked":["Caltrops","Cloak And Dagger"],"picked":"Backflip","floor":21.0},{"not_picked":["Deflect","Slice+1"],"picked":"Calculated Gamble+1","floor":22.0}],"player_experience":4115828,"relics_obtained":[{"floor":10.0,"key":"Potion Belt"},{"floor":14.0,"key":"Ice Cream"}],"event_choices":[{"damage_healed":0.0,"max_hp_gain":0.0,"max_hp_loss":0.0,"gold_gain":150.0,"event_name":"Liars Game","player_choice":"AGREE","floor":2.0,"gold_loss":0.0,"damage_taken":0.0,"cards_obtained":["Doubt"]},{"cards_removed":["Strike_G"],"damage_healed":0.0,"max_hp_gain":0.0,"max_hp_loss":0.0,"gold_gain":0.0,"event_name":"Wheel of Change","player_choice":"Card Removal","floor":7.0,"gold_loss":0.0,"damage_taken":0.0},{"damage_healed":0.0,"max_hp_gain":0.0,"max_hp_loss":0.0,"gold_gain":0.0,"event_name":"Back to Basics","player_choice":"Simplicity","floor":19.0,"gold_loss":0.0,"damage_taken":0.0,"cards_upgraded":["Strike_G","Strike_G","Strike_G","Defend_G","Defend_G","Defend_G","Defend_G","Defend_G"]},{"damage_healed":0.0,"max_hp_gain":0.0,"max_hp_loss":0.0,"gold_gain":0.0,"cards_transformed":["Defend_G"],"event_name":"Transmorgrifier","player_choice":"Transformed","floor":20.0,"gold_loss":0.0,"damage_taken":0.0,"cards_obtained":["Terror"]}],"is_beta":true,"boss_relics":[{"not_picked":["Tiny House","Velvet Choker"],"picked":"Empty Cage"}],"items_purged_floors":[3],"is_endless":false,"potions_floor_spawned":[1,10,11,18],"killed_by":"Gremlin Leader","ascension_level":20}}