{"host":"d2y4rmbezebiv8aj","time":1611903541,"event":{"mods":["AchievementEnabler","BaseMod","Bestiary","BetterRewards","Colored Map","Colored Powertips","Custom Start","Highlight Path","Minty Spire (QoL Compilation)","Quick Restart","Rare Cards Sparkle","Relic Sorter","Relic Stats","Shop Mod","Slay-I","StSLib","SuperFastMode"],"gold_per_floor":[112,185,360,377,377,403,218,238,263,263,274,239,267,278,278,373,373,387,486,486,509,22,22,22],"floor_reached":23,"language":"DEU","playtime":816,"items_purged":[],"score":446,"play_id":"dc3d1ea9-b6fe-45b4-8deb-f38bc61727fe","local_time":"20210129075901","is_ascension_mode":true,"campfire_choices":[{"floor":10.0,"key":"REST"},{"floor":15,"key":"REST"}],"circlet_count":0,"master_deck":["AscendersBane","Strike_G","Strike_G","Strike_G","Strike_G","Strike_G","Defend_G","Defend_G","Defend_G","Defend_G+1","Defend_G+1","Survivor","Neutralize","Backstab","Flying Knee","Sucker Punch","Cloak And Dagger","Well Laid Plans","Backflip","Doubt","Dagger Throw","Backstab","Apotheosis","Malaise","All Out Attack","Envenom","CurseOfTheBell","Footwork+1","Noxious Fumes"],"relics":["Ring of the Snake","Orrery","Smiling Mask","Incense Burner","War Paint","Oddly Smooth Stone","Calling Bell","Tiny Chest","Meat on the Bone","Ice Cream","MealTicket","Shuriken","Lantern"],"acts_visited":["Exordium","TheCity"],"potions_floor_usage":[16],"damage_taken":[{"damage":0.0,"enemies":"2 Louse","floor":1.0,"turns":4.0},{"damage":4.0,"enemies":"Small Slimes","floor":4.0,"turns":3.0},{"damage":40.0,"enemies":"Gremlin Nob","floor":6.0,"turns":6.0},{"damage":1.0,"enemies":"Jaw Worm","floor":8.0,"turns":2.0},{"damage":0,"enemies":"Blue Slaver","floor":11,"turns":3},{"damage":48,"enemies":"3 Sentries","floor":13,"turns":11},{"damage":0,"enemies":"Looter","floor":14,"turns":3},{"damage":13,"enemies":"The Guardian","floor":16,"turns":18},{"damage":44,"enemies":"3 Byrds","floor":18,"turns":8},{"damage":41,"enemies":"Gremlin Leader","floor":23,"turns":7}],"seed_played":"-2144882428442623990","potions_obtained":[{"floor":4.0,"key":"AttackPotion"},{"floor":8.0,"key":"GhostInAJar"},{"floor":18,"key":"FearPotion"}],"is_trial":false,"path_per_floor":["M","?","?","M","?","E","$","M","T","R","M","?","E","M","R","B",null,"M","?","?","T","$","E"],"character_chosen":"THE_SILENT","items_purchased":["Orrery","Apotheosis","Shuriken","Lantern","Noxious Fumes"],"campfire_rested":2,"item_purchase_floors":[0,7,22,22,22],"current_hp_per_floor":[63,63,63,59,59,19,19,18,18,39,39,56,8,8,29,16,57,25,25,25,25,40,0,0],"gold":22,"neow_bonus":"","is_daily":false,"chose_seed":false,"campfire_upgraded":0,"win_rate":0.0,"timestamp":1611903541,"path_taken":["M","?","?","M","?","E","$","M","T","R","M","?","E","M","R","BOSS","M","?","?","?","$","E"],"items_purchased_type":["Relic","Card","Relic","Relic","Card"],"build_version":"2020-12-22","purchased_purges":0,"victory":false,"max_hp_per_floor":[70,70,70,70,70,70,70,70,70,70,70,70,70,70,70,70,70,70,70,70,70,70,70,70],"relic_stats":{"counters":[18,110],"Shuriken":[3],"Tiny Chest":0,"MealTicket":15,"War Paint":["Defend_G","Defend_G"],"Smiling Mask":0,"obtain_stats":[{"Ice Cream":17,"Girya":9,"Lantern":22,"Oddly Smooth Stone":13,"Incense Burner":6,"War Paint":9,"Smiling Mask":5,"Blood Vial":10,"Calling Bell":17,"Shuriken":22,"Orrery":0,"Tiny Chest":17,"MealTicket":21,"Turnip":8,"Ring of the Snake":0,"Meat on the Bone":17},{"Ice Cream":16,"Girya":5,"Lantern":17,"Oddly Smooth Stone":14,"Incense Burner":11,"War Paint":12,"Smiling Mask":10,"Blood Vial":5,"Calling Bell":16,"Shuriken":17,"Orrery":8,"Tiny Chest":16,"MealTicket":17,"Turnip":5,"Ring of the Snake":0,"Meat on the Bone":16},{"Ice Cream":95,"Girya":27,"Lantern":103,"Oddly Smooth Stone":74,"Incense Burner":58,"War Paint":60,"Smiling Mask":52,"Blood Vial":27,"Calling Bell":95,"Shuriken":103,"Orrery":45,"Tiny Chest":95,"MealTicket":103,"Turnip":27,"Ring of the Snake":0,"Meat on the Bone":95}],"Ring of the Snake":[36],"Meat on the Bone":12},"card_choices":[{"not_picked":["Doppelganger","Reflex"],"picked":"Backstab","floor":0.0},{"not_picked":["Dodge and Roll","Deflect"],"picked":"Flying Knee","floor":0.0},{"not_picked":["Dagger Spray","Dodge and Roll"],"picked":"Sucker Punch","floor":0.0},{"not_picked":["Poisoned Stab","Riddle With Holes"],"picked":"Cloak And Dagger","floor":0.0},{"not_picked":["Eviscerate","Riddle With Holes"],"picked":"Well Laid Plans","floor":0.0},{"not_picked":["Flechettes","Dagger Spray"],"picked":"Backflip","floor":1.0},{"not_picked":["Bane","Poisoned Stab"],"picked":"Dagger Throw","floor":4.0},{"not_picked":["Dagger Spray","Choke"],"picked":"Backstab","floor":6.0},{"not_picked":["Eviscerate","Skewer"],"picked":"Malaise","floor":8.0},{"not_picked":["Cloak And Dagger","Outmaneuver","Finisher"],"picked":"SKIP","floor":11},{"not_picked":["Underhanded Strike","Acrobatics","Dagger Throw"],"picked":"SKIP","floor":13},{"not_picked":["Acrobatics","Masterful Stab"],"picked":"All Out Attack","floor":14},{"not_picked":["Glass Knife","Grand Finale"],"picked":"Envenom","floor":16},{"not_picked":["Acrobatics","PiercingWail"],"picked":"Footwork+1","floor":18}],"player_experience":384661,"relics_obtained":[{"floor":6.0,"key":"Incense Burner"},{"floor":9.0,"key":"War Paint"},{"floor":13,"key":"Oddly Smooth Stone"},{"floor":17,"key":"Tiny Chest"},{"floor":17,"key":"Meat on the Bone"},{"floor":17,"key":"Ice Cream"},{"floor":21,"key":"MealTicket"}],"event_choices":[{"damage_healed":0.0,"max_hp_gain":0.0,"max_hp_loss":0.0,"gold_gain":73.0,"event_name":"Golden Wing","player_choice":"Gained Gold","floor":2.0,"gold_loss":0.0,"damage_taken":0.0},{"damage_healed":0.0,"max_hp_gain":0.0,"max_hp_loss":0.0,"gold_gain":175.0,"event_name":"Liars Game","player_choice":"AGREE","floor":3.0,"gold_loss":0.0,"damage_taken":0.0,"cards_obtained":["Doubt"]},{"damage_healed":0.0,"max_hp_gain":0.0,"max_hp_loss":0.0,"gold_gain":0.0,"event_name":"Big Fish","player_choice":"Box","floor":5.0,"gold_loss":0.0,"damage_taken":0.0,"relics_obtained":["Smiling Mask"],"cards_obtained":["Regret"]},{"damage_healed":17,"gold_gain":0,"player_choice":"Healed","damage_taken":0,"max_hp_gain":0,"max_hp_loss":0,"event_name":"The Cleric","floor":12,"gold_loss":35},{"damage_healed":0,"gold_gain":99,"player_choice":"Stole From Cult","damage_taken":0,"max_hp_gain":0,"max_hp_loss":0,"event_name":"Nest","floor":19,"gold_loss":0},{"cards_removed":["Regret"],"damage_healed":0,"gold_gain":0,"player_choice":"Elegance","damage_taken":0,"max_hp_gain":0,"max_hp_loss":0,"event_name":"Back to Basics","floor":20,"gold_loss":0}],"is_beta":false,"boss_relics":[{"not_picked":["Runic Dome","WristBlade"],"picked":"Calling Bell"}],"items_purged_floors":[],"is_endless":false,"potions_floor_spawned":[4,8,18],"killed_by":"Gremlin Leader","ascension_level":10}}