{"host":"0azimyi6n3ugndj4","time":1611955344,"event":{"mods":["2.2 Compatiblity","BaseMod","Bestiary","Conspire","Curses Come First","Defuse TimeMaze Blight","Hermit","Hubris","Hyrulean Relics","Infinite Spire","Keyboard Shortcuts","Minty Spire (QoL Compilation)","Relic Filter Mod","Relic Stats","Reliquary","Replay The Spire","StSLib","SuperFastMode","The Cursed","The Hierophant","Uncapped","¡¼?Úª?ø«¡½REMEMod"],"gold_per_floor":[196,196,28,172,172,172,307,307,332,332,461,635,785,785,785,1088,1088,1084,1084],"floor_reached":18,"language":"KOR","playtime":296,"items_purged":[],"score":432,"play_id":"654477bc-1730-4200-b5c6-d8f5c623974e","local_time":"20210130062224","daily_mods":["SealedDeck","Hoarder","Insanity","Chimera","Specialized","Vintage","ControlledChaos","Allstar","Diverse","Colorless Cards","Heirloom","Time Dilation","Flight","Elite Swarm","Lethality","Midas","Binary"],"is_ascension_mode":true,"campfire_choices":[{"floor":6,"key":"REST"},{"floor":8,"key":"REST"},{"floor":15,"key":"REST"}],"circlet_count":0,"master_deck":["Demon Form","Wraith Form v2","Echo Form","DevaForm","AscendersBane","Bash","Survivor","Zap","Strike_R","Strike_G","Strike_B","Defend_R","Defend_G","Defend_P","Replay:ManipulateFuture","TheCursedMod:Stigma","conspire:Banana","hubris:SharpeningStone","Replay:BasicMightCard","Clothesline","hierophant:ThreeLashes","hermit:CalledShot","TheCursedMod:RapidMovement","TheCursedMod:CursedStaff","hierophant:HammerAndAnvil","Protect","Blade Dance","Run Through","hermit:Shortfuse","FlyingSleeves","TheCursedMod:CircleOfBlood","REME_SingleHolding","Armaments","hermit:Grudge","TheCursedMod:Stretching","hermit:BodyArmor","Thunderclap","Rebound","TheCursedMod:LuckyCharm","TheCursedMod:RapidMovement","Deadly Poison","TheCursedMod:RavingStaff","Burning Pact","ReplayTheSpireMod:Limb From Limb","hierophant:Bribe","Cloak And Dagger","SandsOfTime","Replay:AtTheReady","Replay:Vibes","Sanctity","TheCursedMod:SurpriseAttack","Flash of Steel","Ghostly Armor","hierophant:Repentance","Hidden Blade","Compile Driver","Cold Snap","Steam","hierophant:PassingBell","hierophant:Shelter","PiercingWail","Dodge and Roll","ReplaySort","TheCursedMod:Obscuration","hierophant:Doubloon","hierophant:Doubloon","hierophant:Doubloon","hierophant:Doubloon","hierophant:Doubloon","hierophant:Doubloon","hierophant:Doubloon","hierophant:Doubloon","hierophant:Doubloon","hierophant:Doubloon","hierophant:Doubloon","hierophant:Doubloon","hierophant:Doubloon","hierophant:Doubloon","hierophant:Doubloon","hierophant:Charity","hierophant:Charity","hierophant:Charity","hierophant:Charity","hierophant:Charity","hierophant:Charity","hierophant:Charity","hierophant:Charity","hierophant:Charity","hierophant:Charity","hierophant:Charity","hierophant:Charity","hierophant:Charity","hierophant:Charity","hierophant:Charity","TheCursedMod:SpitefulPray","TheCursedMod:SpitefulPray","TheCursedMod:SpitefulPray","Exhume","Exhume","Exhume","Replay:Undeath\u0027s Touch","Replay:Undeath\u0027s Touch","Replay:Undeath\u0027s Touch","Corruption","Corruption","Corruption","Doubt","Doubt","Doubt","infinitespire:Execution","infinitespire:Execution","infinitespire:Execution","Exhume","Exhume","Exhume"],"relics":["TheCursedMod:BlackMagic101","Frozen Eye","Busted Crown","REME_ComplimentaryCards","hubris:Zylophone","hubris:DisguiseKit","hubris:Icosahedron","reliquary:BrokenClock","zeldaRelics:CourageTriforce","infinitespire:PuzzleCube","Fusion Hammer"],"acts_visited":["Exordium","TheCity"],"potions_floor_usage":[],"damage_taken":[{"damage":27,"enemies":"Cultist","floor":1,"turns":5},{"damage":0,"enemies":"Jaw Worm","floor":4,"turns":2},{"damage":0,"enemies":"Lagavulin","floor":7,"turns":4},{"damage":0,"enemies":"2 Louse","floor":11,"turns":2},{"damage":16,"enemies":"3 Sentries","floor":12,"turns":5},{"damage":46,"enemies":"Slime Boss","floor":16,"turns":6},{"damage":67,"enemies":"3 Byrds","floor":18,"turns":2}],"seed_played":"-4620311371002189201","potions_obtained":[{"floor":4,"key":"Venom Potion"},{"floor":11,"key":"infinitespire:BlackPotion"}],"is_trial":true,"path_per_floor":["M","?","$","M","?","R","E","R","T","?","M","E","?","?","R","B",null,"M"],"character_chosen":"THE_CURSED","items_purchased":["reliquary:BrokenClock"],"campfire_rested":3,"item_purchase_floors":[3],"current_hp_per_floor":[42,42,42,42,45,67,68,76,76,76,76,61,61,42,65,20,64,0,0],"gold":1084,"neow_bonus":"","is_daily":false,"chose_seed":false,"campfire_upgraded":0,"win_rate":0.0,"timestamp":1611955344,"path_taken":["M","?","?","?","?","R","E","R","T","?","?","E","?","?","R","BOSS","M"],"items_purchased_type":["Relic"],"build_version":"2020-12-22","purchased_purges":0,"victory":false,"max_hp_per_floor":[72,72,72,72,75,75,76,76,76,76,76,77,77,77,77,78,78,78,78],"relic_stats":{"Busted Crown":22,"counters":[7,26],"obtain_stats":[{"hubris:Zylophone":0,"TheCursedMod:BlackMagic101":0,"Frozen Eye":0,"hubris:DisguiseKit":1,"Busted Crown":0,"hubris:Icosahedron":2,"Fusion Hammer":17,"reliquary:BrokenClock":3,"zeldaRelics:CouragePiece":7,"infinitespire:PuzzleCube":11,"zeldaRelics:CourageTriforce":12,"REME_ComplimentaryCards":0},{"hubris:Zylophone":0,"TheCursedMod:BlackMagic101":0,"Frozen Eye":0,"hubris:DisguiseKit":1,"Busted Crown":0,"hubris:Icosahedron":1,"Fusion Hammer":6,"reliquary:BrokenClock":1,"zeldaRelics:CouragePiece":3,"infinitespire:PuzzleCube":4,"zeldaRelics:CourageTriforce":5,"REME_ComplimentaryCards":0},{"hubris:Zylophone":0,"TheCursedMod:BlackMagic101":0,"Frozen Eye":0,"hubris:DisguiseKit":5,"Busted Crown":0,"hubris:Icosahedron":5,"Fusion Hammer":24,"reliquary:BrokenClock":5,"zeldaRelics:CouragePiece":11,"infinitespire:PuzzleCube":13,"zeldaRelics:CourageTriforce":18,"REME_ComplimentaryCards":0}]},"card_choices":[{"not_picked":[],"picked":"Exhume","floor":7},{"not_picked":[],"picked":"Corruption","floor":12},{"not_picked":["infinitespire:FutureSight","ReplayTheSpireMod:Haul"],"picked":"infinitespire:Execution","floor":14},{"not_picked":[],"picked":"Exhume","floor":16}],"player_experience":1575232,"relics_obtained":[{"floor":1,"key":"hubris:DisguiseKit"},{"floor":7,"key":"zeldaRelics:CouragePiece"},{"floor":9,"key":"zeldaRelics:CouragePiece"},{"floor":11,"key":"infinitespire:PuzzleCube"},{"floor":12,"key":"zeldaRelics:CouragePiece"}],"event_choices":[{"damage_healed":0,"gold_gain":0,"cards_transformed":["Eruption"],"player_choice":"Transformed","damage_taken":0,"max_hp_gain":0,"max_hp_loss":0,"event_name":"Transmorgrifier","floor":10,"gold_loss":0,"cards_obtained":["Replay:Undeath\u0027s Touch"]},{"damage_healed":0,"gold_gain":150,"player_choice":"AGREE","damage_taken":0,"max_hp_gain":0,"max_hp_loss":0,"event_name":"Liars Game","floor":13,"gold_loss":0,"cards_obtained":["Doubt"]}],"is_beta":false,"boss_relics":[{"not_picked":["reliquary:Ember","Runic Pyramid"],"picked":"Fusion Hammer"}],"items_purged_floors":[],"is_endless":false,"potions_floor_spawned":[4,11,16],"killed_by":"3 Byrds","ascension_level":20}}