{"host":"wahmi3v2b4ozu27r","time":1611950996,"event":{"mods":["AchievementEnabler","Act Like it!","Astrologer","BaseMod","Colored Powertips","Energized Spire","Infinite Spire","Minty Spire (QoL Compilation)","Pale of the Ancients","Permanent Neow","Rare Cards Sparkle","Replay The Spire","Shop Mod","Spikes Relics","StSLib","The Animator","The Bug Knight","The Hierophant","The Problem Sleuth","TheBandit","TheFirefly","Trackpad","egg","everything is the same but u backflip on backflip","slay the spire mod where everything is the same but ironclad has a cowboy hat"],"gold_per_floor":[112,112,112,112,125,153,166,185,211,133,133,133,162,178,178,280,280,293,114,114,132,146,173,173,173],"floor_reached":24,"language":"ENG","playtime":2996,"items_purged":[],"score":253,"play_id":"933ad484-8722-4029-b2cd-d39018a294b3","local_time":"20210129150956","is_ascension_mode":false,"campfire_choices":[{"data":"Storm","floor":12,"key":"SMITH"},{"floor":15,"key":"REST"}],"circlet_count":0,"master_deck":["Strike_B","Strike_B","Strike_B","Strike_B","Defend_B","Defend_B","Defend_B","Defend_B","Zap","Dualcast","Crystallizer","Chill","Panic Button","Cold Snap","Leap","Storm+1","Sweeping Beam","Electrodynamics","Conserve Battery+1","BasicCrystalCard+1","Cold Snap+1","Chaos","Cold Snap+1"],"relics":["astrologer:SkyMirror","NeowsBlessing","SpikesRelics:DaevaFist","trackpad:IceCube","trackpad:Compendium","infinitespire:Lucky Rock","infinitespire:Cubic Diamond","trackpad:CultistFigurine","energizedSpire:EnergizedDie","Medical Kit","HollowMod:PaleOreRelic","Prayer Wheel"],"acts_visited":["Exordium","TheCity"],"potions_floor_usage":[13,16,16,23,23,24],"damage_taken":[{"damage":0,"enemies":"Jaw Worm","floor":1,"turns":1},{"damage":0,"enemies":"Small Slimes","floor":5,"turns":1},{"damage":0,"enemies":"Replay:BlueRogue","floor":6,"turns":1},{"damage":4,"enemies":"infinitespire:Voidling","floor":7,"turns":5},{"damage":21,"enemies":"3 Louse","floor":8,"turns":4},{"damage":5,"enemies":"3 Sentries","floor":13,"turns":13},{"damage":10,"enemies":"Looter","floor":14,"turns":2},{"damage":32,"enemies":"The Guardian","floor":16,"turns":14},{"damage":14,"enemies":"Shell Parasite","floor":18,"turns":6},{"damage":0,"enemies":"3 Byrds","floor":20,"turns":1},{"damage":8,"enemies":"Snake Plant","floor":21,"turns":4},{"damage":10,"enemies":"Centurion and Healer","floor":22,"turns":4},{"damage":35,"enemies":"Nightmare","floor":23,"turns":8},{"damage":19,"enemies":"3 Cultists","floor":24,"turns":4}],"seed_played":"9169124735772731834","potions_obtained":[{"floor":5,"key":"BlessingOfTheForge"},{"floor":6,"key":"Block Potion"},{"floor":14,"key":"SteroidPotion"},{"floor":16,"key":"CultistPotion"},{"floor":18,"key":"SkillPotion"},{"floor":22,"key":"Strength Potion"}],"is_trial":false,"path_per_floor":["M","?","$","?","M","E","M","M","T","$","?","R","E","M","R","B",null,"M","$","M","M","M","NM","M"],"character_chosen":"DEFECT","items_purchased":["Storm","Medical Kit","BasicCrystalCard+1"],"campfire_rested":1,"item_purchase_floors":[10,19,19],"current_hp_per_floor":[75,75,75,68,68,68,68,47,47,47,47,47,42,32,54,22,75,61,61,61,53,43,8,0,0],"gold":173,"neow_bonus":"THREE_ENEMY_KILL","is_daily":false,"chose_seed":false,"campfire_upgraded":1,"win_rate":0.0,"timestamp":1611950996,"path_taken":["M","?","$","?","M","E","?","M","T","$","?","R","E","M","R","BOSS","M","$","M","M","M","NM","M"],"items_purchased_type":["Card","Relic","Card"],"build_version":"2020-12-22","purchased_purges":0,"victory":false,"max_hp_per_floor":[75,75,75,75,75,75,75,75,75,75,75,75,75,75,75,75,75,75,75,75,75,75,75,75,75],"card_choices":[{"not_picked":["Consume","Doom and Gloom"],"picked":"Crystallizer","floor":1},{"not_picked":["Hologram","BootSequence"],"picked":"Chill","floor":5},{"not_picked":["Chaos","Go for the Eyes"],"picked":"Panic Button","floor":6},{"not_picked":["Hologram","Darkness"],"picked":"Cold Snap","floor":7},{"not_picked":["Hologram","Redo"],"picked":"Leap","floor":8},{"not_picked":["BootSequence","Steam"],"picked":"Sweeping Beam","floor":13},{"not_picked":["Melter","BasicCrystalCard","White Noise"],"picked":"SKIP","floor":14},{"not_picked":["Echo Form","ReplayTheSpireMod:Fabricate Wheel"],"picked":"Electrodynamics","floor":16},{"not_picked":["ReplayTheSpireMod:Calculation Training","Leap"],"picked":"Conserve Battery+1","floor":18},{"not_picked":["ReplayTheSpireMod:Repulse","Undo"],"picked":"Cold Snap+1","floor":20},{"not_picked":["Hologram","ReplaySort+1"],"picked":"Chaos","floor":21},{"not_picked":["Conserve Battery","Reinforced Body+1"],"picked":"Cold Snap+1","floor":22},{"not_picked":["Steam","Beam Cell+1"],"picked":"ReplayTheSpireMod:Fabricate Wheel","floor":23}],"player_experience":36214,"relics_obtained":[{"floor":2,"key":"SpikesRelics:DaevaFist"},{"floor":6,"key":"trackpad:Compendium"},{"floor":9,"key":"infinitespire:Lucky Rock"},{"floor":13,"key":"trackpad:CultistFigurine"},{"floor":23,"key":"HollowMod:PaleOreRelic"}],"event_choices":[{"damage_healed":0,"gold_gain":0,"player_choice":"Success","damage_taken":7,"relics_obtained":["trackpad:IceCube"],"max_hp_gain":0,"max_hp_loss":0,"event_name":"Scrap Ooze","floor":4,"gold_loss":0}],"is_beta":false,"boss_relics":[{"not_picked":["Inserter","SacredBark"],"picked":"energizedSpire:EnergizedDie"}],"items_purged_floors":[],"is_endless":false,"potions_floor_spawned":[5,6,14,16,18,22],"killed_by":"3 Cultists","ascension_level":0}}