{"host":"0fmi5fguj5lvt8pf","time":1611927683,"event":{"mods":["BaseMod","Colored Map","Curses Come First","Downfall","Minty Spire (QoL Compilation)","Permanent Neow","StSLib"],"gold_per_floor":[99,115,115,128,145,145,145,177,327,20,20,120,120,138,157,257,257,257,276,291,441,456,138,138,255,103,119,119,119,145,145,155,259,259,259,275,290,640,640,349,374,388,88,98,108,118,136,168,186,186,186,186,186],"floor_reached":52,"language":"ENG","playtime":3280,"items_purged":["bronze:Strike","bronze:Strike","bronze:CloningBeam"],"score":831,"play_id":"55ee02cc-3e55-46ca-ab77-080fd3a29923","local_time":"20210129054123","is_ascension_mode":false,"campfire_choices":[{"data":"bronze:Flail","floor":1.0,"key":"SMITH"},{"data":"bronze:Goto","floor":6.0,"key":"SMITH"},{"data":"bronze:BurnOut","floor":13.0,"key":"SMITH"},{"floor":18.0,"key":"RECALL"},{"data":"bronze:MaxOutput","floor":29.0,"key":"SMITH"},{"data":"bronze:Hardcode","floor":35.0,"key":"SMITH"},{"data":"bronze:SpaghettiCode","floor":43,"key":"SMITH"}],"circlet_count":0,"master_deck":["bronze:Defend","bronze:Defend","bronze:Defend","bronze:Replicate","bronze:Goto+1","bronze:BurnOut+1","bronze:Flail+1","bronze:OilSpill","bronze:OilSpill","bronze:OilSpill","bronze:Refactor","bronze:BuggyMess","bronze:Terminator","bronze:Repulsor+1","bronze:Shield","bronze:OilSpill","bronze:TinkerersToolbox","bronze:BuggyMess","bronze:HardenedForm","bronze:InfiniteBeams","bronze:InfiniteLoop","bronze:SpaghettiCode+1","bronze:HyperBeam","bronze:MaxOutput+1","bronze:BugBarrage","bronze:Constructor+1","bronze:BronzeOrb+1","bronze:FollowUp","bronze:FineTuning+1","bronze:Boost+1","bronze:Repulsor+1","bronze:GetLatest+1"],"relics":["bronze:BronzeCore","Gremlin Horn","Pen Nib","Mummified Hand","bronze:ElectromagneticCoil","Lee\u0027s Waffle","Pear","SlaversCollar","Old Coin","Membership Card","Happy Flower","Orichalcum","downfall:HeartBlessingRed","downfall:HeartBlessingGreen","downfall:HeartBlessingBlue","Ancient Tea Set"],"acts_visited":["Exordium","TheCity","TheBeyond","TheEnding"],"potions_floor_usage":[52],"damage_taken":[{"damage":0.0,"enemies":"Cultist","floor":2.0,"turns":2.0},{"damage":0.0,"enemies":"Small Slimes","floor":4.0,"turns":2.0},{"damage":0.0,"enemies":"Jaw Worm","floor":5.0,"turns":1.0},{"damage":23.0,"enemies":"Lagavulin","floor":8.0,"turns":4.0},{"damage":6.0,"enemies":"downfall:FleeingMerchant","floor":10.0,"turns":4.0},{"damage":22.0,"enemies":"downfall:Heads","floor":12.0,"turns":3.0},{"damage":12.0,"enemies":"Blue Slaver","floor":14.0,"turns":2.0},{"damage":11.0,"enemies":"Exordium Thugs","floor":15.0,"turns":3.0},{"damage":23.0,"enemies":"WA_ARCHETYPE_RETAIN","floor":16.0,"turns":5.0},{"damage":6.0,"enemies":"Spheric Guardian","floor":19.0,"turns":3.0},{"damage":21.0,"enemies":"Snake Plant","floor":20.0,"turns":3.0},{"damage":21.0,"enemies":"Sentry and Sphere","floor":22.0,"turns":4.0},{"damage":0.0,"enemies":"downfall:FleeingMerchant","floor":23.0,"turns":4.0},{"damage":12.0,"enemies":"downfall:FleeingMerchant","floor":25.0,"turns":3.0},{"damage":20.0,"enemies":"Centurion and Healer","floor":27.0,"turns":4.0},{"damage":16.0,"enemies":"Book of Stabbing","floor":30.0,"turns":3.0},{"damage":0.0,"enemies":"Cultist and Chosen","floor":32.0,"turns":3.0},{"damage":43.0,"enemies":"DF_ARCHETYPE_CLAW","floor":33.0,"turns":7.0},{"damage":13.0,"enemies":"3 Darklings","floor":36.0,"turns":5.0},{"damage":21.0,"enemies":"3 Shapes","floor":37.0,"turns":2.0},{"damage":14,"enemies":"3 Shapes","floor":38,"turns":5},{"damage":0,"enemies":"3 Darklings","floor":42,"turns":1},{"damage":18,"enemies":"Sphere and 2 Shapes","floor":44,"turns":4},{"damage":21,"enemies":"Spire Growth","floor":45,"turns":3},{"damage":6,"enemies":"4 Shapes","floor":46,"turns":1},{"damage":3,"enemies":"Writhing Mass","floor":47,"turns":4},{"damage":25,"enemies":"Reptomancer","floor":48,"turns":5},{"damage":17,"enemies":"Maw","floor":49,"turns":6},{"damage":4,"enemies":"SI_POISON_ARCHETYPE","floor":50,"turns":5},{"damage":36,"enemies":"downfall:CharBossMerchant","floor":52,"turns":4}],"seed_played":"-8392485260390076698","potions_obtained":[{"floor":8.0,"key":"FairyPotion"},{"floor":12.0,"key":"PowerPotion"},{"floor":19.0,"key":"Fire Potion"},{"floor":30.0,"key":"SpeedPotion"},{"floor":32.0,"key":"Block Potion"},{"floor":36.0,"key":"Ancient Potion"}],"is_trial":false,"path_per_floor":["R","M","?","M","M","R","T","E","?","$","?","?","R","M","M","B",null,"R","M","M","?","M","$","T","$","$","M","?","R","E","?","M","B",null,"R","M","M","?","?","?","T","M","R","M","M","M","M","E","M","B",null,"E"],"character_chosen":"THE_AUTOMATON","items_purchased":["Mummified Hand","bronze:Repulsor","bronze:InfiniteLoop","bronze:SpaghettiCode","bronze:MaxOutput","bronze:BugBarrage","Lee\u0027s Waffle","Membership Card","Happy Flower"],"campfire_rested":0,"item_purchase_floors":[10,10,23,23,25,25,26,40,40],"current_hp_per_floor":[63,63,63,63,63,63,63,40,40,34,55,33,33,33,34,23,63,63,57,36,36,15,15,15,3,70,50,50,50,44,44,44,1,80,80,67,46,32,90,90,90,90,100,82,61,55,52,27,10,6,100,64,64],"gold":186,"neow_bonus":"TRANSFORM_TWO_CARDS","is_daily":false,"chose_seed":false,"campfire_upgraded":6,"win_rate":0.0,"timestamp":1611927683,"path_taken":["R","M","?","?","M","R","T","E","?","$","?","?","R","?","M","BOSS","R","M","M","?","M","$","T","?","$","M","?","R","E","?","M","BOSS","R","M","M","?","?","?","T","M","R","?","M","M","?","E","M","BOSS","E"],"items_purchased_type":["Relic","Card","Card","Card","Card","Card","Relic","Relic","Relic"],"build_version":"2020-12-22","purchased_purges":3,"victory":false,"max_hp_per_floor":[63,63,63,63,63,63,63,63,63,63,63,63,63,63,63,63,63,63,63,63,63,63,63,63,63,70,70,70,70,80,80,80,80,80,80,80,80,80,90,90,90,90,100,100,100,100,100,100,100,100,100,100,100],"card_choices":[{"not_picked":["bronze:FineTuning","bronze:WildBeam"],"picked":"bronze:OilSpill","floor":2.0},{"not_picked":["bronze:FineTuning","bronze:Turbo"],"picked":"bronze:OilSpill","floor":4.0},{"not_picked":["bronze:OilSpill","bronze:Return"],"picked":"bronze:Refactor","floor":5.0},{"not_picked":["bronze:Iterate","bronze:WildBeam"],"picked":"bronze:BuggyMess","floor":8.0},{"not_picked":["bronze:Overload","bronze:DelayedGuard"],"picked":"bronze:Terminator","floor":10.0},{"not_picked":["bronze:Return","bronze:Allocate"],"picked":"bronze:Shield","floor":14.0},{"not_picked":["bronze:Branch","bronze:BuggyMess"],"picked":"bronze:OilSpill","floor":15.0},{"not_picked":["bronze:CleanCode","bronze:Library"],"picked":"bronze:TinkerersToolbox","floor":16.0},{"not_picked":["bronze:Branch+1","bronze:Shield"],"picked":"bronze:BuggyMess","floor":19.0},{"not_picked":["bronze:Iterate","bronze:BronzeArmor+1"],"picked":"bronze:HardenedForm","floor":20.0},{"not_picked":["bronze:Separator","bronze:BugBarrage"],"picked":"bronze:InfiniteBeams","floor":22.0},{"not_picked":["bronze:Repulsor","bronze:ItsAFeature","bronze:Deprecate"],"picked":"SKIP","floor":23.0},{"not_picked":["bronze:BuggyMess","bronze:Branch"],"picked":"bronze:HyperBeam","floor":25.0},{"not_picked":["bronze:CutThrough","bronze:Turbo","bronze:Safeguard+1"],"picked":"SKIP","floor":27.0},{"not_picked":["bronze:CutThrough","bronze:OilSpill+1"],"picked":"bronze:Constructor+1","floor":30.0},{"not_picked":["bronze:BugBarrage","bronze:Refactor+1","bronze:Overheat"],"picked":"SKIP","floor":32.0},{"not_picked":["bronze:ShipIt","bronze:Break"],"picked":"bronze:Hardcode","floor":33.0},{"not_picked":["bronze:InfiniteBeams","bronze:Safeguard+1"],"picked":"bronze:BronzeOrb+1","floor":36.0},{"not_picked":["bronze:Frontload","bronze:Turbo+1","bronze:ItsAFeature+1"],"picked":"SKIP","floor":37.0},{"not_picked":["bronze:CloningBeam+1","bronze:BitShift"],"picked":"bronze:FollowUp","floor":38},{"not_picked":["bronze:DarkDash","bronze:Frontload+1","bronze:Break"],"picked":"SKIP","floor":42},{"not_picked":["bronze:WhirlingStrike","bronze:Branch"],"picked":"bronze:FineTuning+1","floor":44},{"not_picked":["bronze:Philosophize+1","bronze:DarkDash"],"picked":"bronze:Boost+1","floor":45},{"not_picked":["bronze:DelayedGuard","bronze:Safeguard","bronze:DigitalCarnage+1"],"picked":"SKIP","floor":46},{"not_picked":["bronze:Turbo+1","bronze:WhirlingStrike+1","bronze:DelayedSlice"],"picked":"SKIP","floor":47},{"not_picked":["bronze:Allocate+1","bronze:BitShift+1"],"picked":"bronze:Repulsor+1","floor":48},{"not_picked":["bronze:Overload+1","bronze:NullPointer"],"picked":"bronze:GetLatest+1","floor":49}],"player_experience":1451221,"relics_obtained":[{"floor":7.0,"key":"Gremlin Horn"},{"floor":8.0,"key":"Pen Nib"},{"floor":12.0,"key":"Meat on the Bone"},{"floor":30.0,"key":"Pear"},{"floor":38,"key":"Old Coin"},{"floor":41,"key":"Orichalcum"},{"floor":48,"key":"Ancient Tea Set"}],"event_choices":[{"damage_healed":21.0,"max_hp_gain":0.0,"max_hp_loss":0.0,"gold_gain":0.0,"event_name":"Big Fish","player_choice":"Banana","floor":11.0,"gold_loss":0.0,"damage_taken":0.0}],"is_beta":false,"boss_relics":[{"not_picked":["Sozu","Black Star"],"picked":"bronze:ElectromagneticCoil"},{"not_picked":["sneckomod:SneckoTalon","Astrolabe"],"picked":"SlaversCollar"}],"items_purged_floors":[23,25,40],"is_endless":false,"potions_floor_spawned":[8,12,19,30,32,36,44,45,47,48],"killed_by":"downfall:CharBossMerchant","ascension_level":0}}