{"host":"9kesdg97wkrx2bva","time":1611904704,"event":{"mods":["AchievementEnabler","BaseMod","Colored Map","GifTheSpireLib","Infinite Spire","Minty Spire (QoL Compilation)","Replay The Spire","StSLib"],"gold_per_floor":[109,109,109,34,34,69,69,98,123,123,173,203,203,216,216,216,216],"floor_reached":16,"language":"ENG","playtime":377,"items_purged":["Defend_B"],"score":198,"play_id":"d7cd6227-0acd-43c3-b9f8-9c391e555a14","local_time":"20210129011824","is_ascension_mode":true,"campfire_choices":[{"floor":7,"key":"REST"},{"floor":10,"key":"REST"},{"data":"BasicCrystalCard","floor":13,"key":"SMITH"},{"data":"Strike_B","floor":15,"key":"PURGE"}],"circlet_count":0,"master_deck":["AscendersBane","Strike_B","Strike_B","Defend_B+1","Defend_B","Defend_B","Zap","Dualcast+1","Leap","Rebound","Loop","BasicCrystalCard+1","Capacitor"],"relics":["Cracked Core","Ornamental Fan","Carrot","infinitespire:SolderingIron","Juzu Bracelet","Odd Mushroom"],"acts_visited":["Exordium"],"potions_floor_usage":[8,14],"damage_taken":[{"damage":0,"enemies":"Cultist","floor":1,"turns":4},{"damage":24,"enemies":"Lagavulin","floor":6,"turns":7},{"damage":1,"enemies":"Replay:BlueRogue","floor":8,"turns":7},{"damage":14,"enemies":"The Mushroom Lair","floor":12,"turns":4},{"damage":6,"enemies":"2 Louse","floor":14,"turns":2},{"damage":30,"enemies":"Fading Forest","floor":16,"turns":7}],"seed_played":"8197581655241749546","potions_obtained":[{"floor":6,"key":"LifebloodPotion"},{"floor":12,"key":"PowerPotion"}],"is_trial":false,"path_per_floor":["M","?","?","$","?","E","R","E","T","R","?","?","R","M","R_BF","B"],"character_chosen":"DEFECT","items_purchased":[],"campfire_rested":2,"item_purchase_floors":[],"current_hp_per_floor":[64,43,32,32,32,8,29,28,28,49,42,28,28,22,22,0,0],"gold":216,"neow_bonus":"REMOVE_CARD","is_daily":false,"chose_seed":false,"campfire_upgraded":1,"win_rate":0.0,"timestamp":1611904704,"path_taken":["M","?","?","$","?","E","R","E","T","R","?","?","R","M","R_BF","BOSS"],"items_purchased_type":[],"build_version":"2020-12-22","purchased_purges":1,"victory":false,"max_hp_per_floor":[71,71,71,71,71,71,71,71,71,71,71,71,71,71,71,71,71],"card_choices":[{"not_picked":["Double Energy","Turbo"],"picked":"Leap","floor":1},{"not_picked":["Sweeping Beam","Conserve Battery"],"picked":"Rebound","floor":6},{"not_picked":["Auto Shields","Stack"],"picked":"Loop","floor":8},{"not_picked":["Turbo","Steam"],"picked":"BasicCrystalCard","floor":12},{"not_picked":["Barrage","Genetic Algorithm"],"picked":"Capacitor","floor":14}],"player_experience":982641,"relics_obtained":[{"floor":6,"key":"Carrot"},{"floor":8,"key":"infinitespire:SolderingIron"},{"floor":9,"key":"Juzu Bracelet"},{"floor":12,"key":"Odd Mushroom"}],"event_choices":[{"damage_healed":0,"gold_gain":0,"player_choice":"Entered Light","damage_taken":21,"max_hp_gain":0,"max_hp_loss":0,"event_name":"Shining Light","floor":2,"gold_loss":0,"cards_upgraded":["Dualcast","Defend_B"]},{"damage_healed":0,"gold_gain":0,"player_choice":"Success","damage_taken":11,"relics_obtained":["Ornamental Fan"],"max_hp_gain":0,"max_hp_loss":0,"event_name":"Scrap Ooze","floor":3,"gold_loss":0},{"damage_healed":0,"gold_gain":50,"player_choice":"Touch","damage_taken":7,"max_hp_gain":0,"max_hp_loss":0,"event_name":"FaceTrader","floor":11,"gold_loss":0},{"damage_healed":0,"gold_gain":0,"player_choice":"Fought Mushrooms","damage_taken":0,"max_hp_gain":0,"max_hp_loss":0,"event_name":"Mushrooms","floor":12,"gold_loss":0}],"is_beta":false,"boss_relics":[],"items_purged_floors":[4],"is_endless":false,"potions_floor_spawned":[6,12],"killed_by":"Fading Forest","ascension_level":18}}