{"host":"gcl3kjho9wmyw479","time":1611959290,"event":{"mods":["Act Like it!","BaseMod","Better Note","Minty Spire (QoL Compilation)","Permanent Neow","Quick Restart","Replay The Spire","Shop Mod","StSLib","SuperFastMode","Wandering Minibosses"],"gold_per_floor":[114,125,125,50,50,50,50,50,50,79,79,113,142,142,142,244,294,310,106,106,106,19,19,19,46,46,71,71,99,99,128,128,224,224,238,193,193,223,334,334,334,5,5,30,30,30,59,72,72,72,72,72,25,60,60,60],"floor_reached":55,"language":"ENG","playtime":3357,"items_purged":["Undo","Stack","Go for the Eyes"],"score":842,"play_id":"4d7806d8-6c28-43bd-b3d9-d200ac9fccf2","local_time":"20210129172810","daily_mods":["SealedDeck","Heirloom","Flight","DeadlyEvents","Elite Swarm"],"is_ascension_mode":true,"campfire_choices":[{"data":"Gash","floor":6,"key":"SMITH"},{"data":"Sweeping Beam","floor":7,"key":"SMITH"},{"data":"ReplayTheSpireMod:System Scan","floor":8,"key":"SMITH"},{"data":"Reprogram","floor":23,"key":"SMITH"},{"data":"Steam Power","floor":24,"key":"SMITH"},{"data":"Seek","floor":28,"key":"SMITH"},{"floor":30,"key":"RECALL"},{"data":"Hyperbeam","floor":40,"key":"SMITH"},{"data":"Leap","floor":41,"key":"SMITH"},{"floor":46,"key":"REST"},{"data":"Rebound","floor":49,"key":"SMITH"},{"data":"FTL","floor":52,"key":"SMITH"}],"circlet_count":0,"master_deck":["Leap+1","Self Repair+1","Leap+1","Reprogram+1","Steam Power+1","Gash+1","ReplayTheSpireMod:System Scan+1","Sweeping Beam+1","All For One+1","Hyperbeam+1","Rebound+1","FTL+1","Seek+1","Machine Learning+1","Scrape+1","Go for the Eyes+1","Crow Ritual+1","Gash+1","Machine Learning"],"relics":["Ring of Chaos","Durian","Runic Pyramid","ReplayTheSpireMod:Lightbulb","MerchantsRug","MutagenicStrength","Oddly Smooth Stone","Black Star","Akabeko","Ancient Tea Set","Lantern","Nunchaku","Bag of Preparation","Pocketwatch","Sling","Unceasing Top","Centennial Puzzle","Ginger","Carrot"],"acts_visited":["Exordium","TheCity","TheBeyond","TheEnding"],"potions_floor_usage":[10,18,33,55,55,55],"damage_taken":[{"damage":0,"enemies":"Cultist","floor":1,"turns":6},{"damage":10,"enemies":"Small Slimes","floor":2,"turns":4},{"damage":20,"enemies":"3 Sentries","floor":10,"turns":4},{"damage":13,"enemies":"Lagavulin","floor":12,"turns":6},{"damage":0,"enemies":"Replay:BlueRogue","floor":13,"turns":4},{"damage":5,"enemies":"Fading Forest","floor":16,"turns":11},{"damage":12,"enemies":"3 Byrds","floor":18,"turns":3},{"damage":11,"enemies":"Book of Stabbing","floor":25,"turns":3},{"damage":0,"enemies":"Gremlin Leader","floor":27,"turns":3},{"damage":1,"enemies":"Slavers","floor":29,"turns":2},{"damage":0,"enemies":"Gremlin Leader","floor":31,"turns":3},{"damage":0,"enemies":"Automaton","floor":33,"turns":4},{"damage":0,"enemies":"Orb Walker","floor":35,"turns":3},{"damage":45,"enemies":"Nemesis","floor":38,"turns":5},{"damage":0,"enemies":"Giant Head","floor":44,"turns":2},{"damage":23,"enemies":"Nemesis","floor":47,"turns":3},{"damage":0,"enemies":"3 Shapes","floor":48,"turns":2},{"damage":9,"enemies":"Replay:Hell Engine","floor":50,"turns":4},{"damage":1,"enemies":"Shield and Spear","floor":54,"turns":4},{"damage":100,"enemies":"The Heart","floor":55,"turns":3}],"seed_played":"-3012459284884529852","potions_obtained":[{"floor":1,"key":"Dexterity Potion"},{"floor":2,"key":"ColorlessPotion"},{"floor":17,"key":"Toxic Potion"},{"floor":25,"key":"Venom Potion"},{"floor":31,"key":"CultistPotion"},{"floor":33,"key":"Ancient Potion"},{"floor":39,"key":"Strength Potion"},{"floor":39,"key":"Regen Potion"},{"floor":48,"key":"Elixir"}],"is_trial":true,"path_per_floor":["M","M","WH","$","WH","R","R","R","T","E","$","E","E","?","R","B",null,"M","$","?","WH","$","R","R","E","T","E","R","E","R","E","R","B",null,"M","$","?","E","?","R","R","$","T","E","WH","R","E","M","R","B",null,"R","$","E","B"],"character_chosen":"DEFECT","items_purchased":["MerchantsRug","FTL","Scrape+1","Crow Ritual+1","Nunchaku","Sling","Unceasing Top","Centennial Puzzle","Dexterity Potion"],"campfire_rested":1,"item_purchase_floors":[19,22,36,42,42,53,53,53,53],"current_hp_per_floor":[80,77,77,77,77,77,77,77,77,64,64,58,65,58,80,80,85,83,83,83,83,83,83,83,82,82,85,85,85,85,85,85,85,85,85,85,85,50,50,50,50,50,50,60,60,85,86,96,96,97,99,99,99,99,0,0],"gold":60,"neow_bonus":"RANDOM_COMMON_RELIC","is_daily":false,"chose_seed":false,"campfire_upgraded":10,"win_rate":0.0,"timestamp":1611959290,"path_taken":["M","?","WH","$","WH","R","R","R","T","E","$","E","E","?","R","BOSS","M","$","?","WH","$","R","R","E","T","E","R","E","R","E","R","BOSS","M","$","?","?","?","R","R","$","T","E","WH","R","E","M","R","BOSS","R","$","E","BOSS"],"items_purchased_type":["Relic","Card","Card","Card","Relic","Relic","Relic","Relic","Potion"],"build_version":"2020-12-22","purchased_purges":3,"victory":false,"max_hp_per_floor":[80,80,80,80,80,80,80,80,80,80,80,80,80,80,80,80,85,85,85,85,85,85,85,85,85,85,85,85,85,85,85,85,85,85,85,85,85,85,85,85,85,85,85,85,85,85,99,99,99,99,99,99,99,99,99,99],"card_choices":[{"not_picked":["Rip and Tear","Lockon"],"picked":"Go for the Eyes","floor":1},{"not_picked":["Stack","Defragment"],"picked":"Sweeping Beam","floor":2},{"not_picked":["Reboot","Core Surge"],"picked":"All For One","floor":10},{"not_picked":["Mirror Shield","Thunder Strike"],"picked":"Hyperbeam","floor":12},{"not_picked":["Rainbow","Creative AI","ReplayTheSpireMod:Fabricate Wheel"],"picked":"SKIP","floor":13},{"not_picked":["Coolheaded","Doom and Gloom"],"picked":"Rebound","floor":17},{"not_picked":["Stack","Hologram","Coolheaded"],"picked":"SKIP","floor":18},{"not_picked":["Amplify","Rainbow"],"picked":"Seek","floor":25},{"not_picked":["Mirror Shield","Electrodynamics+1","ReplayTheSpireMod:Fabricate Wheel"],"picked":"SKIP","floor":27},{"not_picked":["Fission","Hyperbeam+1","All For One+1"],"picked":"SKIP","floor":29},{"not_picked":["Seek","Biased Cognition+1","ReplayTheSpireMod:Omega Cannon+1"],"picked":"SKIP","floor":31},{"not_picked":["ReplayTheSpireMod:Fabricate Wheel","Amplify"],"picked":"Machine Learning+1","floor":33},{"not_picked":["Stack+1","ReplayTheSpireMod:Repulse","Barrage+1"],"picked":"SKIP","floor":35},{"not_picked":["Multi-Cast","Electrodynamics+1","Fission"],"picked":"SKIP","floor":38},{"not_picked":["Skim","Compile Driver+1"],"picked":"Go for the Eyes+1","floor":39},{"not_picked":["ReplayTheSpireMod:Fabricate Wheel","Fission","Buffer+1"],"picked":"SKIP","floor":44},{"not_picked":["Darkness+1","Barrage+1"],"picked":"Gash+1","floor":46},{"not_picked":["Reboot","Creative AI+1","Echo Form+1"],"picked":"SKIP","floor":47},{"not_picked":["Lockon+1","Stack+1","BasicCrystalCard+1"],"picked":"SKIP","floor":48},{"not_picked":["Amplify","Buffer"],"picked":"Machine Learning","floor":54}],"player_experience":179453,"relics_obtained":[{"floor":10,"key":"ReplayTheSpireMod:Lightbulb"},{"floor":12,"key":"Smiling Mask"},{"floor":13,"key":"Omamori"},{"floor":25,"key":"Oddly Smooth Stone"},{"floor":26,"key":"Frozen Egg 2"},{"floor":27,"key":"Molten Egg 2"},{"floor":29,"key":"Toy Ornithopter"},{"floor":31,"key":"Matryoshka"},{"floor":38,"key":"Akabeko"},{"floor":38,"key":"Ancient Tea Set"},{"floor":39,"key":"Lantern"},{"floor":43,"key":"Bag of Preparation"},{"floor":43,"key":"Pocketwatch"},{"floor":44,"key":"Peace Pipe"},{"floor":44,"key":"Replay:Kaleidoscope"},{"floor":47,"key":"Mango"},{"floor":47,"key":"Blue Doll"},{"floor":54,"key":"Ginger"},{"floor":54,"key":"Carrot"}],"event_choices":[{"cards_removed":["All For One"],"damage_healed":0,"gold_gain":0,"player_choice":"Card Removal","damage_taken":7,"max_hp_gain":0,"max_hp_loss":0,"event_name":"Golden Wing","floor":14,"gold_loss":0},{"damage_healed":0,"gold_gain":0,"player_choice":"Inject Mutagens","damage_taken":0,"relics_obtained":["MutagenicStrength"],"max_hp_gain":0,"max_hp_loss":0,"event_name":"Drug Dealer","floor":20,"gold_loss":0},{"damage_healed":0,"gold_gain":0,"player_choice":"Ignored","damage_taken":0,"max_hp_gain":0,"max_hp_loss":0,"event_name":"SecretPortal","floor":37,"gold_loss":0}],"is_beta":false,"boss_relics":[{"not_picked":["Velvet Choker","Cursed Key"],"picked":"Tiny House"},{"not_picked":["ReplayTheSpireMod:DimensionalGlitch","Astrolabe"],"picked":"Black Star"}],"items_purged_floors":[4,19,22],"is_endless":false,"potions_floor_spawned":[1,2,25,31,33,47,48,54],"killed_by":"The Heart","ascension_level":4}}