{"host":"mku5fdaoqz3qihec","time":1611925409,"event":{"mods":["100% Spire Juice","2.2 Compatiblity","AchievementEnabler","Arknights The Spire","BaseMod","CapriCore","Colored Map","Colored Powertips","Hermit","Koishi","Minty Spire (QoL Compilation)","Rare Cards Sparkle","StSLib","SuperFastMode","The Dragon Tamer","The Immortal","The Servant 0.9.4"],"gold_per_floor":[110,110,35,35,35,67,87,119,119,137,163,163,177,187,187,289,289,309,408,408,393,393,393],"floor_reached":22,"language":"KOR","playtime":445,"items_purged":["ats:Strike V"],"score":311,"play_id":"b8b43277-9608-4e68-b6b7-ad0105e29ebe","local_time":"20210129220329","is_ascension_mode":true,"campfire_choices":[{"floor":12,"key":"REST"},{"floor":15,"key":"REST"}],"circlet_count":0,"master_deck":["ats:Strike C","ats:Strike G","ats:Strike S","ats:Armor Crushing Shot","ats:Defend","ats:Defend","ats:Defend","ats:Emotion Absorption","ats:Red Shift","ats:Powerful Strike","ats:Powerful Strike","ats:Mental Burst","ats:Rapid Magazine","ats:Echo Reverb","ats:Neurotoxin","ats:Disruption Kick","ats:Apocalypse+1","ats:Flexible Camouflage"],"relics":["ats:Sanity","NeowsBlessing","ats:Originium","Pear","Pantograph","Singing Bowl","Nunchaku","Sozu"],"acts_visited":["Exordium","TheCity"],"potions_floor_usage":[8,16,16,16],"damage_taken":[{"damage":0,"enemies":"Cultist","floor":1,"turns":1},{"damage":0,"enemies":"Lagavulin","floor":6,"turns":1},{"damage":0,"enemies":"2 Louse","floor":7,"turns":1},{"damage":30,"enemies":"3 Sentries","floor":8,"turns":8},{"damage":2,"enemies":"Jaw Worm","floor":10,"turns":2},{"damage":44,"enemies":"Lagavulin","floor":11,"turns":4},{"damage":17,"enemies":"Looter","floor":13,"turns":3},{"damage":12,"enemies":"Lots of Slimes","floor":14,"turns":2},{"damage":50,"enemies":"Slime Boss","floor":16,"turns":7},{"damage":28,"enemies":"Shell Parasite","floor":18,"turns":4},{"damage":29,"enemies":"2 Thieves","floor":21,"turns":4},{"damage":29,"enemies":"Snake Plant","floor":22,"turns":3}],"seed_played":"-6978322673345243081","potions_obtained":[{"floor":1,"key":"Block Potion"},{"floor":8,"key":"SneckoOil"},{"floor":13,"key":"ColorlessPotion"},{"floor":14,"key":"ColorlessPotion"}],"is_trial":false,"path_per_floor":["M","?","$","?","?","E","M","E","T","M","E","R","M","M","R","B",null,"M","?","?","M","M"],"character_chosen":"DOCTOR_CLASS","items_purchased":[],"campfire_rested":2,"item_purchase_floors":[],"current_hp_per_floor":[72,77,77,77,70,80,80,50,50,48,4,30,13,3,29,4,68,40,40,40,18,0,0],"gold":393,"neow_bonus":"THREE_ENEMY_KILL","is_daily":false,"chose_seed":false,"campfire_upgraded":0,"win_rate":0.0,"timestamp":1611925409,"path_taken":["M","?","$","?","?","E","M","E","T","M","E","R","M","?","R","BOSS","M","?","?","M","?"],"items_purchased_type":[],"build_version":"2020-12-22","purchased_purges":1,"victory":false,"max_hp_per_floor":[72,77,77,77,77,87,87,87,87,87,87,87,87,89,89,89,89,89,89,89,89,89,89],"card_choices":[{"not_picked":["ats:Overload","ats:Guard Mode"],"picked":"ats:Red Shift","floor":1},{"not_picked":["ats:Hammer On","ats:Shell Defense"],"picked":"ats:Powerful Strike","floor":6},{"not_picked":["ats:Closed Bolt Burst Fire","ats:Revitalization"],"picked":"ats:Powerful Strike","floor":7},{"not_picked":["ats:Steam Pump","ats:Shell Defense"],"picked":"ats:Mental Burst","floor":8},{"not_picked":["ats:Blood Oath","ats:Neurotoxin"],"picked":"ats:Rapid Magazine","floor":10},{"not_picked":["ats:Part Time Job","ats:Encircling Forest"],"picked":"ats:Echo Reverb","floor":11},{"not_picked":["ats:Closed Bolt Burst Fire","ats:Leaping Hammer"],"picked":"ats:Neurotoxin","floor":13},{"not_picked":["ats:Ignite","ats:Thorns","ats:Healing Drone"],"picked":"Singing Bowl","floor":14},{"not_picked":["ats:Durian","ats:Rat Pack"],"picked":"ats:Disruption Kick","floor":16},{"not_picked":["ats:Revitalization","ats:Healing Drone"],"picked":"ats:Apocalypse+1","floor":18},{"not_picked":["ats:Charging Defense+1","ats:Healing Drone"],"picked":"ats:Flexible Camouflage","floor":21}],"player_experience":291555,"relics_obtained":[{"floor":6,"key":"ats:Originium"},{"floor":6,"key":"Pear"},{"floor":8,"key":"ats:Originium"},{"floor":8,"key":"Pantograph"},{"floor":9,"key":"Singing Bowl"},{"floor":11,"key":"ats:Originium"},{"floor":11,"key":"Nunchaku"}],"event_choices":[{"damage_healed":0,"gold_gain":0,"player_choice":"Donut","damage_taken":0,"max_hp_gain":5,"max_hp_loss":0,"event_name":"Big Fish","floor":2,"gold_loss":0},{"damage_healed":0,"gold_gain":0,"player_choice":"Leave","damage_taken":0,"max_hp_gain":0,"max_hp_loss":0,"event_name":"The Cleric","floor":4,"gold_loss":0},{"cards_removed":["ats:Defend"],"damage_healed":0,"gold_gain":0,"player_choice":"Card Removal","damage_taken":7,"max_hp_gain":0,"max_hp_loss":0,"event_name":"Golden Wing","floor":5,"gold_loss":0},{"damage_healed":0,"gold_gain":99,"player_choice":"Stole From Cult","damage_taken":0,"max_hp_gain":0,"max_hp_loss":0,"event_name":"Nest","floor":19,"gold_loss":0},{"damage_healed":0,"gold_gain":0,"player_choice":"0 cards matched","damage_taken":0,"max_hp_gain":0,"max_hp_loss":0,"event_name":"Match and Keep!","floor":20,"gold_loss":0,"cards_obtained":[]}],"is_beta":false,"boss_relics":[{"not_picked":["SacredBark","Velvet Choker"],"picked":"Sozu"}],"items_purged_floors":[3],"is_endless":false,"potions_floor_spawned":[1,8,13,14,18],"killed_by":"Snake Plant","ascension_level":5}}