{"host":"ooa7gbxz3ilj1hm6","time":1611895878,"event":{"mods":["BaseMod","Colored Map","Downfall","Highlight Path","Minty Spire (QoL Compilation)","StSLib"],"gold_per_floor":[99,111,130,143,243,255,301,314,324,356,356,371,391,391,406,502,502,502,514,529,388,388,402,448,477,477,496,496,496,496,596,616,716,716,716,734,748,798,469,497,497,497,497,510,526,539,206,206,217,217,217,217],"floor_reached":50,"language":"ENG","playtime":3361,"items_purged":["Guardian:Strike_Guardian","Guardian:Strike_Guardian"],"score":525,"play_id":"a4097d05-cbb4-4e96-972b-23b8636d8505","local_time":"20210128215118","is_ascension_mode":false,"campfire_choices":[{"data":"Guardian:TwinSlam","floor":1,"key":"SMITH"},{"floor":11,"key":"REST"},{"data":"Guardian:TimeSifter","floor":18,"key":"SMITH"},{"data":"Guardian:DecasProtection","floor":26,"key":"SMITH"},{"floor":28,"key":"REST"},{"data":"Guardian:WalkerClaw","floor":30,"key":"SMITH"},{"data":"Guardian:StasisStrike","floor":35,"key":"SMITH"},{"floor":43,"key":"RECALL"}],"circlet_count":0,"master_deck":["Guardian:Strike_Guardian","Guardian:Defend_Guardian","Guardian:Defend_Guardian","Guardian:Defend_Guardian","Guardian:CurlUp","Guardian:TwinSlam+1","Guardian:WalkerClaw+1","Guardian:SentryBeam","Guardian:PiercingHide","Guardian:TemporalShield","Guardian:Suspension","Guardian:PiercingHide","Guardian:Planning","Guardian:TemporalStrike","Guardian:TimeSifter+1","Guardian:Recover","Guardian:StasisField","Guardian:ChargeCore","Guardian:TwinSlam+1","Guardian:DecasProtection+1","Guardian:EvasiveProtocol","Guardian:ShieldCharger+1","Guardian:StasisStrike+1","Guardian:ChargeCore+1","Guardian:ArmoredProtocol","Bandage Up","Guardian:PrismaticBeam","Guardian:BodySlam"],"relics":["Guardian:ModeShifter","Regal Pillow","Pen Nib","MealTicket","downfall:BrokenWingStatue","Busted Crown","Smiling Mask","Bronze Scales","downfall:GremlinWheel","Empty Cage","MawBank","Oddly Smooth Stone","Strawberry","Meat on the Bone","Vajra","Pantograph"],"acts_visited":["Exordium","TheCity","TheBeyond"],"potions_floor_usage":[],"damage_taken":[{"damage":0,"enemies":"2 Louse","floor":2,"turns":3},{"damage":1,"enemies":"Cultist","floor":3,"turns":3},{"damage":5,"enemies":"Small Slimes","floor":4,"turns":3},{"damage":13,"enemies":"3 Louse","floor":6,"turns":3},{"damage":9,"enemies":"Red Slaver","floor":8,"turns":3},{"damage":8,"enemies":"Lots of Slimes","floor":9,"turns":4},{"damage":13,"enemies":"Lagavulin","floor":10,"turns":7},{"damage":0,"enemies":"2 Fungi Beasts","floor":12,"turns":4},{"damage":0,"enemies":"Large Slime","floor":13,"turns":5},{"damage":9,"enemies":"Blue Slaver","floor":15,"turns":4},{"damage":49,"enemies":"WA_ARCHETYPE_RETAIN","floor":16,"turns":18},{"damage":10,"enemies":"Spheric Guardian","floor":19,"turns":6},{"damage":7,"enemies":"Snecko","floor":20,"turns":6},{"damage":0,"enemies":"downfall:FleeingMerchant","floor":21,"turns":4},{"damage":14,"enemies":"Snake Plant","floor":23,"turns":4},{"damage":17,"enemies":"Slavers","floor":25,"turns":11},{"damage":15,"enemies":"Centurion and Healer","floor":27,"turns":8},{"damage":4,"enemies":"Centurion and Healer","floor":31,"turns":4},{"damage":11,"enemies":"Shelled Parasite and Fungi","floor":32,"turns":7},{"damage":37,"enemies":"DF_ARCHETYPE_CLAW","floor":33,"turns":12},{"damage":3,"enemies":"Orb Walker","floor":36,"turns":3},{"damage":14,"enemies":"3 Darklings","floor":37,"turns":9},{"damage":15,"enemies":"downfall:FleeingMerchant","floor":39,"turns":4},{"damage":26,"enemies":"Nemesis","floor":40,"turns":11},{"damage":18,"enemies":"Spire Growth","floor":44,"turns":7},{"damage":16,"enemies":"Writhing Mass","floor":45,"turns":8},{"damage":5,"enemies":"Transient","floor":46,"turns":5},{"damage":15,"enemies":"Sphere and 2 Shapes","floor":49,"turns":5},{"damage":134,"enemies":"IC_BLOCK_ARCHETYPE","floor":50,"turns":4}],"seed_played":"-7850960474018451217","potions_obtained":[{"floor":4,"key":"Guardian:AcceleratePotion"},{"floor":6,"key":"FearPotion"},{"floor":9,"key":"Guardian:BlockOnCardUsePotion"}],"is_trial":false,"path_per_floor":["R","M","M","M","?","M","T","M","M","E","R","M","M","?","M","B",null,"R","M","M","$","?","M","T","E","R","M","R","?","R","?","M","B",null,"R","M","M","T","$","E","T","?","R","M","M","M","?","?","M","B"],"character_chosen":"GUARDIAN","items_purchased":["Guardian:ChargeCore","Oddly Smooth Stone","Guardian:ArmoredProtocol","Bandage Up"],"campfire_rested":2,"item_purchase_floors":[21,39,39,39],"current_hp_per_floor":[80,80,79,74,74,61,61,52,44,31,70,70,70,70,61,12,80,80,70,63,78,78,64,64,47,47,32,71,71,71,67,56,19,80,80,77,63,63,63,48,48,48,48,46,46,45,98,98,87,0,0,0],"gold":217,"neow_bonus":"RANDOM_COMMON_RELIC","is_daily":false,"chose_seed":false,"campfire_upgraded":5,"win_rate":0.0,"timestamp":1611895878,"path_taken":["R","M","M","M","?","M","T","M","M","E","R","M","M","?","M","BOSS","R","M","M","$","?","?","T","E","R","M","R","?","R","?","M","BOSS","R","M","M","?","$","E","T","?","R","M","M","?","?","?","M","BOSS"],"items_purchased_type":["Card","Relic","Card","Card"],"build_version":"2020-12-22","purchased_purges":2,"victory":false,"max_hp_per_floor":[80,80,80,80,80,80,80,80,80,80,80,80,80,80,80,80,80,80,80,80,80,80,80,80,80,80,80,80,80,80,80,80,80,80,80,80,80,80,80,87,87,87,87,87,87,87,98,98,98,98,98,98],"card_choices":[{"not_picked":["Guardian:Gem_Green","Guardian:EvasiveProtocol"],"picked":"Guardian:WalkerClaw","floor":2},{"not_picked":["Guardian:MultiBeam","Guardian:CrystalBeam"],"picked":"Guardian:Gem_Lightblue","floor":3},{"not_picked":["Guardian:Gem_Fragmented","Guardian:BodySlam"],"picked":"Guardian:Gem_Red","floor":4},{"not_picked":["Guardian:RollAttack","Guardian:Gem_Cyan"],"picked":"Guardian:SentryBeam","floor":6},{"not_picked":["Guardian:Emergency","Guardian:EvasiveProtocol"],"picked":"Guardian:PiercingHide","floor":8},{"not_picked":["Guardian:Gem_Lightblue","Guardian:Recover"],"picked":"Guardian:TemporalShield","floor":9},{"not_picked":["Guardian:TimeSifter","Guardian:WalkerClaw"],"picked":"Guardian:Suspension","floor":10},{"not_picked":["Guardian:TemporalStrike","Guardian:Gem_Red"],"picked":"Guardian:PiercingHide","floor":12},{"not_picked":["Guardian:RefractedBeam","Guardian:Preprogram"],"picked":"Guardian:Planning","floor":13},{"not_picked":["Guardian:GuardianWhirl","Guardian:Gem_White"],"picked":"Guardian:TemporalStrike","floor":15},{"not_picked":["Guardian:HyperBeam_Guardian","Guardian:StasisField"],"picked":"Guardian:TimeSifter","floor":16},{"not_picked":[],"picked":"Guardian:Recover","floor":19},{"not_picked":["Guardian:Gem_Lightblue"],"picked":"SKIP","floor":20},{"not_picked":[],"picked":"Guardian:StasisField","floor":21},{"not_picked":[],"picked":"Guardian:DecasProtection","floor":23},{"not_picked":[],"picked":"Guardian:EvasiveProtocol","floor":25},{"not_picked":[],"picked":"Guardian:ShieldCharger+1","floor":27},{"not_picked":["Guardian:Clone"],"picked":"SKIP","floor":32},{"not_picked":[],"picked":"Guardian:StasisStrike","floor":33},{"not_picked":[],"picked":"Guardian:Gem_Red","floor":36},{"not_picked":[],"picked":"Guardian:ChargeCore+1","floor":37},{"not_picked":[],"picked":"Guardian:Gem_Purple","floor":39},{"not_picked":[],"picked":"Guardian:PrismaticBeam","floor":40},{"not_picked":["Guardian:Preprogram+1"],"picked":"SKIP","floor":44},{"not_picked":[],"picked":"Guardian:BodySlam","floor":45},{"not_picked":["Guardian:Gem_Cyan"],"picked":"SKIP","floor":46},{"not_picked":["Guardian:CrystalBeam+1"],"picked":"SKIP","floor":49}],"player_experience":50213,"relics_obtained":[{"floor":7,"key":"Pen Nib"},{"floor":10,"key":"MealTicket"},{"floor":24,"key":"Smiling Mask"},{"floor":25,"key":"Bronze Scales"},{"floor":31,"key":"downfall:GremlinWheel"},{"floor":38,"key":"MawBank"},{"floor":40,"key":"Strawberry"},{"floor":41,"key":"Meat on the Bone"},{"floor":42,"key":"Vajra"},{"floor":43,"key":"Pantograph"}],"event_choices":[{"damage_healed":0,"gold_gain":0,"player_choice":"Relic","damage_taken":0,"max_hp_gain":0,"max_hp_loss":0,"event_name":"Wheel of Change","floor":42,"gold_loss":0},{"damage_healed":0,"gold_gain":0,"player_choice":"Relic","damage_taken":0,"max_hp_gain":0,"max_hp_loss":0,"event_name":"Wheel of Change","floor":43,"gold_loss":0}],"is_beta":false,"boss_relics":[{"not_picked":["Snecko Eye","Coffee Dripper"],"picked":"Busted Crown"},{"not_picked":["Tiny House","Runic Dome"],"picked":"Empty Cage"}],"items_purged_floors":[21,39],"is_endless":false,"potions_floor_spawned":[4,6,9,10,13,16,23,25,27,31,33,36,40,46,49],"killed_by":"IC_BLOCK_ARCHETYPE","ascension_level":0}}