{"host":"rzjc4nrqz5d54r3r","time":1611911096,"event":{"mods":["BaseMod","Colored Map","Keyboard Shortcuts","Minty Spire (QoL Compilation)","Quick Restart","StSLib","SuperFastMode","everything is the same but u backflip on backflip"],"gold_per_floor":[115,168,183,195,195,195,230,240,240,264,276,307,319,347,359,476,488,519,531,555,567,19,19,50,68,68,82,82,82,110,10,10,10,10],"floor_reached":33,"language":"KOR","playtime":885,"items_purged":["Strike_G","Strike_G"],"score":413,"play_id":"070b8f57-4122-48c9-bced-dbb8e7ddd8c1","local_time":"20210129180456","is_ascension_mode":true,"campfire_choices":[{"data":"Deadly Poison","floor":6.0,"key":"SMITH"},{"data":"Cloak And Dagger","floor":11.0,"key":"SMITH"},{"data":"Malaise","floor":15.0,"key":"SMITH"},{"data":"Bouncing Flask","floor":23.0,"key":"SMITH"},{"floor":32.0,"key":"REST"}],"circlet_count":0,"master_deck":["Defend_G","Defend_G","Defend_G","Defend_G","Defend_G","Survivor","Neutralize","PiercingWail","Distraction+1","Deadly Poison+1","Malaise+1","Dagger Spray","Cloak And Dagger+1","Tactician","Blur","Wraith Form v2","Corpse Explosion+1","Sucker Punch+1","Storm of Steel+1","Catalyst+1","Bouncing Flask+1","Noxious Fumes+1","Outmaneuver+1"],"relics":["Ring of the Snake","Juzu Bracelet","StoneCalendar","MawBank","Astrolabe","ClockworkSouvenir","Vajra","Nunchaku","Pear","Blood Vial","Bronze Scales"],"acts_visited":["Exordium","TheCity"],"potions_floor_usage":[33,33],"damage_taken":[{"damage":0.0,"enemies":"Cultist","floor":1.0,"turns":4.0},{"damage":0.0,"enemies":"Small Slimes","floor":3.0,"turns":4.0},{"damage":0.0,"enemies":"2 Louse","floor":4.0,"turns":3.0},{"damage":26.0,"enemies":"3 Sentries","floor":7.0,"turns":9.0},{"damage":16.0,"enemies":"Exordium Wildlife","floor":8.0,"turns":3.0},{"damage":4.0,"enemies":"Blue Slaver","floor":10.0,"turns":5.0},{"damage":12.0,"enemies":"Exordium Thugs","floor":12.0,"turns":2.0},{"damage":5.0,"enemies":"2 Fungi Beasts","floor":14.0,"turns":4.0},{"damage":0.0,"enemies":"Hexaghost","floor":16.0,"turns":9.0},{"damage":15.0,"enemies":"Spheric Guardian","floor":18.0,"turns":7.0},{"damage":6.0,"enemies":"Shell Parasite","floor":20.0,"turns":7.0},{"damage":21.0,"enemies":"Gremlin Leader","floor":24.0,"turns":7.0},{"damage":17.0,"enemies":"Centurion and Healer","floor":25.0,"turns":7.0},{"damage":16.0,"enemies":"Snake Plant","floor":27.0,"turns":3.0},{"damage":9.0,"enemies":"Book of Stabbing","floor":30.0,"turns":6.0},{"damage":49,"enemies":"Automaton","floor":33,"turns":6}],"seed_played":"8952753035357415230","potions_obtained":[{"floor":1.0,"key":"GamblersBrew"},{"floor":3.0,"key":"EntropicBrew"},{"floor":10.0,"key":"PowerPotion"},{"floor":16.0,"key":"LiquidBronze"},{"floor":24.0,"key":"BlessingOfTheForge"},{"floor":25.0,"key":"SkillPotion"},{"floor":30.0,"key":"DistilledChaos"}],"is_trial":false,"path_per_floor":["M","T","M","M","?","R","E","M","T","M","R","M","?","M","R","B",null,"M","?","M","?","$","R","E","M","T","M","?","?","E","$","R","B"],"character_chosen":"THE_SILENT","items_purchased":["Bouncing Flask","ClockworkSouvenir","Vajra","Nunchaku"],"campfire_rested":1,"item_purchase_floors":[22,22,22,22],"current_hp_per_floor":[77,77,77,77,77,77,51,35,35,31,31,19,19,14,14,14,77,62,62,56,56,56,56,45,28,28,14,14,14,7,7,33,0,0],"gold":10,"neow_bonus":"TEN_PERCENT_HP_BONUS","is_daily":false,"chose_seed":false,"campfire_upgraded":4,"win_rate":0.0,"timestamp":1611911096,"path_taken":["M","?","M","M","?","R","E","M","T","M","R","M","?","M","R","BOSS","M","?","M","?","$","R","E","M","T","M","?","?","E","?","R","BOSS"],"items_purchased_type":["Card","Relic","Relic","Relic"],"build_version":"2020-12-22","purchased_purges":2,"victory":false,"max_hp_per_floor":[77,77,77,77,77,77,77,77,77,77,77,77,77,77,77,77,77,77,77,77,77,77,77,87,87,87,87,87,87,87,87,87,87,87],"card_choices":[{"not_picked":["Deadly Poison","All Out Attack"],"picked":"PiercingWail","floor":1.0},{"not_picked":["Slice","PiercingWail"],"picked":"Distraction","floor":3.0},{"not_picked":["Slice","Quick Slash"],"picked":"Deadly Poison","floor":4.0},{"not_picked":["Predator","Underhanded Strike"],"picked":"Malaise","floor":7.0},{"not_picked":["Underhanded Strike","Predator"],"picked":"Dagger Spray","floor":8.0},{"not_picked":["Tactician","Expertise"],"picked":"Cloak And Dagger","floor":10.0},{"not_picked":["Endless Agony","Flechettes"],"picked":"Tactician","floor":12.0},{"not_picked":["Tactician","Dodge and Roll"],"picked":"Blur","floor":14.0},{"not_picked":["Night Terror","Die Die Die"],"picked":"Wraith Form v2","floor":16.0},{"not_picked":["Bouncing Flask+1","Acrobatics"],"picked":"Catalyst+1","floor":18.0},{"not_picked":["Choke+1","Riddle With Holes","Masterful Stab"],"picked":"SKIP","floor":20.0},{"not_picked":["Outmaneuver","Endless Agony"],"picked":"Noxious Fumes","floor":24.0},{"not_picked":["Caltrops+1","Slice","Reflex"],"picked":"SKIP","floor":25.0},{"not_picked":["Underhanded Strike","Infinite Blades","Cloak And Dagger"],"picked":"SKIP","floor":27.0},{"not_picked":["Calculated Gamble","Die Die Die"],"picked":"Outmaneuver+1","floor":30.0}],"player_experience":39113,"relics_obtained":[{"floor":2.0,"key":"Juzu Bracelet"},{"floor":7.0,"key":"StoneCalendar"},{"floor":9.0,"key":"MawBank"},{"floor":24.0,"key":"Pear"},{"floor":26.0,"key":"Blood Vial"},{"floor":30.0,"key":"Bronze Scales"}],"event_choices":[{"damage_healed":0.0,"max_hp_gain":0.0,"max_hp_loss":0.0,"gold_gain":0.0,"event_name":"Living Wall","player_choice":"Grow","floor":5.0,"gold_loss":0.0,"damage_taken":0.0,"cards_upgraded":["Distraction"]},{"damage_healed":0.0,"max_hp_gain":0.0,"max_hp_loss":0.0,"gold_gain":0.0,"event_name":"Liars Game","player_choice":"Ignored","floor":13.0,"gold_loss":0.0,"damage_taken":0.0},{"damage_healed":0.0,"max_hp_gain":0.0,"max_hp_loss":0.0,"gold_gain":0.0,"event_name":"Ghosts","player_choice":"Ignored","floor":19.0,"gold_loss":0.0,"damage_taken":0.0},{"damage_healed":0.0,"max_hp_gain":0.0,"max_hp_loss":0.0,"gold_gain":0.0,"event_name":"Vampires","player_choice":"Ignored","floor":21.0,"gold_loss":0.0,"damage_taken":0.0},{"damage_healed":0.0,"max_hp_gain":0.0,"max_hp_loss":0.0,"gold_gain":0.0,"event_name":"Upgrade Shrine","player_choice":"Upgraded","floor":29.0,"gold_loss":0.0,"damage_taken":0.0,"cards_upgraded":["Noxious Fumes"]}],"is_beta":false,"boss_relics":[{"not_picked":["Coffee Dripper","Runic Pyramid"],"picked":"Astrolabe"}],"items_purged_floors":[22,31],"is_endless":false,"potions_floor_spawned":[1,3,10,12,16,24,25,30],"killed_by":"Automaton","ascension_level":3}}