{"host":"h5golg54dem4i27y","time":1611898893,"event":{"mods":["BaseMod","Colored Map","Colored Powertips","Minty Spire (QoL Compilation)","Replay The Spire","StSLib","SuperFastMode","The Hierophant"],"gold_per_floor":[216,216,39,55,55,55,67,99,126,142,152,0,17,39,39,144,144,155,155,174,174,174],"floor_reached":21,"language":"KOR","playtime":683,"items_purged":["Strike_G","Defend_G"],"score":290,"play_id":"bed01e50-dc2a-4ea7-a58f-33512ec7828a","local_time":"20210129144133","is_ascension_mode":true,"campfire_choices":[{"data":"Poisoned Stab","floor":6,"key":"SMITH"},{"floor":15,"key":"REST"}],"circlet_count":0,"master_deck":["AscendersBane","Strike_G","Strike_G","Strike_G","Strike_G","Defend_G","Defend_G","Defend_G","Defend_G","Survivor","Neutralize","Backstab","Poisoned Stab+1","PiercingWail","Flying Knee","Hidden Blade","Masterful Stab","Blade Dance","Quick Slash","Prepared","Finisher"],"relics":["Ring of the Snake","ReplayTheSpireMod:Ring of Exchange","Ornamental Fan","Centennial Puzzle","Odd Mushroom","Sling"],"acts_visited":["Exordium","TheCity"],"potions_floor_usage":[8,13,16,16,20,21],"damage_taken":[{"damage":0.0,"enemies":"Cultist","floor":1.0,"turns":4.0},{"damage":0,"enemies":"Small Slimes","floor":4,"turns":3},{"damage":0,"enemies":"Jaw Worm","floor":7,"turns":4},{"damage":20,"enemies":"Replay:BlueRogue","floor":8,"turns":7},{"damage":0,"enemies":"Blue Slaver","floor":10,"turns":3},{"damage":0,"enemies":"3 Louse","floor":11,"turns":3},{"damage":0,"enemies":"Exordium Wildlife","floor":13,"turns":2},{"damage":16,"enemies":"The Mushroom Lair","floor":14,"turns":4},{"damage":8,"enemies":"Hexaghost","floor":16,"turns":8},{"damage":27,"enemies":"Shell Parasite","floor":18,"turns":5},{"damage":18,"enemies":"Spheric Guardian","floor":20,"turns":4},{"damage":23,"enemies":"Snake Plant","floor":21,"turns":4}],"seed_played":"5950467210736182069","potions_obtained":[{"floor":1.0,"key":"Block Potion"},{"floor":10,"key":"CultistPotion"},{"floor":13,"key":"SkillPotion"},{"floor":16,"key":"PowerPotion"},{"floor":18,"key":"Dexterity Potion"},{"floor":20,"key":"AttackPotion"}],"is_trial":false,"path_per_floor":["M","?","$","M","?","R","M","E","T","M","M","$","M","?","R","B",null,"M","?","M","M"],"character_chosen":"THE_SILENT","items_purchased":["Poisoned Stab","Swift Potion","Blade Dance"],"campfire_rested":1,"item_purchase_floors":[3,3,12],"current_hp_per_floor":[63,63,63,63,63,63,63,43,43,43,43,43,43,27,48,40,63,36,36,18,0,0],"gold":174,"neow_bonus":"HUNDRED_GOLD","is_daily":false,"chose_seed":false,"campfire_upgraded":1,"win_rate":0.0,"timestamp":1611898893,"path_taken":["M","?","$","M","?","R","M","E","T","M","M","$","M","?","R","BOSS","M","?","M","M"],"items_purchased_type":["Card","Potion","Card"],"build_version":"2020-12-22","purchased_purges":2,"victory":false,"max_hp_per_floor":[70,70,70,70,70,70,70,70,70,70,70,70,70,70,70,70,70,70,70,70,70,70],"card_choices":[{"not_picked":["Underhanded Strike","Predator"],"picked":"Backstab","floor":1.0},{"not_picked":["Dash","Slice"],"picked":"PiercingWail","floor":4},{"not_picked":["Sucker Punch","PiercingWail","Bane"],"picked":"SKIP","floor":7},{"not_picked":["Deadly Poison","Draining Mist"],"picked":"Flying Knee","floor":8},{"not_picked":["Burst","ReplayTheSpireMod:Shiv Toss"],"picked":"Hidden Blade","floor":10},{"not_picked":["Prepared","ReplayTheSpireMod:Shiv Toss"],"picked":"Masterful Stab","floor":11},{"not_picked":["Reflex","Dagger Throw","Crippling Poison"],"picked":"SKIP","floor":13},{"not_picked":["Hidden Blade","Dagger Spray"],"picked":"Quick Slash","floor":14},{"not_picked":["Deflect","Slice"],"picked":"Prepared","floor":18},{"not_picked":["Dagger Throw","Sucker Punch"],"picked":"Finisher","floor":20}],"player_experience":649413,"relics_obtained":[{"floor":5,"key":"ReplayTheSpireMod:Ring of Exchange"},{"floor":8,"key":"Ornamental Fan"},{"floor":9,"key":"Centennial Puzzle"},{"floor":14,"key":"Odd Mushroom"}],"event_choices":[{"damage_healed":0.0,"max_hp_gain":0.0,"max_hp_loss":0.0,"gold_gain":0.0,"event_name":"Liars Game","player_choice":"Ignored","floor":2.0,"gold_loss":0.0,"damage_taken":0.0},{"damage_healed":0,"gold_gain":0,"player_choice":"Fought Mushrooms","damage_taken":0,"max_hp_gain":0,"max_hp_loss":0,"event_name":"Mushrooms","floor":14,"gold_loss":0},{"damage_healed":0,"gold_gain":0,"player_choice":"Ignored","damage_taken":0,"max_hp_gain":0,"max_hp_loss":0,"event_name":"Vampires","floor":19,"gold_loss":0}],"is_beta":false,"boss_relics":[{"not_picked":["Replay:Ancient Bell","Replay:Drink Me"],"picked":"Sling"}],"items_purged_floors":[3,12],"is_endless":false,"potions_floor_spawned":[1,7,10,13,16,18,20],"killed_by":"Snake Plant","ascension_level":12}}