{"host":"dhlnk6yox2l1s6up","time":1611889482,"event":{"mods":["BaseMod","Bestiary","Colored Map","Highlight Path","Minty Spire (QoL Compilation)","Relic Stats","StSLib"],"gold_per_floor":[112,187,197,197,197,197,227,237,237,237,270,285,299,334,334,435,435,452,452,462,495,495,522,522,547,547,564,597,35,54,65,65,169,169,180,180,194,194,211,243,243,259,259,287,337,337,44,77,77,77,77,77,28,59,59],"floor_reached":56,"language":"ENG","playtime":13710,"items_purged":["Normality"],"score":1998,"play_id":"b7edad7a-c435-4964-91f3-de90172f0d51","local_time":"20210128210442","is_ascension_mode":true,"campfire_choices":[{"data":"Sweeping Beam","floor":6.0,"key":"SMITH"},{"data":"Zap","floor":10.0,"key":"SMITH"},{"data":"Conserve Battery","floor":15.0,"key":"SMITH"},{"data":"Coolheaded","floor":24.0,"key":"SMITH"},{"data":"RitualDagger","floor":32.0,"key":"SMITH"},{"floor":41.0,"key":"RECALL"},{"data":"Defragment","floor":49.0,"key":"SMITH"},{"data":"Blind","floor":52.0,"key":"SMITH"}],"circlet_count":0,"master_deck":["Strike_B","Strike_B+1","Strike_B","Defend_B","Defend_B","Defend_B","Defend_B","Zap+1","Dualcast","Beam Cell+1","Sweeping Beam+1","Rebound+1","Conserve Battery+1","Coolheaded","Coolheaded+1","Echo Form","Reinforced Body+1","RitualDagger+1","Double Energy+1","Sweeping Beam+1","BootSequence+1","Skim","Undo+1","Defragment+1","Static Discharge","Echo Form","Glacier","Trip","Blind+1","Loop+1","Barrage+1","Parasite","Hologram"],"relics":["Cracked Core","NeowsBlessing","Singing Bowl","StrikeDummy","Dead Branch","Eternal Feather","FossilizedHelix","Cursed Key","Red Mask","Blue Candle","Pantograph","Pocketwatch","Art of War","Whetstone","InkBottle","Inserter","Molten Egg 2","Boot","Prayer Wheel","Anchor","Chemical X","Meat on the Bone","Akabeko"],"acts_visited":["Exordium","TheCity","TheBeyond","TheEnding"],"potions_floor_usage":[55,55,55],"damage_taken":[{"damage":0.0,"enemies":"Small Slimes","floor":1.0,"turns":1.0},{"damage":0.0,"enemies":"Jaw Worm","floor":3.0,"turns":1.0},{"damage":0.0,"enemies":"Lagavulin","floor":7.0,"turns":1.0},{"damage":0.0,"enemies":"2 Louse","floor":8.0,"turns":1.0},{"damage":15.0,"enemies":"3 Sentries","floor":11.0,"turns":5.0},{"damage":0.0,"enemies":"Looter","floor":12.0,"turns":2.0},{"damage":5.0,"enemies":"2 Fungi Beasts","floor":13.0,"turns":2.0},{"damage":22.0,"enemies":"Gremlin Nob","floor":14.0,"turns":3.0},{"damage":9.0,"enemies":"The Guardian","floor":16.0,"turns":12.0},{"damage":0.0,"enemies":"Spheric Guardian","floor":18.0,"turns":5.0},{"damage":0.0,"enemies":"2 Thieves","floor":20.0,"turns":3.0},{"damage":21.0,"enemies":"Masked Bandits","floor":21.0,"turns":4.0},{"damage":3.0,"enemies":"Gremlin Leader","floor":23.0,"turns":9.0},{"damage":21.0,"enemies":"Book of Stabbing","floor":25.0,"turns":5.0},{"damage":0.0,"enemies":"Snecko","floor":27.0,"turns":4.0},{"damage":31.0,"enemies":"Gremlin Leader","floor":28.0,"turns":6.0},{"damage":0.0,"enemies":"Centurion and Healer","floor":30.0,"turns":5.0},{"damage":0.0,"enemies":"Snake Plant","floor":31.0,"turns":3.0},{"damage":0.0,"enemies":"Champ","floor":33.0,"turns":16.0},{"damage":0.0,"enemies":"Orb Walker","floor":35.0,"turns":4.0},{"damage":0.0,"enemies":"3 Shapes","floor":37.0,"turns":3.0},{"damage":0.0,"enemies":"Spire Growth","floor":39.0,"turns":6.0},{"damage":0.0,"enemies":"Reptomancer","floor":40.0,"turns":6.0},{"damage":0.0,"enemies":"Sphere and 2 Shapes","floor":42.0,"turns":6.0},{"damage":1.0,"enemies":"Giant Head","floor":44.0,"turns":5.0},{"damage":12.0,"enemies":"Mind Bloom Boss Battle","floor":45.0,"turns":4.0},{"damage":0.0,"enemies":"Nemesis","floor":48.0,"turns":6.0},{"damage":16.0,"enemies":"Donu and Deca","floor":50.0,"turns":11.0},{"damage":30.0,"enemies":"Shield and Spear","floor":54.0,"turns":6.0},{"damage":22,"enemies":"The Heart","floor":55,"turns":10}],"seed_played":"803835977132986201","potions_obtained":[{"floor":1.0,"key":"Energy Potion"},{"floor":13.0,"key":"GamblersBrew"},{"floor":14.0,"key":"PotionOfCapacity"},{"floor":16.0,"key":"Swift Potion"},{"floor":21.0,"key":"PotionOfCapacity"},{"floor":23.0,"key":"Regen Potion"},{"floor":28.0,"key":"Weak Potion"},{"floor":30.0,"key":"BlessingOfTheForge"},{"floor":31.0,"key":"DuplicationPotion"},{"floor":37.0,"key":"ColorlessPotion"},{"floor":40.0,"key":"PotionOfCapacity"},{"floor":44.0,"key":"LiquidMemories"},{"floor":48.0,"key":"GamblersBrew"},{"floor":54.0,"key":"ColorlessPotion"}],"is_trial":false,"path_per_floor":["M","?","M","T","?","R","E","M","T","R","E","M","M","E","R","B",null,"M","?","M","?","?","E","R","E","T","M","E","$","M","M","R","B",null,"M","?","M","?","M","E","R","M","T","E","?","?","$","E","R","B",null,"R","$","E","B",null],"character_chosen":"DEFECT","items_purchased":["Defragment","Whetstone","InkBottle","Anchor","Chemical X","Swift Potion"],"campfire_rested":0,"item_purchase_floors":[29,29,29,47,47,53],"current_hp_per_floor":[68,57,57,57,57,57,57,59,59,59,44,44,41,19,28,19,64,64,58,58,39,66,63,75,54,54,54,38,38,40,40,55,80,82,82,74,74,74,76,78,89,89,89,90,79,91,91,93,93,77,89,93,93,65,68],"gold":59,"neow_bonus":"THREE_ENEMY_KILL","is_daily":false,"chose_seed":false,"campfire_upgraded":7,"win_rate":0.0,"timestamp":1611889482,"path_taken":["M","?","M","?","?","R","E","M","T","R","E","M","M","E","R","BOSS","M","?","M","?","?","E","R","E","T","M","E","$","M","M","R","BOSS","M","?","M","?","M","E","R","M","T","E","?","?","$","E","R","BOSS","R","$","E","BOSS"],"items_purchased_type":["Card","Relic","Relic","Relic","Relic","Potion"],"build_version":"2020-12-22","purchased_purges":1,"victory":true,"max_hp_per_floor":[75,75,75,75,75,75,75,77,77,77,77,77,79,79,79,79,79,79,79,79,81,81,81,81,81,81,81,81,81,83,83,83,83,83,83,85,85,85,87,89,89,89,89,91,91,91,91,93,93,93,93,93,93,95,95],"relic_stats":{"Inserter":[33],"Singing Bowl":20,"counters":[30,155],"Dead Branch":[70],"Blue Candle":[3],"Eternal Feather":51,"Whetstone":["Rebound","Strike_B"],"Cursed Key":2,"Boot":[57],"Pantograph":51,"Prayer Wheel":0,"Art of War":[16],"Chemical X":[5],"obtain_stats":[{"Inserter":34,"NeowsBlessing":0,"Singing Bowl":4,"Dead Branch":9,"Blue Candle":23,"Eternal Feather":11,"Whetstone":29,"Cursed Key":17,"Boot":44,"Akabeko":54,"Anchor":47,"Pantograph":25,"Molten Egg 2":40,"Prayer Wheel":45,"Red Mask":21,"Art of War":28,"Chemical X":47,"Cracked Core":0,"StrikeDummy":7,"FossilizedHelix":14,"InkBottle":29,"Pocketwatch":26,"Meat on the Bone":48},{"Inserter":19,"NeowsBlessing":0,"Singing Bowl":2,"Dead Branch":4,"Blue Candle":13,"Eternal Feather":5,"Whetstone":16,"Cursed Key":9,"Boot":25,"Akabeko":29,"Anchor":26,"Pantograph":14,"Molten Egg 2":23,"Prayer Wheel":26,"Red Mask":12,"Art of War":16,"Chemical X":26,"Cracked Core":0,"StrikeDummy":3,"FossilizedHelix":8,"InkBottle":16,"Pocketwatch":14,"Meat on the Bone":27},{"Inserter":88,"NeowsBlessing":0,"Singing Bowl":2,"Dead Branch":4,"Blue Candle":49,"Eternal Feather":9,"Whetstone":64,"Cursed Key":28,"Boot":118,"Akabeko":145,"Anchor":122,"Pantograph":54,"Molten Egg 2":107,"Prayer Wheel":122,"Red Mask":40,"Art of War":64,"Chemical X":122,"Cracked Core":0,"StrikeDummy":3,"FossilizedHelix":16,"InkBottle":64,"Pocketwatch":54,"Meat on the Bone":128}],"InkBottle":[48],"Pocketwatch":[41],"Meat on the Bone":0},"card_choices":[{"not_picked":["Recycle","Storm"],"picked":"Beam Cell","floor":1.0},{"not_picked":["Turbo","Barrage"],"picked":"Sweeping Beam","floor":3.0},{"not_picked":["Scrape","Stack"],"picked":"Rebound","floor":7.0},{"not_picked":["Thunder Strike","Gash","Cold Snap"],"picked":"Singing Bowl","floor":8.0},{"not_picked":["Go for the Eyes","BootSequence"],"picked":"Conserve Battery","floor":11.0},{"not_picked":["Consume","Skim"],"picked":"Coolheaded","floor":12.0},{"not_picked":["Stack","Leap","Redo"],"picked":"Singing Bowl","floor":13.0},{"not_picked":["Hologram","Gash"],"picked":"Coolheaded","floor":14.0},{"not_picked":["Thunder Strike","Hyperbeam"],"picked":"Echo Form","floor":16.0},{"not_picked":["Coolheaded","Blizzard"],"picked":"Reinforced Body+1","floor":18.0},{"not_picked":["Leap","Compile Driver"],"picked":"Double Energy+1","floor":20.0},{"not_picked":["Storm","Steam","Hologram"],"picked":"Singing Bowl","floor":21.0},{"not_picked":["Conserve Battery","Turbo"],"picked":"Sweeping Beam+1","floor":23.0},{"not_picked":["Barrage","Undo"],"picked":"BootSequence+1","floor":25.0},{"not_picked":["Gash","Capacitor+1"],"picked":"Skim","floor":27.0},{"not_picked":["Steam Power","Amplify"],"picked":"Undo+1","floor":28.0},{"not_picked":["Skim","Ball Lightning","Streamline"],"picked":"Singing Bowl","floor":30.0},{"not_picked":["Leap","Coolheaded"],"picked":"Static Discharge","floor":31.0},{"not_picked":["Buffer","Hyperbeam"],"picked":"Echo Form","floor":33.0},{"not_picked":["Rip and Tear","Beam Cell+1"],"picked":"Glacier","floor":35.0},{"not_picked":["Jack Of All Trades","PanicButton"],"picked":"Trip","floor":36.0},{"not_picked":["Swift Strike","Deep Breath","Enlightenment"],"picked":"Singing Bowl","floor":36.0},{"not_picked":["Deep Breath","Good Instincts"],"picked":"Blind","floor":36.0},{"not_picked":["Beam Cell+1","Ball Lightning"],"picked":"Loop+1","floor":37.0},{"not_picked":["Go for the Eyes","Tempest","Capacitor+1"],"picked":"Singing Bowl","floor":39.0},{"not_picked":["Turbo","Go for the Eyes+1","Echo Form"],"picked":"Singing Bowl","floor":40.0},{"not_picked":["Cold Snap+1","Redo+1"],"picked":"Barrage+1","floor":42.0},{"not_picked":["Stack+1","Conserve Battery","Leap"],"picked":"Singing Bowl","floor":44.0},{"not_picked":["Turbo","Redo+1"],"picked":"Hologram","floor":45.0},{"not_picked":["Reboot","Go for the Eyes+1","Chill"],"picked":"Singing Bowl","floor":48.0},{"not_picked":["BootSequence+1","Scrape+1","Tempest+1"],"picked":"Singing Bowl","floor":54.0}],"player_experience":6004252,"relics_obtained":[{"floor":4.0,"key":"Singing Bowl"},{"floor":7.0,"key":"StrikeDummy"},{"floor":9.0,"key":"Dead Branch"},{"floor":11.0,"key":"Eternal Feather"},{"floor":14.0,"key":"FossilizedHelix"},{"floor":21.0,"key":"Red Mask"},{"floor":23.0,"key":"Blue Candle"},{"floor":25.0,"key":"Pantograph"},{"floor":26.0,"key":"Pocketwatch"},{"floor":28.0,"key":"Art of War"},{"floor":40.0,"key":"Molten Egg 2"},{"floor":44.0,"key":"Boot"},{"floor":45.0,"key":"Prayer Wheel"},{"floor":48.0,"key":"Meat on the Bone"},{"floor":54.0,"key":"Akabeko"}],"event_choices":[{"damage_healed":0.0,"max_hp_gain":0.0,"max_hp_loss":0.0,"gold_gain":75.0,"event_name":"World of Goop","player_choice":"Gather Gold","floor":2.0,"gold_loss":0.0,"damage_taken":11.0},{"damage_healed":0.0,"max_hp_gain":0.0,"max_hp_loss":0.0,"gold_gain":0.0,"event_name":"Living Wall","player_choice":"Grow","floor":5.0,"gold_loss":0.0,"damage_taken":0.0,"cards_upgraded":["Beam Cell"]},{"damage_healed":0.0,"max_hp_gain":0.0,"max_hp_loss":0.0,"gold_gain":0.0,"event_name":"Nest","player_choice":"Joined the Cult","floor":19.0,"gold_loss":0.0,"damage_taken":6.0,"cards_obtained":["RitualDagger"]},{"damage_healed":0.0,"max_hp_gain":0.0,"max_hp_loss":0.0,"gold_gain":0.0,"event_name":"Masked Bandits","player_choice":"Fought Bandits","floor":21.0,"gold_loss":0.0,"damage_taken":0.0},{"damage_healed":27.0,"max_hp_gain":0.0,"max_hp_loss":0.0,"gold_gain":0.0,"event_name":"The Library","player_choice":"Heal","floor":22.0,"gold_loss":0.0,"damage_taken":0.0},{"damage_healed":0.0,"max_hp_gain":0.0,"max_hp_loss":0.0,"gold_gain":0.0,"event_name":"SensoryStone","player_choice":"Memory 3","floor":36.0,"gold_loss":0.0,"damage_taken":10.0},{"cards_removed":["Strike_B"],"damage_healed":0.0,"max_hp_gain":0.0,"max_hp_loss":0.0,"gold_gain":0.0,"event_name":"Falling","player_choice":"Removed Attack","floor":38.0,"gold_loss":0.0,"damage_taken":0.0},{"damage_healed":0.0,"max_hp_gain":0.0,"max_hp_loss":0.0,"gold_gain":0.0,"event_name":"MindBloom","player_choice":"Fight","floor":45.0,"gold_loss":0.0,"damage_taken":0.0},{"damage_healed":12.0,"max_hp_gain":0.0,"max_hp_loss":0.0,"gold_gain":0.0,"event_name":"Wheel of Change","player_choice":"Full Heal","floor":46.0,"gold_loss":0.0,"damage_taken":0.0}],"is_beta":false,"boss_relics":[{"not_picked":["Astrolabe","Nuclear Battery"],"picked":"Cursed Key"},{"not_picked":["SacredBark","SlaversCollar"],"picked":"Inserter"}],"items_purged_floors":[29],"is_endless":false,"potions_floor_spawned":[1,13,14,16,21,23,28,30,31,37,39,40,44,48,54],"ascension_level":9}}