{"host":"37r75cyug2ir6qa5","time":1611936098,"event":{"mods":["BaseMod","Colored Map","Downfall","Highlight Path","Minty Spire (QoL Compilation)","Replay The Spire","StSLib"],"gold_per_floor":[117,117,117,325,343,343,371,450,499,518,518,530,530,530],"floor_reached":13,"language":"ENG","playtime":477,"items_purged":[],"score":104,"play_id":"68d432e1-3d08-439e-80c8-daecfc11b4d4","local_time":"20210130000138","is_ascension_mode":true,"campfire_choices":[{"data":"Poisoned Stab","floor":6,"key":"SMITH"}],"circlet_count":0,"master_deck":["Strike_G","Strike_G","Strike_G","Strike_G","Strike_G","Defend_G","Defend_G","Defend_G","Defend_G","Defend_G","ReplayTheSpireMod:Speed Training","Leap","Beam Cell","Poisoned Stab+1","ReplayTheSpireMod:Exploit Weakness"],"relics":["Ring of the Snake","Pet Ghost","Mercury Hourglass","Quantum Egg","Replay:Mystery Machine"],"acts_visited":["Exordium"],"potions_floor_usage":[13,13],"damage_taken":[{"damage":7,"enemies":"Jaw Worm","floor":1,"turns":7},{"damage":0,"enemies":"2 Louse","floor":5,"turns":3},{"damage":22,"enemies":"Lagavulin","floor":7,"turns":9},{"damage":0,"enemies":"Small Slimes","floor":10,"turns":1},{"damage":0,"enemies":"Looter","floor":12,"turns":2},{"damage":12,"enemies":"Gremlin Nob","floor":13,"turns":2}],"seed_played":"6366887669003862071","potions_obtained":[{"floor":7,"key":"SmokeBomb"},{"floor":11,"key":"Death Potion"},{"floor":11,"key":"DistilledChaos"}],"is_trial":false,"path_per_floor":["M","?","?","?","M","R","E","T","T","M","?","M","E"],"character_chosen":"THE_SILENT","items_purchased":[],"campfire_rested":0,"item_purchase_floors":[],"current_hp_per_floor":[70,28,28,28,28,28,6,6,6,6,6,6,0,0],"gold":530,"neow_bonus":"TEN_PERCENT_HP_BONUS","is_daily":false,"chose_seed":false,"campfire_upgraded":1,"win_rate":0.0,"timestamp":1611936098,"path_taken":["M","?","?","?","M","R","E","?","T","M","?","?","E"],"items_purchased_type":[],"build_version":"2020-12-22","purchased_purges":0,"victory":false,"max_hp_per_floor":[77,77,77,77,77,77,77,77,77,77,77,77,77,77],"card_choices":[{"not_picked":["Underhanded Strike","Skewer"],"picked":"ReplayTheSpireMod:Speed Training","floor":1},{"not_picked":["Cloak And Dagger","Outmaneuver"],"picked":"Poisoned Stab","floor":5},{"not_picked":["Finisher","Hidden Blade"],"picked":"ReplayTheSpireMod:Exploit Weakness","floor":7},{"not_picked":["Cloak And Dagger","Sucker Punch","Dagger Spray"],"picked":"SKIP","floor":10},{"not_picked":["Slice","Masterful Stab","Choke"],"picked":"SKIP","floor":12}],"player_experience":184749,"relics_obtained":[{"floor":7,"key":"Mercury Hourglass"},{"floor":8,"key":"Quantum Egg"},{"floor":9,"key":"Replay:Mystery Machine"}],"event_choices":[{"damage_healed":0,"gold_gain":0,"player_choice":"Success","damage_taken":42,"relics_obtained":["Pet Ghost"],"max_hp_gain":0,"max_hp_loss":0,"event_name":"Scrap Ooze","floor":2,"gold_loss":0},{"damage_healed":0,"gold_gain":0,"player_choice":"Got Potions","damage_taken":0,"max_hp_gain":0,"max_hp_loss":0,"event_name":"Lab","floor":11,"gold_loss":0}],"is_beta":false,"boss_relics":[],"items_purged_floors":[],"is_endless":false,"potions_floor_spawned":[7],"killed_by":"Gremlin Nob","ascension_level":5}}