{"host":"c52z9ixzgdjttcmx","time":1611938950,"event":{"mods":["BaseMod","Colored Powertips","Downfall","Filter the Spire","Minty Spire (QoL Compilation)","Rare Cards Sparkle","Relic Stats","StSLib"],"gold_per_floor":[99,114,130,130,145,145,172,207,217,232,232,232,252,272,283,379,379,379,394,406,51,51,51,97,126,143,177,206,218,218,218],"floor_reached":29,"language":"ENG","playtime":1826,"items_purged":[],"score":282,"play_id":"bb2dc487-213e-4721-a755-8812f57842ee","local_time":"20210129104910","is_ascension_mode":true,"campfire_choices":[{"data":"Slimebound:CorrosiveSpit","floor":1,"key":"SMITH"},{"data":"Slimebound:MinionMaster","floor":11,"key":"SMITH"},{"data":"Slimebound:FirmFortitude","floor":18,"key":"SMITH"}],"circlet_count":0,"master_deck":["Slimebound:Tackle+1","Slimebound:Split+1","Slimebound:CorrosiveSpit+1","Slimebound:PressTheAttack","Slimebound:Schlurp","Slimebound:ProtectTheBoss","Slimebound:MinionMaster+1","Slimebound:SplitAcid","Slimebound:LivingWall","Regret","Slimebound:Schlurp","Slimebound:SplitLeeching","Slimebound:Prepare","Slimebound:Teamwork","Slimebound:FirmFortitude+1","Slimebound:SamplingLick","Slimebound:AcidTongue","Slimebound:SplitAcid","Slimebound:TongueLash","Slimebound:PressTheAttack","Slimebound:Recollect","Slimebound:SplitLeeching","Slimebound:ForwardTackle","Slimebound:Repurpose","expansioncontent:DashGenerateEvil","Slimebound:Equalize","Slimebound:HauntingLick","Slimebound:LevelUp","Pride","Slimebound:RejuvenatingLick","Slimebound:GoopSpray+1","Slimebound:SplitSpecialist"],"relics":["Slimebound:AbsorbEndCombat","Whetstone","Akabeko","Happy Flower","Pandora\u0027s Box","Blue Candle","Pen Nib","Strawberry","MawBank"],"acts_visited":["Exordium","TheCity"],"potions_floor_usage":[16,16,20],"damage_taken":[{"damage":6,"enemies":"Jaw Worm","floor":2,"turns":4},{"damage":2,"enemies":"2 Louse","floor":3,"turns":4},{"damage":7,"enemies":"Small Slimes","floor":5,"turns":3},{"damage":8,"enemies":"3 Sentries","floor":8,"turns":10},{"damage":10,"enemies":"Exordium Thugs","floor":9,"turns":6},{"damage":0,"enemies":"3 Louse","floor":10,"turns":3},{"damage":11,"enemies":"2 Fungi Beasts","floor":13,"turns":5},{"damage":13,"enemies":"Large Slime","floor":14,"turns":3},{"damage":4,"enemies":"Red Slaver","floor":15,"turns":4},{"damage":34,"enemies":"SI_SHIV_ARCHETYPE","floor":16,"turns":10},{"damage":1,"enemies":"Spheric Guardian","floor":19,"turns":4},{"damage":1,"enemies":"3 Byrds","floor":20,"turns":5},{"damage":2,"enemies":"downfall:FleeingMerchant","floor":21,"turns":4},{"damage":18,"enemies":"Book of Stabbing","floor":25,"turns":5},{"damage":13,"enemies":"Sentry and Sphere","floor":26,"turns":4},{"damage":51,"enemies":"Slavers","floor":27,"turns":4},{"damage":23,"enemies":"Cultist and Chosen","floor":28,"turns":7},{"damage":19,"enemies":"Shelled Parasite and Fungi","floor":29,"turns":4}],"seed_played":"1033304214622596147","potions_obtained":[{"floor":8,"key":"AttackPotion"},{"floor":9,"key":"PowerPotion"},{"floor":10,"key":"bronze:BurnAndBuffPotion"},{"floor":14,"key":"Block Potion"},{"floor":19,"key":"SpeedPotion"},{"floor":27,"key":"Dexterity Potion"},{"floor":28,"key":"Explosive Potion"}],"is_trial":false,"path_per_floor":["R","M","M","?","M","?","T","E","M","M","R","?","M","M","M","B",null,"R","M","M","$","?","?","T","E","M","E","M","M"],"character_chosen":"SLIMEBOUND","items_purchased":["expansioncontent:DashGenerateEvil","Slimebound:Equalize","Slimebound:HauntingLick","Slimebound:LevelUp"],"campfire_rested":0,"item_purchase_floors":[21,21,21,21],"current_hp_per_floor":[65,61,61,61,58,58,58,58,56,60,60,60,53,44,44,18,65,65,65,64,63,63,63,63,58,59,22,13,0,0,0],"gold":218,"neow_bonus":"UPGRADE_CARD","is_daily":false,"chose_seed":false,"campfire_upgraded":3,"win_rate":0.0,"timestamp":1611938950,"path_taken":["R","M","M","?","M","?","T","E","M","M","R","?","?","M","M","BOSS","R","M","M","$","?","?","T","E","M","E","M","M"],"items_purchased_type":["Card","Card","Card","Card"],"build_version":"2020-12-22","purchased_purges":0,"victory":false,"max_hp_per_floor":[65,65,65,65,65,65,65,65,65,65,65,65,65,65,65,65,65,65,65,65,65,65,65,65,72,72,72,72,72,72,72],"relic_stats":{"Happy Flower":[19],"counters":[18,81],"Blue Candle":[5],"Pandora\u0027s Box":["Slimebound:FirmFortitude","Slimebound:SamplingLick","Slimebound:AcidTongue","Slimebound:SplitAcid","Slimebound:TongueLash","Slimebound:PressTheAttack","Slimebound:Recollect"],"Pen Nib":[2],"Whetstone":["Slimebound:Tackle","Slimebound:Strike_Slimebound"],"MawBank":24,"obtain_stats":[{"Happy Flower":12,"Blue Candle":22,"Strawberry":25,"Pandora\u0027s Box":17,"Pen Nib":24,"Slimebound:AbsorbEndCombat":0,"Whetstone":7,"MawBank":27,"Akabeko":8},{"Happy Flower":6,"Blue Candle":13,"Strawberry":14,"Pandora\u0027s Box":10,"Pen Nib":13,"Slimebound:AbsorbEndCombat":0,"Whetstone":3,"MawBank":16,"Akabeko":4},{"Happy Flower":25,"Blue Candle":58,"Strawberry":63,"Pandora\u0027s Box":46,"Pen Nib":58,"Slimebound:AbsorbEndCombat":0,"Whetstone":9,"MawBank":71,"Akabeko":18}]},"card_choices":[{"not_picked":["Slimebound:LeechingTouch","Slimebound:BestDefense"],"picked":"Slimebound:PressTheAttack","floor":2},{"not_picked":["Slimebound:SlimeBrawl","Slimebound:LeechingTouch"],"picked":"Slimebound:Schlurp","floor":3},{"not_picked":["Slimebound:BestDefense","Slimebound:LeechingTouch"],"picked":"Slimebound:ProtectTheBoss","floor":5},{"not_picked":["Slimebound:SplitBruiser","Slimebound:ItLooksTasty"],"picked":"Slimebound:MinionMaster","floor":8},{"not_picked":["Slimebound:RollThrough","Slimebound:Chomp"],"picked":"Slimebound:SplitAcid","floor":9},{"not_picked":["Slimebound:LeechEnergy","Slimebound:ComboTackle"],"picked":"Slimebound:LivingWall","floor":10},{"not_picked":["Slimebound:Grow","Slimebound:DivideAndConquer"],"picked":"Slimebound:Schlurp","floor":13},{"not_picked":["Slimebound:FinishingTackle","Slimebound:SplitMire"],"picked":"Slimebound:SplitLeeching","floor":14},{"not_picked":["Slimebound:SlimeSpikes","Slimebound:DivideAndConquer"],"picked":"Slimebound:Prepare","floor":15},{"not_picked":["Slimebound:Overexert","Slimebound:FirmFortitude"],"picked":"Slimebound:Teamwork","floor":16},{"not_picked":["Slimebound:BestDefense","Slimebound:SamplingLick"],"picked":"Slimebound:SplitLeeching","floor":19},{"not_picked":["Slimebound:SamplingLick","Slimebound:ProtectTheBoss"],"picked":"Slimebound:ForwardTackle","floor":20},{"not_picked":["Slimebound:SplitMire","Slimebound:SplitLeeching"],"picked":"Slimebound:Repurpose","floor":21},{"not_picked":["Slimebound:WasteNot","Slimebound:ItLooksTasty"],"picked":"Slimebound:RejuvenatingLick","floor":25},{"not_picked":["Slimebound:Schlurp","Slimebound:BestDefense"],"picked":"Slimebound:GoopSpray+1","floor":26},{"not_picked":["Slimebound:FlameTackle","Slimebound:ItLooksTasty"],"picked":"Slimebound:SplitSpecialist","floor":27},{"not_picked":["Slimebound:HauntingLick","Slimebound:FinishingTackle","Slimebound:ComboTackle+1"],"picked":"SKIP","floor":28}],"player_experience":3391260,"relics_obtained":[{"floor":7,"key":"Whetstone"},{"floor":8,"key":"Akabeko"},{"floor":24,"key":"Pen Nib"},{"floor":25,"key":"Strawberry"},{"floor":27,"key":"MawBank"}],"event_choices":[{"cards_removed":["downfall:Malfunctioning"],"damage_healed":0,"gold_gain":0,"player_choice":"Card Removal","damage_taken":0,"max_hp_gain":0,"max_hp_loss":0,"event_name":"The Cleric","floor":6,"gold_loss":0},{"damage_healed":0,"gold_gain":0,"player_choice":"Box","damage_taken":0,"relics_obtained":["Happy Flower"],"max_hp_gain":0,"max_hp_loss":0,"event_name":"Big Fish","floor":12,"gold_loss":0,"cards_obtained":["Regret"]},{"damage_healed":0,"gold_gain":0,"player_choice":"Stole Relic","damage_taken":0,"relics_obtained":["Blue Candle"],"max_hp_gain":0,"max_hp_loss":0,"event_name":"Addict","floor":22,"gold_loss":0,"cards_obtained":["Pride"]},{"damage_healed":0,"gold_gain":0,"player_choice":"Ignored","damage_taken":0,"max_hp_gain":0,"max_hp_loss":0,"event_name":"Ghosts","floor":23,"gold_loss":0}],"is_beta":false,"boss_relics":[{"not_picked":["Runic Dome","Busted Crown"],"picked":"Pandora\u0027s Box"}],"items_purged_floors":[],"is_endless":false,"potions_floor_spawned":[8,9,10,14,15,19,27,28],"killed_by":"Shelled Parasite and Fungi","ascension_level":1}}