{"host":"yvb207ks1sg3cxef","time":1611947488,"event":{"mods":["2.2 Compatiblity","BaseMod","Bestiary","Colored Powertips","Minty Spire (QoL Compilation)","Permanent Neow","Quick Restart","Relic Stats","StSLib"],"gold_per_floor":[114,133,151,167,167,167,167,167,167,195,214,214,214],"floor_reached":12,"language":"ENG","playtime":535,"items_purged":[],"score":160,"play_id":"04091aee-3146-4871-b40c-773813e5adf3","local_time":"20210130004128","is_ascension_mode":true,"campfire_choices":[{"data":"Underhanded Strike","floor":6,"key":"SMITH"},{"floor":8,"key":"REST"}],"circlet_count":0,"master_deck":["AscendersBane","Strike_G","Strike_G","Strike_G","Strike_G","Defend_G","Defend_G","Defend_G","Defend_G","Defend_G","Survivor","Neutralize+1","Purity","Underhanded Strike+1","Unload","Backflip","Deflect","Prepared","Noxious Fumes"],"relics":["Ring of the Snake","Matryoshka","Unceasing Top"],"acts_visited":["Exordium"],"potions_floor_usage":[10,10,12,12],"damage_taken":[{"damage":0,"enemies":"Small Slimes","floor":1,"turns":5},{"damage":14,"enemies":"Cultist","floor":2,"turns":5},{"damage":0,"enemies":"2 Louse","floor":3,"turns":2},{"damage":12,"enemies":"Blue Slaver","floor":4,"turns":6},{"damage":18,"enemies":"Lagavulin","floor":10,"turns":8},{"damage":11,"enemies":"Large Slime","floor":11,"turns":8},{"damage":25,"enemies":"Gremlin Nob","floor":12,"turns":3}],"seed_played":"-689646071771022075","potions_obtained":[{"floor":2,"key":"DistilledChaos"},{"floor":4,"key":"CunningPotion"},{"floor":10,"key":"Strength Potion"},{"floor":11,"key":"ColorlessPotion"}],"is_trial":false,"path_per_floor":["M","M","M","M","?","R","?","R","T","E","M","E"],"character_chosen":"THE_SILENT","items_purchased":[],"campfire_rested":1,"item_purchase_floors":[],"current_hp_per_floor":[59,45,45,33,26,26,26,45,45,27,16,0,0],"gold":214,"neow_bonus":"RANDOM_COLORLESS","is_daily":false,"chose_seed":false,"campfire_upgraded":1,"win_rate":0.0,"timestamp":1611947488,"path_taken":["M","M","M","M","?","R","?","R","T","E","M","E"],"items_purchased_type":[],"build_version":"2020-12-22","purchased_purges":0,"victory":false,"max_hp_per_floor":[66,66,66,66,66,66,66,66,66,66,66,66,66],"relic_stats":{"counters":[7,37],"obtain_stats":[{"Matryoshka":9,"Unceasing Top":10,"Ring of the Snake":0},{"Matryoshka":4,"Unceasing Top":5,"Ring of the Snake":0},{"Matryoshka":18,"Unceasing Top":26,"Ring of the Snake":0}],"Unceasing Top":[3],"Ring of the Snake":[14]},"card_choices":[{"not_picked":["Bandage Up","Enlightenment"],"picked":"Purity","floor":0},{"not_picked":["Expertise","PiercingWail"],"picked":"Underhanded Strike","floor":1},{"not_picked":["Choke","Cloak And Dagger"],"picked":"Unload","floor":2},{"not_picked":["Dagger Spray","Accuracy"],"picked":"Backflip","floor":3},{"not_picked":["Endless Agony","Bane"],"picked":"Deflect","floor":4},{"not_picked":["Quick Slash","Venomology"],"picked":"Prepared","floor":10},{"not_picked":["Dodge and Roll","Choke"],"picked":"Noxious Fumes","floor":11}],"player_experience":500131,"relics_obtained":[{"floor":9,"key":"Matryoshka"},{"floor":10,"key":"Unceasing Top"}],"event_choices":[{"cards_removed":["Strike_G"],"damage_healed":0,"gold_gain":0,"player_choice":"Card Removal","damage_taken":7,"max_hp_gain":0,"max_hp_loss":0,"event_name":"Golden Wing","floor":5,"gold_loss":0},{"damage_healed":0,"gold_gain":0,"player_choice":"Forge","damage_taken":0,"max_hp_gain":0,"max_hp_loss":0,"event_name":"Accursed Blacksmith","floor":7,"gold_loss":0,"cards_upgraded":["Neutralize"]}],"is_beta":false,"boss_relics":[],"items_purged_floors":[],"is_endless":false,"potions_floor_spawned":[2,4,10,11],"killed_by":"Gremlin Nob","ascension_level":20}}