{"host":"1i9jpj392h4nt9ho","time":1611914742,"event":{"mods":["AchievementEnabler","BaseMod","Colored Map","Minty Spire (QoL Compilation)"],"gold_per_floor":[114,128,139,139,151,151,3,13,13,27,27,27,54,74,74,177,177,194,1,1,19,45,70,70,86,135,153,153,169,169,69,69,168,168,183,198,198,216,91,126,126,138,138,158,191,273,322,97,97,97,97,97,48,48,48],"floor_reached":54,"language":"ENG","playtime":3155,"items_purged":["Strike_R","Strike_R","Strike_R"],"score":744,"play_id":"c80a47e3-e7e0-40bb-9190-b22ada1412eb","local_time":"20210129210542","is_ascension_mode":false,"campfire_choices":[{"data":"Bash","floor":6.0,"key":"SMITH"},{"data":"Panacea","floor":12.0,"key":"SMITH"},{"data":"Whirlwind","floor":15.0,"key":"SMITH"},{"data":"Apotheosis","floor":24.0,"key":"SMITH"},{"data":"Flex","floor":28.0,"key":"SMITH"},{"data":"RitualDagger","floor":32.0,"key":"SMITH"},{"floor":41.0,"key":"RECALL"},{"floor":49.0,"key":"REST"},{"data":"Flex","floor":52,"key":"SMITH"}],"circlet_count":0,"master_deck":["Strike_R","Defend_R","Defend_R","Defend_R","Defend_R","Bash+1","Pummel","Hemokinesis","Flex+1","Carnage","Flex+1","Whirlwind+1","Heavy Blade","Panacea+1","Bash","Cleave","Reaper","Sentinel","Apotheosis+1","Battle Trance+1","Thunderclap","RitualDagger+1","Feed","Entrench+1","Ghostly Armor+1","Flex+1"],"relics":["Burning Blood","NlothsMask","Gambling Chip","Busted Crown","Tiny Chest","Ornamental Fan","Red Skull","Sozu","Eternal Feather","Turnip","MealTicket","Toxic Egg 2","Ginger","Toolbox"],"acts_visited":["TheBeyond","TheEnding"],"potions_floor_usage":[54],"damage_taken":[{"damage":8.0,"enemies":"Jaw Worm","floor":1.0,"turns":5.0},{"damage":8.0,"enemies":"Cultist","floor":2.0,"turns":4.0},{"damage":0.0,"enemies":"2 Louse","floor":3.0,"turns":2.0},{"damage":3.0,"enemies":"2 Fungi Beasts","floor":5.0,"turns":2.0},{"damage":0.0,"enemies":"Gremlin Gang","floor":8.0,"turns":2.0},{"damage":5.0,"enemies":"3 Louse","floor":10.0,"turns":4.0},{"damage":13.0,"enemies":"3 Sentries","floor":13.0,"turns":4.0},{"damage":11.0,"enemies":"Exordium Wildlife","floor":14.0,"turns":2.0},{"damage":29.0,"enemies":"Hexaghost","floor":16.0,"turns":8.0},{"damage":0.0,"enemies":"Chosen","floor":18.0,"turns":3.0},{"damage":8.0,"enemies":"Spheric Guardian","floor":21.0,"turns":3.0},{"damage":23.0,"enemies":"Book of Stabbing","floor":23.0,"turns":3.0},{"damage":15.0,"enemies":"Snake Plant","floor":25.0,"turns":4.0},{"damage":12.0,"enemies":"Cultist and Chosen","floor":27.0,"turns":4.0},{"damage":9.0,"enemies":"Shelled Parasite and Fungi","floor":29.0,"turns":2.0},{"damage":57.0,"enemies":"Champ","floor":33.0,"turns":9.0},{"damage":16.0,"enemies":"3 Shapes","floor":35.0,"turns":3.0},{"damage":15.0,"enemies":"Orb Walker","floor":36.0,"turns":2.0},{"damage":43.0,"enemies":"Maw","floor":38.0,"turns":7.0},{"damage":39.0,"enemies":"Reptomancer","floor":40.0,"turns":6.0},{"damage":28.0,"enemies":"Writhing Mass","floor":42.0,"turns":4.0},{"damage":8.0,"enemies":"Spire Growth","floor":44.0,"turns":4.0},{"damage":29.0,"enemies":"Giant Head","floor":45.0,"turns":7.0},{"damage":85.0,"enemies":"2 Orb Walkers","floor":47.0,"turns":6.0},{"damage":109,"enemies":"Donu and Deca","floor":50,"turns":9},{"damage":109,"enemies":"Shield and Spear","floor":54,"turns":7}],"seed_played":"8064718351908923309","potions_obtained":[{"floor":1.0,"key":"HeartOfIron"},{"floor":2.0,"key":"Energy Potion"},{"floor":10.0,"key":"AttackPotion"},{"floor":13.0,"key":"AttackPotion"},{"floor":14.0,"key":"Weak Potion"},{"floor":16.0,"key":"Explosive Potion"},{"floor":18.0,"key":"BlessingOfTheForge"},{"floor":23.0,"key":"SpeedPotion"},{"floor":27.0,"key":"LiquidMemories"},{"floor":29.0,"key":"FairyPotion"},{"floor":33.0,"key":"Weak Potion"}],"is_trial":false,"path_per_floor":["M","M","M","?","M","R","$","M","T","M","?","R","E","M","R","B",null,"M","$","?","M","T","E","R","M","T","M","R","M","?","$","R","B",null,"M","M","?","M","$","E","R","M","T","M","E","T","?","$","R","B",null,"R","$","E"],"character_chosen":"IRONCLAD","items_purchased":["Whirlwind","Apotheosis","Ghostly Armor+1","Toolbox","Flex+1"],"campfire_rested":1,"item_purchase_floors":[7,19,48,48,53],"current_hp_per_floor":[78,76,80,80,80,80,80,80,80,80,80,80,73,68,68,45,80,80,80,80,78,78,80,80,71,71,74,74,75,69,69,69,18,80,80,75,75,51,51,50,62,71,71,86,89,89,26,41,84,30,96,96,96,0,0],"gold":48,"neow_bonus":"TRANSFORM_CARD","is_daily":false,"chose_seed":false,"campfire_upgraded":7,"win_rate":0.0,"timestamp":1611914742,"path_taken":["M","M","M","?","?","R","$","M","T","M","?","R","E","M","R","BOSS","M","$","?","?","?","E","R","M","T","M","R","M","?","$","R","BOSS","M","M","?","M","$","E","R","?","T","M","E","?","?","?","R","BOSS","R","$","E"],"items_purchased_type":["Card","Card","Card","Relic","Card"],"build_version":"2020-12-22","purchased_purges":3,"victory":false,"max_hp_per_floor":[80,80,80,80,80,80,80,80,80,80,80,80,80,80,80,80,80,80,80,80,80,80,80,80,80,80,80,80,80,80,80,80,80,80,84,84,84,88,88,88,88,92,92,96,96,96,96,96,96,96,96,96,96,100,100],"card_choices":[{"not_picked":["Flame Barrier","Spot Weakness"],"picked":"Hemokinesis","floor":1.0},{"not_picked":["Perfected Strike","Shockwave"],"picked":"Flex","floor":2.0},{"not_picked":["Shrug It Off","Perfected Strike"],"picked":"Carnage","floor":3.0},{"not_picked":["Havoc","Iron Wave"],"picked":"Flex","floor":5.0},{"not_picked":["True Grit","Anger","Reckless Charge"],"picked":"SKIP","floor":8.0},{"not_picked":["Dark Embrace","True Grit"],"picked":"Heavy Blade","floor":10.0},{"not_picked":["Seeing Red","Sentinel"],"picked":"Cleave","floor":13.0},{"not_picked":["Wild Strike","True Grit","Perfected Strike"],"picked":"SKIP","floor":14.0},{"not_picked":["Offering","Fiend Fire"],"picked":"Reaper","floor":16.0},{"not_picked":[],"picked":"Sentinel","floor":18.0},{"not_picked":["Searing Blow"],"picked":"SKIP","floor":21.0},{"not_picked":["Sword Boomerang"],"picked":"SKIP","floor":23.0},{"not_picked":[],"picked":"Battle Trance+1","floor":25.0},{"not_picked":["Wild Strike"],"picked":"SKIP","floor":27.0},{"not_picked":[],"picked":"Thunderclap","floor":29.0},{"not_picked":[],"picked":"Feed","floor":33.0},{"not_picked":[],"picked":"Carnage","floor":35.0},{"not_picked":["Sword Boomerang"],"picked":"SKIP","floor":36.0},{"not_picked":["Pummel"],"picked":"SKIP","floor":38.0},{"not_picked":["Rampage"],"picked":"SKIP","floor":40.0},{"not_picked":[],"picked":"Entrench+1","floor":42.0},{"not_picked":["Warcry+1"],"picked":"SKIP","floor":44.0},{"not_picked":["Havoc+1"],"picked":"SKIP","floor":45.0}],"player_experience":563029,"relics_obtained":[{"floor":13.0,"key":"Gambling Chip"},{"floor":22.0,"key":"Tiny Chest"},{"floor":23.0,"key":"Ornamental Fan"},{"floor":26.0,"key":"Red Skull"},{"floor":40.0,"key":"Turnip"},{"floor":45.0,"key":"MealTicket"},{"floor":46.0,"key":"Toxic Egg 2"},{"floor":47.0,"key":"Ginger"}],"event_choices":[{"damage_healed":0.0,"max_hp_gain":0.0,"max_hp_loss":0.0,"gold_gain":0.0,"event_name":"FaceTrader","player_choice":"Trade","floor":4.0,"gold_loss":0.0,"damage_taken":0.0,"relics_obtained":["NlothsMask"]},{"damage_healed":0.0,"max_hp_gain":0.0,"max_hp_loss":0.0,"gold_gain":0.0,"event_name":"Match and Keep!","player_choice":"2 cards matched","floor":11.0,"gold_loss":0.0,"damage_taken":0.0,"cards_obtained":["Panacea","Bash"]},{"damage_healed":0.0,"max_hp_gain":0.0,"max_hp_loss":0.0,"gold_gain":0.0,"event_name":"Wheel of Change","player_choice":"Full Heal","floor":20.0,"gold_loss":0.0,"damage_taken":0.0},{"damage_healed":0.0,"max_hp_gain":0.0,"max_hp_loss":0.0,"gold_gain":0.0,"event_name":"Nest","player_choice":"Joined the Cult","floor":30.0,"gold_loss":0.0,"damage_taken":6.0,"cards_obtained":["RitualDagger"]},{"cards_removed":["Carnage"],"damage_healed":0.0,"max_hp_gain":0.0,"max_hp_loss":0.0,"gold_gain":0.0,"event_name":"WeMeetAgain","player_choice":"Gave Card","floor":37.0,"gold_loss":0.0,"damage_taken":0.0,"relics_obtained":["Eternal Feather"]},{"damage_healed":0.0,"max_hp_gain":0.0,"max_hp_loss":0.0,"gold_gain":0.0,"event_name":"Mysterious Sphere","player_choice":"Fight","floor":47.0,"gold_loss":0.0,"damage_taken":0.0}],"is_beta":false,"boss_relics":[{"not_picked":["Fusion Hammer","Runic Dome"],"picked":"Busted Crown"},{"not_picked":["SlaversCollar","SacredBark"],"picked":"Sozu"}],"items_purged_floors":[7,31,39],"is_endless":false,"potions_floor_spawned":[1,2,10,13,14,16,18,23,27,29,33,36,38,40],"killed_by":"Shield and Spear","ascension_level":0}}