{"host":"npubv26u89aif4fa","time":1611888504,"event":{"mods":["Astrologer","BaseMod","Better Vampires","Better-Laid Plans","Colored Powertips","GifTheSpireLib","GungeonMod","HornydragonMod","Hubris","Jedi Mod","Minty Spire (QoL Compilation)","Quick Restart","Remilia（蕾米莉亚）","Replay The Spire","StSLib","Td1madao Mod","The Administrix","The Alterego","The Bug Knight","The Cursed","The Runesmith","Yuri Mod","残留之物"],"gold_per_floor":[117,132,132,132,143,174,10,45,45,45,57,68,68,97,97,200,200,214,227,227,239,248,289,312,332,406,406,432,432,67,108,108,217,217,245,268,268,268,68,94,94,122,122,181,7,18,38,58,58,58,58,58,16,53,53],"floor_reached":56,"language":"ZHS","playtime":6460,"items_purged":["AdministrixMod:Strike_Administrix","AdministrixMod:Defend_Administrix","AdministrixMod:Defend_Administrix","AdministrixMod:Defend_Administrix","AdministrixMod:Defend_Administrix"],"score":1334,"play_id":"0ff8f01c-2191-4382-9604-832b41a7eb60","local_time":"20210129104824","is_ascension_mode":true,"campfire_choices":[{"floor":10.0,"key":"RECALL"},{"floor":13.0,"key":"REST"},{"data":"AdministrixMod:HaveItAll","floor":15.0,"key":"SMITH"},{"data":"AdministrixMod:DeathByGlamour","floor":27.0,"key":"SMITH"},{"data":"AdministrixMod:Transcension","floor":29.0,"key":"SMITH"},{"data":"AdministrixMod:WickedPunishment","floor":32.0,"key":"SMITH"},{"data":"AdministrixMod:TenDesires","floor":41,"key":"SMITH"},{"data":"AdministrixMod:JustRewards","floor":49,"key":"SMITH"},{"data":"AdministrixMod:CastOffRegrets","floor":52,"key":"SMITH"}],"circlet_count":0,"master_deck":["AdministrixMod:Strike_Administrix+1","AdministrixMod:Strike_Administrix+1","AdministrixMod:RedCloak","AdministrixMod:BlueCloak","AdministrixMod:LightOfYourLife","AdministrixMod:WickedPunishment+1","AdministrixMod:CastOffRegrets+1","AdministrixMod:FuneraryRites","AdministrixMod:HaveItAll+1","AdministrixMod:BegetEternity","AdministrixMod:JustRewards","AdministrixMod:DeathByGlamour+1","AdministrixMod:PassageOfAges","AdministrixMod:WifeLightning","AdministrixMod:ReachToHeaven","Parasite","AdministrixMod:Transcension+1","AdministrixMod:WickedPunishment+1","AdministrixMod:Metempsychosis+1","AdministrixMod:SeventeenArticleLaser","AdministrixMod:RisingSunPrince","AdministrixMod:TenDesires+1","AdministrixMod:Transition","AdministrixMod:ChooseYourEnd+1","AdministrixMod:CenturiesAscent+1","AdministrixMod:JustRewards+1","AdministrixMod:Convergence+1","AdministrixMod:CenturiesAscent+1","AdministrixMod:RisingSunPrince+1"],"relics":["AdministrixMod:ConductorRitualBaton","Whetstone","Pen Nib","Bottled Flame","jedi:firstaidkit","PlaceholderMod:DaolothFragment","Coffee Dripper","CeramicFish","jedi:arcanewood","Bottled Lightning","Ancient Tea Set","jedi:cryingmask","Counterbalance","hubris:VirtuousBlindfold","DemoMod:GundromedaStrain","HollowMod:StagPassRelic","HornCleat","DemoMod:Relodestone","DemoMod:MonsterBlood"],"acts_visited":["Exordium","TheCity","TheBeyond","TheEnding"],"potions_floor_usage":[44,50,55,55],"damage_taken":[{"damage":0.0,"enemies":"Jaw Worm","floor":1.0,"turns":3.0},{"damage":0.0,"enemies":"Small Slimes","floor":2.0,"turns":3.0},{"damage":0.0,"enemies":"2 Louse","floor":5.0,"turns":2.0},{"damage":24.0,"enemies":"3 Sentries","floor":6.0,"turns":6.0},{"damage":9.0,"enemies":"Gremlin Nob","floor":8.0,"turns":4.0},{"damage":6.0,"enemies":"Looter","floor":11.0,"turns":2.0},{"damage":19.0,"enemies":"Exordium Wildlife","floor":12.0,"turns":4.0},{"damage":25.0,"enemies":"3 Sentries","floor":14.0,"turns":6.0},{"damage":4.0,"enemies":"Hexaghost","floor":16.0,"turns":10.0},{"damage":0.0,"enemies":"Chosen","floor":18.0,"turns":3.0},{"damage":7.0,"enemies":"3 Byrds","floor":19.0,"turns":5.0},{"damage":10.0,"enemies":"Snake Plant","floor":21.0,"turns":4.0},{"damage":25.0,"enemies":"Replay:Snechameleon","floor":23.0,"turns":4.0},{"damage":11.0,"enemies":"Cultist and Chosen","floor":24.0,"turns":6.0},{"damage":20.0,"enemies":"Shelled Parasite and Fungi","floor":25.0,"turns":6.0},{"damage":18.0,"enemies":"Gremlin Leader","floor":28.0,"turns":7.0},{"damage":10.0,"enemies":"HollowMod:Nosk","floor":31.0,"turns":7.0},{"damage":0.0,"enemies":"Pondfish","floor":33.0,"turns":7.0},{"damage":7.0,"enemies":"3 Shapes","floor":35.0,"turns":4.0},{"damage":0.0,"enemies":"3 Darklings","floor":36.0,"turns":3.0},{"damage":45,"enemies":"R_Hoarder","floor":40,"turns":6},{"damage":0,"enemies":"Maw","floor":42,"turns":4},{"damage":0,"enemies":"Mind Bloom Boss Battle","floor":44,"turns":2},{"damage":17,"enemies":"Writhing Mass","floor":46,"turns":3},{"damage":10,"enemies":"4 Shapes","floor":47,"turns":5},{"damage":0,"enemies":"Maw","floor":48,"turns":5},{"damage":12,"enemies":"Time Eater","floor":50,"turns":9},{"damage":0,"enemies":"Shield and Spear","floor":54,"turns":3},{"damage":41,"enemies":"The Heart","floor":55,"turns":10}],"seed_played":"-1286003211973967857","potions_obtained":[{"floor":2.0,"key":"DemoMod:LeadSkinPotion"},{"floor":6.0,"key":"jedi:holywater"},{"floor":14.0,"key":"LiquidMemories"},{"floor":25.0,"key":"Milkshake"},{"floor":48,"key":"jedi:tentaclejuice"}],"is_trial":false,"path_per_floor":["M","M","?","?","M","E","$","E","T","R","M","M","R","E","R","B",null,"M","M","?","M","?","E","M","M","T","R","E","R","$","E","R","B",null,"M","M","?","T","$","E","R","M","T","?","$","M","M","M","R","B",null,"R","$","E","B",null],"character_chosen":"TheAdministrix","items_purchased":["AdministrixMod:HaveItAll","jedi:cryingmask","AdministrixMod:SeventeenArticleLaser","DemoMod:LeadSkinPotion","AdministrixMod:CenturiesAscent"],"campfire_rested":1,"item_purchase_floors":[7,30,30,45,53],"current_hp_per_floor":[65,65,62,55,55,31,31,22,22,22,16,4,23,18,18,20,65,65,63,63,60,60,41,35,29,29,29,33,33,33,29,29,29,65,60,60,60,60,60,18,18,18,18,18,18,7,16,16,16,7,65,65,65,72,34],"gold":53,"neow_bonus":"RANDOM_COMMON_RELIC","is_daily":false,"chose_seed":false,"campfire_upgraded":7,"win_rate":0.0,"timestamp":1611888504,"path_taken":["M","M","?","?","M","E","?","E","T","R","M","?","R","E","R","BOSS","M","M","?","?","?","E","M","M","T","R","E","R","$","E","R","BOSS","M","?","?","?","$","E","?","M","T","?","$","M","M","?","R","BOSS","R","$","E","BOSS"],"items_purchased_type":["Card","Relic","Card","Undefined","Card"],"build_version":"2020-12-22","purchased_purges":5,"victory":true,"max_hp_per_floor":[65,65,65,65,65,65,65,65,65,65,65,65,65,65,65,65,65,65,65,65,65,65,65,65,65,65,65,65,65,65,65,65,65,65,65,65,65,65,65,65,65,65,65,65,65,65,65,65,65,65,65,65,65,72,72],"card_choices":[{"not_picked":["AdministrixMod:Untouchable","AdministrixMod:RegentEdict"],"picked":"AdministrixMod:LightOfYourLife","floor":1.0},{"not_picked":["AdministrixMod:ShadowPlay","AdministrixMod:PassageOfAges"],"picked":"AdministrixMod:WickedPunishment","floor":2.0},{"not_picked":["AdministrixMod:RebukeDesires","AdministrixMod:BishamonBlessing"],"picked":"AdministrixMod:CastOffRegrets","floor":5.0},{"not_picked":["AdministrixMod:PassageOfAges","AdministrixMod:LightOfYourLife"],"picked":"AdministrixMod:FuneraryRites","floor":6.0},{"not_picked":["AdministrixMod:MixOfMercury","AdministrixMod:ImmortalGrace"],"picked":"AdministrixMod:BegetEternity","floor":8.0},{"not_picked":["AdministrixMod:RebukeDesires","AdministrixMod:Transcension","AdministrixMod:NoblePath"],"picked":"SKIP","floor":11.0},{"not_picked":["AdministrixMod:ImmortalGrace","AdministrixMod:LightOfYourLife","AdministrixMod:DiversionaryTactic"],"picked":"SKIP","floor":12.0},{"not_picked":["AdministrixMod:Transcension","AdministrixMod:SyncreticSurge"],"picked":"AdministrixMod:JustRewards","floor":14.0},{"not_picked":["AdministrixMod:LifeforceNet","AdministrixMod:NewbornDivinity"],"picked":"AdministrixMod:DeathByGlamour","floor":16.0},{"not_picked":["AdministrixMod:QuietConspiracy","AdministrixMod:BloodBargain"],"picked":"AdministrixMod:PassageOfAges","floor":18.0},{"not_picked":["AdministrixMod:ImmortalPurity+1","AdministrixMod:ShadowPlay","AdministrixMod:TouchOfCinnabar"],"picked":"SKIP","floor":19.0},{"not_picked":["AdministrixMod:MixOfMercury","AdministrixMod:PlateOfAntiquity"],"picked":"AdministrixMod:ReachToHeaven","floor":21.0},{"not_picked":["AdministrixMod:GuanyinBlessing","AdministrixMod:ReachToHeaven"],"picked":"AdministrixMod:Transcension","floor":23.0},{"not_picked":["AdministrixMod:Transcension","AdministrixMod:SyncreticSurge"],"picked":"AdministrixMod:WickedPunishment+1","floor":24.0},{"not_picked":["AdministrixMod:ImmortalPurity","AdministrixMod:ReachToHeaven"],"picked":"AdministrixMod:Metempsychosis+1","floor":25.0},{"not_picked":["AdministrixMod:CosmosControl","AdministrixMod:Untouchable","AdministrixMod:MixOfMercury"],"picked":"SKIP","floor":28.0},{"not_picked":["AdministrixMod:ImmortalPurity+1","AdministrixMod:BloodlessSapphire"],"picked":"AdministrixMod:RisingSunPrince","floor":31.0},{"not_picked":["AdministrixMod:LifeforceNet","AdministrixMod:Schism"],"picked":"AdministrixMod:TenDesires","floor":33.0},{"not_picked":["AdministrixMod:NoblePath","AdministrixMod:DiversionaryTactic+1"],"picked":"AdministrixMod:Transition","floor":35.0},{"not_picked":["AdministrixMod:ImmortalGrace","AdministrixMod:CrackingPangu+1"],"picked":"AdministrixMod:ChooseYourEnd+1","floor":36.0},{"not_picked":["AdministrixMod:RegentEdict","AdministrixMod:LightOfYourLife","AdministrixMod:BloodBargain+1"],"picked":"SKIP","floor":40},{"not_picked":["AdministrixMod:CastOffRegrets+1","AdministrixMod:FuneraryRites"],"picked":"AdministrixMod:CenturiesAscent+1","floor":42},{"not_picked":["AdministrixMod:NoblePath+1","AdministrixMod:SeventeenArticleLaser"],"picked":"AdministrixMod:JustRewards","floor":44},{"not_picked":["AdministrixMod:SealAway","AdministrixMod:FuneraryRites","AdministrixMod:SipOfSparks+1"],"picked":"SKIP","floor":46},{"not_picked":["AdministrixMod:BishamonBlessing+1","AdministrixMod:Schism"],"picked":"AdministrixMod:Convergence+1","floor":47},{"not_picked":["AdministrixMod:ShadowPlay+1","AdministrixMod:SealAway","AdministrixMod:TrickOfTheLight+1"],"picked":"SKIP","floor":48},{"not_picked":["AdministrixMod:ImmortalPurity","AdministrixMod:PassageOfAges"],"picked":"AdministrixMod:RisingSunPrince+1","floor":54}],"player_experience":366225,"relics_obtained":[{"floor":6.0,"key":"Bottled Flame"},{"floor":8.0,"key":"jedi:firstaidkit"},{"floor":14.0,"key":"PlaceholderMod:DaolothFragment"},{"floor":23.0,"key":"jedi:arcanewood"},{"floor":26.0,"key":"Bottled Lightning"},{"floor":28.0,"key":"Ancient Tea Set"},{"floor":31.0,"key":"Counterbalance"},{"floor":38,"key":"DemoMod:GundromedaStrain"},{"floor":40,"key":"HollowMod:StagPassRelic"},{"floor":43,"key":"HornCleat"},{"floor":44,"key":"DemoMod:Relodestone"},{"floor":54,"key":"DemoMod:MonsterBlood"}],"event_choices":[{"damage_healed":0.0,"max_hp_gain":0.0,"max_hp_loss":0.0,"gold_gain":0.0,"event_name":"Scrap Ooze","player_choice":"Success","floor":3.0,"gold_loss":0.0,"damage_taken":3.0,"relics_obtained":["Pen Nib"]},{"cards_removed":["AdministrixMod:Strike_Administrix"],"damage_healed":0.0,"max_hp_gain":0.0,"max_hp_loss":0.0,"gold_gain":0.0,"event_name":"Golden Wing","player_choice":"Card Removal","floor":4.0,"gold_loss":0.0,"damage_taken":7.0},{"damage_healed":0.0,"max_hp_gain":0.0,"max_hp_loss":0.0,"gold_gain":0.0,"event_name":"Match and Keep!","player_choice":"1 cards matched","floor":20.0,"gold_loss":0.0,"damage_taken":0.0,"cards_obtained":["AdministrixMod:WifeLightning"]},{"damage_healed":0,"gold_gain":0,"player_choice":"Fight","damage_taken":0,"max_hp_gain":0,"max_hp_loss":0,"event_name":"MindBloom","floor":44,"gold_loss":0}],"is_beta":false,"boss_relics":[{"not_picked":["Abe\u0027s Treasure","Fusion Hammer"],"picked":"Coffee Dripper"},{"not_picked":["Calling Bell","hubris:CrackedHourglass"],"picked":"hubris:VirtuousBlindfold"}],"items_purged_floors":[30,30,39,39,45],"is_endless":false,"potions_floor_spawned":[2,6,14,18,21,25,35,40,44,46,48],"ascension_level":1}}