{"host":"u7lm8z2rvb4dg2oo","time":1611903383,"event":{"mods":["AchievementEnabler","BaseMod","Bestiary","Block Reminder","Colored Map","Colored Powertips","Curses Come First","DeckTracker","Googly Eyes","Highlight Path","Minty Spire (QoL Compilation)","Quick Restart","StSLib"],"gold_per_floor":[114,35,35,0,14,45,61,86,109,109,142,142,152,169,169,272,272,284,374,389,389,389,389,389,415,485,485,501,96,128,147,147,251,251,270,4,20,31,44,70,20,20,95,95,106,124,124,150,150,150],"floor_reached":51,"language":"ENG","playtime":2585,"items_purged":["Well Laid Plans","Strike_G"],"score":1215,"play_id":"87c5aeeb-da97-4b17-bff3-55da101f03bb","local_time":"20210129015623","is_ascension_mode":true,"campfire_choices":[{"floor":10.0,"key":"REST"},{"floor":12.0,"key":"REST"},{"data":"Accuracy","floor":15.0,"key":"SMITH"},{"floor":24.0,"key":"REST"},{"floor":27.0,"key":"REST"},{"data":"Accuracy","floor":32.0,"key":"SMITH"},{"data":"Blade Dance","floor":42,"key":"SMITH"},{"data":"Adrenaline","floor":44,"key":"SMITH"},{"data":"Terror","floor":47,"key":"SMITH"},{"data":"Finisher","floor":49,"key":"SMITH"}],"circlet_count":0,"master_deck":["AscendersBane","Strike_G","Strike_G","Strike_G","Strike_G","Defend_G","Defend_G","Defend_G","Defend_G","Defend_G","Survivor","Neutralize","Poisoned Stab","Caltrops","Infinite Blades","Blade Dance","Finisher+1","Accuracy+1","Backstab","Blade Dance+1","Adrenaline+1","Flechettes","Backstab","Leg Sweep","Slice","Malaise","Accuracy+1","PiercingWail","Bullet Time","Terror+1"],"relics":["Ring of the Snake","NeowsBlessing","WarpedTongs","Dream Catcher","Boot","Anchor","Toy Ornithopter","Runic Pyramid","Matryoshka","MealTicket","Shuriken","Pocketwatch","Busted Crown","Ninja Scroll","Pen Nib","HornCleat","Potion Belt"],"acts_visited":["Exordium","TheCity","TheBeyond"],"potions_floor_usage":[40,40,45,48,50],"damage_taken":[{"damage":0.0,"enemies":"Jaw Worm","floor":1.0,"turns":1.0},{"damage":0.0,"enemies":"Cultist","floor":5.0,"turns":1.0},{"damage":0.0,"enemies":"Lagavulin","floor":6.0,"turns":1.0},{"damage":4.0,"enemies":"2 Louse","floor":7.0,"turns":3.0},{"damage":29.0,"enemies":"Gremlin Nob","floor":8.0,"turns":5.0},{"damage":6.0,"enemies":"3 Sentries","floor":11.0,"turns":6.0},{"damage":4.0,"enemies":"Looter","floor":13.0,"turns":3.0},{"damage":0.0,"enemies":"3 Louse","floor":14.0,"turns":2.0},{"damage":40.0,"enemies":"Hexaghost","floor":16.0,"turns":7.0},{"damage":13.0,"enemies":"2 Thieves","floor":18.0,"turns":3.0},{"damage":3.0,"enemies":"Chosen","floor":20.0,"turns":3.0},{"damage":0.0,"enemies":"Slavers","floor":23.0,"turns":1.0},{"damage":42.0,"enemies":"Gremlin Leader","floor":25.0,"turns":5.0},{"damage":10.0,"enemies":"Centurion and Healer","floor":28.0,"turns":6.0},{"damage":7.0,"enemies":"Slavers","floor":30.0,"turns":4.0},{"damage":0.0,"enemies":"Snecko","floor":31.0,"turns":3.0},{"damage":55.0,"enemies":"Champ","floor":33.0,"turns":8.0},{"damage":4.0,"enemies":"3 Darklings","floor":35.0,"turns":5.0},{"damage":1.0,"enemies":"3 Shapes","floor":37.0,"turns":2.0},{"damage":9.0,"enemies":"3 Darklings","floor":38.0,"turns":4.0},{"damage":12.0,"enemies":"Jaw Worm Horde","floor":39.0,"turns":3.0},{"damage":36,"enemies":"Nemesis","floor":40,"turns":5},{"damage":0,"enemies":"Writhing Mass","floor":45,"turns":1},{"damage":0,"enemies":"3 Darklings","floor":46,"turns":3},{"damage":3,"enemies":"Giant Head","floor":48,"turns":6},{"damage":64,"enemies":"Awakened One","floor":50,"turns":8}],"seed_played":"4393214607071305327","potions_obtained":[{"floor":5.0,"key":"SmokeBomb"},{"floor":11.0,"key":"Energy Potion"},{"floor":13.0,"key":"Swift Potion"},{"floor":16.0,"key":"Strength Potion"},{"floor":30.0,"key":"Fruit Juice"},{"floor":31.0,"key":"LiquidBronze"},{"floor":39.0,"key":"LiquidBronze"},{"floor":45,"key":"SmokeBomb"},{"floor":46,"key":"Energy Potion"},{"floor":48,"key":"GhostInAJar"}],"is_trial":false,"path_per_floor":["M","$","?","$","M","E","M","E","T","R","E","R","M","M","R","B",null,"M","?","M","?","?","E","R","E","T","R","M","$","E","M","R","B",null,"M","$","M","M","M","E","$","R","T","R","M","M","R","E","R","B",null],"character_chosen":"THE_SILENT","items_purchased":["Caltrops","Well Laid Plans","Malaise","Fruit Juice","SteroidPotion","Accuracy","Terror","EntropicBrew","Fire Potion"],"campfire_rested":4,"item_purchase_floors":[2,4,29,29,29,29,36,36,41],"current_hp_per_floor":[63,63,63,63,63,63,59,30,30,51,45,66,62,67,67,32,61,53,41,38,38,25,30,52,10,10,32,22,47,55,55,55,5,65,61,76,75,66,69,43,58,58,58,58,63,63,63,65,65,6],"gold":150,"neow_bonus":"THREE_ENEMY_KILL","is_daily":false,"chose_seed":false,"campfire_upgraded":6,"win_rate":0.0,"timestamp":1611903383,"path_taken":["M","$","?","$","M","E","M","E","T","R","E","R","M","M","R","BOSS","M","?","?","?","?","E","R","E","T","R","M","$","E","M","R","BOSS","M","$","M","M","M","E","$","R","T","R","M","M","R","E","R","BOSS"],"items_purchased_type":["Card","Card","Card","Potion","Potion","Card","Card","Potion","Potion"],"build_version":"2020-12-22","purchased_purges":2,"victory":true,"max_hp_per_floor":[70,70,70,70,70,70,70,70,70,70,70,70,70,70,70,70,70,70,70,70,70,75,75,75,75,75,75,75,80,85,85,85,85,85,85,85,85,85,85,85,85,85,85,85,85,85,85,85,85,85],"card_choices":[{"not_picked":["Outmaneuver","Deflect"],"picked":"Poisoned Stab","floor":1.0},{"not_picked":["Outmaneuver","Dodge and Roll"],"picked":"Infinite Blades","floor":5.0},{"not_picked":["Slice","All Out Attack"],"picked":"Blade Dance","floor":6.0},{"not_picked":["Deflect","Prepared"],"picked":"Finisher","floor":7.0},{"not_picked":["Slice","Concentrate"],"picked":"Accuracy","floor":8.0},{"not_picked":["Dagger Spray","Flying Knee","Poisoned Stab"],"picked":"SKIP","floor":11.0},{"not_picked":["Backflip","Deadly Poison"],"picked":"Backstab","floor":12.0},{"not_picked":["Dagger Throw","Poisoned Stab","Tools of the Trade"],"picked":"SKIP","floor":13.0},{"not_picked":["Acrobatics","PiercingWail"],"picked":"Blade Dance","floor":14.0},{"not_picked":["Envenom","Doppelganger"],"picked":"Adrenaline","floor":16.0},{"not_picked":["All Out Attack","Well Laid Plans"],"picked":"Flechettes","floor":18.0},{"not_picked":["Leg Sweep","Dash"],"picked":"Backstab","floor":20.0},{"not_picked":["Deadly Poison","Setup"],"picked":"Leg Sweep","floor":24.0},{"not_picked":["Bane","Riddle With Holes","Acrobatics"],"picked":"SKIP","floor":25.0},{"not_picked":["Underhanded Strike+1","Choke"],"picked":"Slice","floor":28.0},{"not_picked":["Die Die Die","Deadly Poison","Calculated Gamble"],"picked":"SKIP","floor":30.0},{"not_picked":["Choke","Eviscerate"],"picked":"PiercingWail","floor":31.0},{"not_picked":["Adrenaline","Unload"],"picked":"Bullet Time","floor":33.0},{"not_picked":["Crippling Poison"],"picked":"SKIP","floor":35.0},{"not_picked":["All Out Attack+1"],"picked":"SKIP","floor":37.0},{"not_picked":["All Out Attack+1"],"picked":"SKIP","floor":37.0},{"not_picked":["Underhanded Strike"],"picked":"SKIP","floor":38.0},{"not_picked":["Well Laid Plans"],"picked":"SKIP","floor":39.0},{"not_picked":["Poisoned Stab+1"],"picked":"SKIP","floor":40},{"not_picked":["Underhanded Strike"],"picked":"SKIP","floor":45},{"not_picked":["Quick Slash+1"],"picked":"SKIP","floor":46},{"not_picked":["Leg Sweep"],"picked":"SKIP","floor":48}],"player_experience":1049034,"relics_obtained":[{"floor":6.0,"key":"Dream Catcher"},{"floor":8.0,"key":"Boot"},{"floor":9.0,"key":"Anchor"},{"floor":11.0,"key":"Toy Ornithopter"},{"floor":25.0,"key":"Matryoshka"},{"floor":26.0,"key":"MealTicket"},{"floor":26.0,"key":"Shuriken"},{"floor":30.0,"key":"Pocketwatch"},{"floor":40,"key":"Ninja Scroll"},{"floor":43,"key":"Pen Nib"},{"floor":43,"key":"HornCleat"},{"floor":48,"key":"Potion Belt"}],"event_choices":[{"damage_healed":0.0,"max_hp_gain":0.0,"max_hp_loss":0.0,"gold_gain":0.0,"event_name":"Accursed Blacksmith","player_choice":"Rummage","floor":3.0,"gold_loss":0.0,"damage_taken":0.0,"relics_obtained":["WarpedTongs"],"cards_obtained":["Pain"]},{"damage_healed":0.0,"max_hp_gain":0.0,"max_hp_loss":0.0,"gold_gain":90.0,"event_name":"Knowing Skull","player_choice":"GOLD ","floor":19.0,"potions_obtained":[],"gold_loss":0.0,"damage_taken":12.0,"cards_obtained":[]},{"cards_removed":["Pain"],"damage_healed":0.0,"max_hp_gain":0.0,"max_hp_loss":0.0,"gold_gain":0.0,"event_name":"Back to Basics","player_choice":"Elegance","floor":21.0,"gold_loss":0.0,"damage_taken":0.0},{"damage_healed":0.0,"max_hp_gain":5.0,"max_hp_loss":0.0,"gold_gain":0.0,"event_name":"Forgotten Altar","player_choice":"Shed Blood","floor":22.0,"gold_loss":0.0,"damage_taken":18.0}],"is_beta":false,"boss_relics":[{"not_picked":["Cursed Key","Philosopher\u0027s Stone"],"picked":"Runic Pyramid"},{"not_picked":["Astrolabe","Pandora\u0027s Box"],"picked":"Busted Crown"}],"items_purged_floors":[29,36],"is_endless":false,"potions_floor_spawned":[5,11,13,16,23,30,31,39,45,46,48],"ascension_level":10}}