{"host":"1c17lcvl7acx821p","time":1611917772,"event":{"mods":["AchievementEnabler","BaseMod","Colored Map","Minty Spire (QoL Compilation)","Quick Restart","Relic Sorter","StSLib"],"gold_per_floor":[113,132,143,143,143,143,143,161,188,188,214,232,243,243,16,35,35,108,108,121,136,148,148,148,148,148,174,174,174,199,199,212,225,240,240,240,313,313,323,334,353,378,41,61,61,80,114,131,131,131,131,94,112,112,122,122,122],"floor_reached":58,"language":"ENG","playtime":2028,"items_purged":["Regret","Strike_R"],"score":1333,"play_id":"4638e5fc-10cf-41c3-a415-aa6a180b7201","local_time":"20210129125612","is_ascension_mode":true,"campfire_choices":[{"data":"Whirlwind","floor":7.0,"key":"SMITH"},{"floor":17.0,"key":"REST"},{"floor":26.0,"key":"DIG"},{"floor":28.0,"key":"REST"},{"floor":31.0,"key":"DIG"},{"floor":35.0,"key":"DIG"},{"floor":36.0,"key":"REST"},{"floor":45,"key":"DIG"},{"floor":49,"key":"DIG"},{"floor":54,"key":"DIG"},{"floor":56,"key":"REST"}],"circlet_count":0,"master_deck":["AscendersBane","Strike_R","Strike_R","Strike_R","Defend_R","Defend_R","Defend_R","Defend_R","Bash","Pommel Strike","Whirlwind+1","True Grit+1","Demon Form+1","Spot Weakness","Shrug It Off","Offering","Dark Embrace+1","Disarm","Writhe","Pummel+1","Shame","True Grit+1","Warcry+1","Headbutt","Reaper","Pommel Strike+1","Dark Embrace+1","Evolve+1","Inflame+1","Regret","Whirlwind","Shockwave+1"],"relics":["Burning Blood","Bag of Marbles","Shovel","Frozen Egg 2","Bottled Flame","Calipers","Lizard Tail","Red Skull","Cursed Key","Gambling Chip","Nilry\u0027s Codex","Pocketwatch","PreservedInsect","Matryoshka","Ancient Tea Set","Darkstone Periapt","Regal Pillow","Snecko Eye","Prayer Wheel","Chemical X","HornCleat","Thread and Needle","Strawberry","Pen Nib","Nunchaku"],"acts_visited":["Exordium","TheCity","TheBeyond"],"potions_floor_usage":[37,37,57,57],"damage_taken":[{"damage":1.0,"enemies":"Cultist","floor":1.0,"turns":3.0},{"damage":2.0,"enemies":"2 Louse","floor":2.0,"turns":4.0},{"damage":7.0,"enemies":"Small Slimes","floor":3.0,"turns":4.0},{"damage":20.0,"enemies":"Exordium Wildlife","floor":8.0,"turns":5.0},{"damage":28.0,"enemies":"Gremlin Nob","floor":9.0,"turns":4.0},{"damage":16.0,"enemies":"Lagavulin","floor":11.0,"turns":8.0},{"damage":4.0,"enemies":"Blue Slaver","floor":12.0,"turns":6.0},{"damage":4.0,"enemies":"Red Slaver","floor":13.0,"turns":4.0},{"damage":0.0,"enemies":"Exordium Thugs","floor":16.0,"turns":2.0},{"damage":35.0,"enemies":"Hexaghost","floor":18.0,"turns":8.0},{"damage":21.0,"enemies":"Shell Parasite","floor":20.0,"turns":3.0},{"damage":6.0,"enemies":"2 Thieves","floor":21.0,"turns":1.0},{"damage":23.0,"enemies":"Snecko","floor":22.0,"turns":4.0},{"damage":7.0,"enemies":"Book of Stabbing","floor":27.0,"turns":5.0},{"damage":6.0,"enemies":"Gremlin Leader","floor":30.0,"turns":3.0},{"damage":0.0,"enemies":"3 Cultists","floor":32.0,"turns":1.0},{"damage":22.0,"enemies":"Centurion and Healer","floor":33.0,"turns":4.0},{"damage":6.0,"enemies":"Sentry and Sphere","floor":34.0,"turns":1.0},{"damage":60,"enemies":"Collector","floor":37,"turns":8},{"damage":8,"enemies":"Orb Walker","floor":39,"turns":2},{"damage":12,"enemies":"3 Shapes","floor":40,"turns":2},{"damage":11,"enemies":"Jaw Worm Horde","floor":41,"turns":2},{"damage":6,"enemies":"Mind Bloom Boss Battle","floor":42,"turns":5},{"damage":54,"enemies":"Transient","floor":44,"turns":5},{"damage":5,"enemies":"Sphere and 2 Shapes","floor":46,"turns":1},{"damage":25,"enemies":"Reptomancer","floor":47,"turns":3},{"damage":0,"enemies":"4 Shapes","floor":48,"turns":1},{"damage":12,"enemies":"Spire Growth","floor":53,"turns":3},{"damage":3,"enemies":"Sphere and 2 Shapes","floor":55,"turns":2},{"damage":49,"enemies":"Time Eater","floor":57,"turns":5}],"seed_played":"-7524009543004892566","potions_obtained":[{"floor":2.0,"key":"Swift Potion"},{"floor":3.0,"key":"Ancient Potion"},{"floor":9.0,"key":"PowerPotion"},{"floor":18.0,"key":"AttackPotion"},{"floor":21.0,"key":"FearPotion"},{"floor":32.0,"key":"Energy Potion"},{"floor":34.0,"key":"Strength Potion"},{"floor":39,"key":"ColorlessPotion"},{"floor":41,"key":"FearPotion"},{"floor":46,"key":"EssenceOfSteel"},{"floor":53,"key":"Swift Potion"}],"is_trial":false,"path_per_floor":["M","M","M","?","?","?","R","M","E","T","E","M","M","?","$","M","R","B",null,"M","M","M","T","T","?","R","E","R","T","E","R","M","M","M","R","R","B",null,"M","M","M","?","$","M","R","M","E","M","R","T","?","$","M","R","M","R","B",null],"character_chosen":"IRONCLAD","items_purchased":["Red Skull","Chemical X","Evolve+1","Whirlwind"],"campfire_rested":4,"item_purchase_floors":[15,43,43,52],"current_hp_per_floor":[77,80,79,79,72,72,72,58,36,36,26,28,30,30,30,36,60,31,68,53,53,36,36,36,20,20,19,43,43,43,43,49,33,33,33,72,18,65,73,78,78,80,80,48,48,61,60,66,73,79,79,79,73,73,76,93,63],"gold":122,"neow_bonus":"RANDOM_COMMON_RELIC","is_daily":false,"chose_seed":false,"campfire_upgraded":1,"win_rate":0.0,"timestamp":1611917772,"path_taken":["M","M","?","?","?","?","R","M","E","T","E","?","M","?","$","M","R","BOSS","M","M","M","?","?","?","R","E","R","T","E","R","M","?","?","R","R","BOSS","M","M","M","?","$","M","R","M","E","M","R","T","?","?","M","R","M","R","BOSS"],"items_purchased_type":["Relic","Relic","Card","Card"],"build_version":"2020-12-22","purchased_purges":2,"victory":true,"max_hp_per_floor":[80,80,80,80,80,80,80,80,80,80,80,80,80,80,80,80,80,80,80,80,80,80,80,80,80,80,80,80,80,80,80,80,80,80,80,80,80,80,80,80,80,80,80,80,80,80,80,80,87,93,93,93,93,93,93,93,93],"card_choices":[{"not_picked":["Cleave","Heavy Blade"],"picked":"Pommel Strike","floor":1.0},{"not_picked":["Shrug It Off","Combust"],"picked":"Whirlwind","floor":2.0},{"not_picked":["Blood for Blood","Body Slam"],"picked":"True Grit","floor":3.0},{"not_picked":["Clash","Flex"],"picked":"Shrug It Off","floor":8.0},{"not_picked":["Armaments","Whirlwind","Infernal Blade"],"picked":"SKIP","floor":9.0},{"not_picked":["Rupture+1","Bloodletting"],"picked":"Demon Form+1","floor":11.0},{"not_picked":["Pommel Strike","Dual Wield"],"picked":"Spot Weakness","floor":12.0},{"not_picked":["Carnage","Sword Boomerang"],"picked":"Twin Strike","floor":13.0},{"not_picked":["Bloodletting","Clothesline"],"picked":"Shrug It Off","floor":16.0},{"not_picked":["Juggernaut+1","Berserk+1"],"picked":"Offering","floor":18.0},{"not_picked":["Armaments","Rage"],"picked":"Dark Embrace+1","floor":20.0},{"not_picked":["Armaments","Hemokinesis","Anger"],"picked":"SKIP","floor":21.0},{"not_picked":["Thunderclap","Flame Barrier"],"picked":"Disarm","floor":22.0},{"not_picked":["Dual Wield","Pommel Strike"],"picked":"Pummel+1","floor":27.0},{"not_picked":["Clash+1","Hemokinesis"],"picked":"True Grit+1","floor":30.0},{"not_picked":["Cleave","Anger","Immolate"],"picked":"SKIP","floor":32.0},{"not_picked":["Armaments+1","Intimidate"],"picked":"Warcry+1","floor":33.0},{"not_picked":["Clothesline","Combust+1"],"picked":"Headbutt","floor":34.0},{"not_picked":["Corruption+1","Feed"],"picked":"Reaper","floor":37},{"not_picked":["True Grit","Body Slam+1","Clash"],"picked":"SKIP","floor":39},{"not_picked":["Cleave","Carnage","Iron Wave+1"],"picked":"SKIP","floor":40},{"not_picked":["Thunderclap+1","Anger"],"picked":"Pommel Strike+1","floor":41},{"not_picked":["Rupture+1","Twin Strike"],"picked":"Dark Embrace+1","floor":42},{"not_picked":["Burning Pact","Cleave","Intimidate"],"picked":"SKIP","floor":44},{"not_picked":["Ghostly Armor","Havoc","Brutality+1"],"picked":"SKIP","floor":44},{"not_picked":["Flex","Thunderclap","Shrug It Off"],"picked":"SKIP","floor":46},{"not_picked":["Cleave","Headbutt","Rampage"],"picked":"SKIP","floor":46},{"not_picked":["Thunderclap","Juggernaut+1"],"picked":"Inflame+1","floor":47},{"not_picked":["Entrench","Rage","Body Slam"],"picked":"SKIP","floor":48},{"not_picked":["Heavy Blade","Sentinel","Evolve+1"],"picked":"SKIP","floor":48},{"not_picked":["True Grit","Whirlwind"],"picked":"Shockwave+1","floor":53},{"not_picked":["Thunderclap+1","Anger+1","Heavy Blade"],"picked":"SKIP","floor":53},{"not_picked":["Blood for Blood","Warcry","Headbutt+1"],"picked":"SKIP","floor":55},{"not_picked":["Clothesline","Wild Strike+1","Body Slam"],"picked":"SKIP","floor":55}],"player_experience":237830,"relics_obtained":[{"floor":9.0,"key":"Frozen Egg 2"},{"floor":10.0,"key":"Bottled Flame"},{"floor":11.0,"key":"Calipers"},{"floor":23.0,"key":"Gambling Chip"},{"floor":25.0,"key":"Nilry\u0027s Codex"},{"floor":26.0,"key":"Pocketwatch"},{"floor":27.0,"key":"PreservedInsect"},{"floor":29.0,"key":"Matryoshka"},{"floor":30.0,"key":"Ancient Tea Set"},{"floor":31.0,"key":"Darkstone Periapt"},{"floor":35.0,"key":"Regal Pillow"},{"floor":42,"key":"Prayer Wheel"},{"floor":45,"key":"HornCleat"},{"floor":47,"key":"Thread and Needle"},{"floor":49,"key":"Strawberry"},{"floor":50,"key":"Pen Nib"},{"floor":54,"key":"Nunchaku"}],"event_choices":[{"damage_healed":0.0,"max_hp_gain":0.0,"max_hp_loss":0.0,"gold_gain":0.0,"event_name":"Living Wall","player_choice":"Grow","floor":4.0,"gold_loss":0.0,"damage_taken":0.0,"cards_upgraded":["True Grit"]},{"cards_removed":["Strike_R"],"damage_healed":0.0,"max_hp_gain":0.0,"max_hp_loss":0.0,"gold_gain":0.0,"event_name":"Golden Wing","player_choice":"Card Removal","floor":5.0,"gold_loss":0.0,"damage_taken":7.0},{"damage_healed":0.0,"max_hp_gain":0.0,"max_hp_loss":0.0,"gold_gain":0.0,"event_name":"Big Fish","player_choice":"Box","floor":6.0,"gold_loss":0.0,"damage_taken":0.0,"relics_obtained":["Shovel"],"cards_obtained":["Regret"]},{"cards_removed":["Shrug It Off"],"damage_healed":0.0,"max_hp_gain":0.0,"max_hp_loss":0.0,"gold_gain":0.0,"event_name":"WeMeetAgain","player_choice":"Gave Card","floor":14.0,"gold_loss":0.0,"damage_taken":0.0,"relics_obtained":["Lizard Tail"]},{"damage_healed":0.0,"max_hp_gain":0.0,"max_hp_loss":0.0,"gold_gain":0.0,"event_name":"Cursed Tome","player_choice":"Obtained Book","floor":25.0,"gold_loss":0.0,"damage_taken":16.0},{"damage_healed":0,"gold_gain":0,"player_choice":"Fight","damage_taken":0,"max_hp_gain":0,"max_hp_loss":0,"event_name":"MindBloom","floor":42,"gold_loss":0},{"cards_removed":["Twin Strike"],"damage_healed":0,"gold_gain":0,"player_choice":"Removed Attack","damage_taken":0,"max_hp_gain":0,"max_hp_loss":0,"event_name":"Falling","floor":51,"gold_loss":0}],"is_beta":false,"boss_relics":[{"not_picked":["Black Blood","Runic Cube"],"picked":"Cursed Key"},{"not_picked":["Fusion Hammer","SacredBark"],"picked":"Snecko Eye"}],"items_purged_floors":[15,43],"is_endless":false,"potions_floor_spawned":[2,3,9,18,21,22,32,34,39,41,46,53],"ascension_level":13}}