{"host":"yuoancq4cku3x8wq","time":1611927905,"event":{"mods":["AchievementEnabler","BaseMod","Minty Spire (QoL Compilation)","Quick Restart","StSLib","SuperFastMode"],"gold_per_floor":[116,132,158,175,175,175,190,265,265,265,265,279,279,106,106,178,178,192,117,117,60,80,80,112,59,85,85,110,120,170,185,185,185,185],"floor_reached":33,"language":"ZHS","playtime":705,"items_purged":["Strike_R"],"score":596,"play_id":"8b030f88-e374-46e8-b1f7-3a68759476cf","local_time":"20210129214505","is_ascension_mode":true,"campfire_choices":[{"data":"Fiend Fire","floor":6.0,"key":"SMITH"},{"data":"Strike_R","floor":11.0,"key":"PURGE"},{"data":"Body Slam","floor":13.0,"key":"SMITH"},{"data":"Armaments","floor":15.0,"key":"SMITH"},{"floor":23.0,"key":"REST"},{"data":"Strike_R","floor":27.0,"key":"PURGE"},{"floor":32.0,"key":"REST"}],"circlet_count":0,"master_deck":["AscendersBane","Defend_R","Defend_R","Defend_R","Defend_R","Bash","Fiend Fire+1","Body Slam+1","Impervious","Armaments+1","Rampage","Offering","Pommel Strike","Shrug It Off","Dark Embrace"],"relics":["Burning Blood","NeowsBlessing","Boot","Peace Pipe","Fusion Hammer","Matryoshka","Pear","Happy Flower","Incense Burner"],"acts_visited":["Exordium","TheCity"],"potions_floor_usage":[],"damage_taken":[{"damage":0.0,"enemies":"Cultist","floor":1.0,"turns":1.0},{"damage":0.0,"enemies":"2 Louse","floor":2.0,"turns":1.0},{"damage":0.0,"enemies":"Small Slimes","floor":4.0,"turns":1.0},{"damage":15.0,"enemies":"3 Louse","floor":7.0,"turns":4.0},{"damage":25.0,"enemies":"Large Slime","floor":12.0,"turns":7.0},{"damage":12.0,"enemies":"Hexaghost","floor":16.0,"turns":9.0},{"damage":27.0,"enemies":"3 Byrds","floor":18.0,"turns":5.0},{"damage":0.0,"enemies":"Chosen","floor":22.0,"turns":3.0},{"damage":16.0,"enemies":"Gremlin Leader","floor":24.0,"turns":4.0},{"damage":6.0,"enemies":"Book of Stabbing","floor":28.0,"turns":2.0},{"damage":17.0,"enemies":"Snake Plant","floor":29.0,"turns":4.0},{"damage":15.0,"enemies":"Centurion and Healer","floor":31.0,"turns":5.0},{"damage":62,"enemies":"Automaton","floor":33,"turns":8}],"seed_played":"7298619860418569078","potions_obtained":[{"floor":4.0,"key":"Fire Potion"},{"floor":12.0,"key":"LiquidMemories"},{"floor":16.0,"key":"ColorlessPotion"},{"floor":22.0,"key":"Weak Potion"},{"floor":31.0,"key":"Weak Potion"}],"is_trial":false,"path_per_floor":["M","M","T","M","?","R","M","?","T","?","R","M","R","$","R","B",null,"M","?","?","$","M","R","E","$","T","R","E","M","?","M","R","B"],"character_chosen":"IRONCLAD","items_purchased":["Armaments","Rampage","Pommel Strike","Shrug It Off"],"campfire_rested":2,"item_purchase_floors":[14,14,21,25],"current_hp_per_floor":[74,75,75,75,64,64,55,44,44,37,37,18,18,18,18,12,59,38,38,17,17,23,47,37,37,47,47,47,36,36,27,54,0,0],"gold":185,"neow_bonus":"THREE_ENEMY_KILL","is_daily":false,"chose_seed":false,"campfire_upgraded":3,"win_rate":0.0,"timestamp":1611927905,"path_taken":["M","?","?","?","?","R","M","?","T","?","R","M","R","$","R","BOSS","M","?","?","?","M","R","E","$","T","R","E","?","?","M","R","BOSS"],"items_purchased_type":["Card","Card","Card","Card"],"build_version":"2020-12-22","purchased_purges":1,"victory":false,"max_hp_per_floor":[75,75,75,75,75,75,75,75,75,75,75,75,75,75,75,75,75,75,75,80,80,80,80,80,80,90,90,90,90,90,90,90,90,90],"card_choices":[{"not_picked":["Perfected Strike","Flame Barrier","Warcry"],"picked":"SKIP","floor":1.0},{"not_picked":["Clothesline","True Grit","Bloodletting"],"picked":"SKIP","floor":2.0},{"not_picked":["Sword Boomerang","Dark Embrace"],"picked":"Fiend Fire","floor":4.0},{"not_picked":["Shrug It Off","Seeing Red"],"picked":"Body Slam","floor":7.0},{"not_picked":["Flex","Rage"],"picked":"Impervious","floor":12.0},{"not_picked":["Reaper","Limit Break"],"picked":"Offering","floor":16.0},{"not_picked":["Heavy Blade","Disarm","Havoc+1"],"picked":"SKIP","floor":18.0},{"not_picked":["Sever Soul","Rage","Clash"],"picked":"SKIP","floor":22.0},{"not_picked":["Iron Wave","Flex","Seeing Red"],"picked":"SKIP","floor":24.0},{"not_picked":["Uppercut","Clash","Metallicize"],"picked":"SKIP","floor":28.0},{"not_picked":["Heavy Blade","Anger"],"picked":"Dark Embrace","floor":29.0},{"not_picked":["Sword Boomerang","Ghostly Armor","Dual Wield"],"picked":"SKIP","floor":31.0}],"player_experience":232355,"relics_obtained":[{"floor":9.0,"key":"Peace Pipe"},{"floor":24.0,"key":"Matryoshka"},{"floor":26.0,"key":"Pear"},{"floor":26.0,"key":"Happy Flower"},{"floor":28.0,"key":"Incense Burner"}],"event_choices":[{"damage_healed":0.0,"max_hp_gain":0.0,"max_hp_loss":0.0,"gold_gain":0.0,"event_name":"Scrap Ooze","player_choice":"Success","floor":5.0,"gold_loss":0.0,"damage_taken":11.0,"relics_obtained":["Boot"]},{"damage_healed":0.0,"max_hp_gain":0.0,"max_hp_loss":0.0,"gold_gain":75.0,"event_name":"World of Goop","player_choice":"Gather Gold","floor":8.0,"gold_loss":0.0,"damage_taken":11.0},{"cards_removed":["Strike_R"],"damage_healed":0.0,"max_hp_gain":0.0,"max_hp_loss":0.0,"gold_gain":0.0,"event_name":"Golden Wing","player_choice":"Card Removal","floor":10.0,"gold_loss":0.0,"damage_taken":7.0},{"cards_removed":["Strike_R"],"damage_healed":0.0,"max_hp_gain":0.0,"max_hp_loss":0.0,"gold_gain":0.0,"event_name":"Beggar","player_choice":"Gave Gold","floor":19.0,"gold_loss":75.0,"damage_taken":0.0},{"damage_healed":0.0,"max_hp_gain":5.0,"max_hp_loss":0.0,"gold_gain":0.0,"event_name":"Forgotten Altar","player_choice":"Shed Blood","floor":20.0,"gold_loss":0.0,"damage_taken":26.0},{"damage_healed":0.0,"max_hp_gain":0.0,"max_hp_loss":0.0,"gold_gain":50.0,"event_name":"Nest","player_choice":"Stole From Cult","floor":30.0,"gold_loss":0.0,"damage_taken":0.0}],"is_beta":false,"boss_relics":[{"not_picked":["Sozu","Black Star"],"picked":"Fusion Hammer"}],"items_purged_floors":[14],"is_endless":false,"potions_floor_spawned":[4,12,16,22,31],"killed_by":"Automaton","ascension_level":20}}