{"host":"vyjryxuuuxkt43k4","time":1611911805,"event":{"mods":["AchievementEnabler","BaseMod","Colored Map","DeckTracker","Keyboard Shortcuts","Minty Spire (QoL Compilation)","Permanent Neow","Quick Restart","Rare Cards Sparkle","StSLib","SuperFastMode","everything is the same but u backflip on backflip"],"gold_per_floor":[113,14,31,42,42,42,68,28,51,51,51,83,83,83,83,178,178,188,214,36,36,90,90,122,122,422,422,439,439,364,397,397,397,397],"floor_reached":33,"language":"KOR","playtime":1818,"items_purged":["Defend_P"],"score":432,"play_id":"1dfb03a2-8bcb-45d7-9c69-50d612432562","local_time":"20210129181645","is_ascension_mode":true,"campfire_choices":[{"data":"Eruption","floor":6.0,"key":"SMITH"},{"floor":10.0,"key":"REST"},{"floor":13.0,"key":"REST"},{"data":"Devotion","floor":15.0,"key":"SMITH"},{"data":"Apotheosis","floor":23.0,"key":"SMITH"},{"data":"Scrawl","floor":27.0,"key":"SMITH"},{"floor":32,"key":"REST"}],"circlet_count":0,"master_deck":["Strike_P","Strike_P","Strike_P","Defend_P","Defend_P","Eruption+1","Vigilance+1","Devotion+1","ClearTheMind","Prostrate","Pray","Vault+1","Scrawl+1","Consecrate","Apotheosis+1","ClearTheMind+1"],"relics":["PureWater","MealTicket","Tiny Chest","Matryoshka","Vajra","Yang","Sozu","Red Mask","CultistMask","Juzu Bracelet","War Paint","Eternal Feather","Old Coin","Boot"],"acts_visited":["Exordium","TheCity"],"potions_floor_usage":[33],"damage_taken":[{"damage":0.0,"enemies":"Small Slimes","floor":1.0,"turns":3.0},{"damage":4.0,"enemies":"Jaw Worm","floor":3.0,"turns":4.0},{"damage":0.0,"enemies":"Cultist","floor":4.0,"turns":4.0},{"damage":41.0,"enemies":"Gremlin Nob","floor":7.0,"turns":5.0},{"damage":57.0,"enemies":"3 Sentries","floor":12.0,"turns":8.0},{"damage":0.0,"enemies":"Slime Boss","floor":16.0,"turns":8.0},{"damage":23.0,"enemies":"Shell Parasite","floor":18.0,"turns":5.0},{"damage":21.0,"enemies":"Masked Bandits","floor":19.0,"turns":5.0},{"damage":0.0,"enemies":"Book of Stabbing","floor":24.0,"turns":5.0},{"damage":0.0,"enemies":"Spheric Guardian","floor":28.0,"turns":2.0},{"damage":17,"enemies":"Slavers","floor":31,"turns":7},{"damage":88,"enemies":"Champ","floor":33,"turns":9}],"seed_played":"6235021760604459196","potions_obtained":[{"floor":3.0,"key":"Block Potion"},{"floor":12.0,"key":"LiquidBronze"},{"floor":16.0,"key":"Swift Potion"}],"is_trial":false,"path_per_floor":["M","$","M","M","?","R","E","$","T","R","$","E","R","T","R","B",null,"M","?","$","?","T","R","E","?","T","R","M","?","?","E","R","B"],"character_chosen":"WATCHER","items_purchased":["Prostrate","Pray","Apotheosis"],"campfire_rested":3,"item_purchase_floors":[2,8,20],"current_hp_per_floor":[65,65,61,61,61,61,20,35,35,54,65,8,27,27,27,27,65,42,21,36,36,36,36,36,36,36,45,45,45,45,28,56,0,0],"gold":397,"neow_bonus":"THREE_RARE_CARDS","is_daily":false,"chose_seed":false,"campfire_upgraded":4,"win_rate":0.0,"timestamp":1611911805,"path_taken":["M","$","M","M","?","R","E","?","T","R","$","E","R","?","R","BOSS","M","?","$","?","?","R","E","?","T","R","M","?","?","E","R","BOSS"],"items_purchased_type":["Card","Card","Card"],"build_version":"2020-12-22","purchased_purges":1,"victory":false,"max_hp_per_floor":[65,65,65,65,65,65,65,65,65,65,65,65,65,65,65,65,65,65,65,65,65,65,65,65,65,65,65,65,65,65,65,65,65,65],"card_choices":[{"not_picked":["Judgement","DevaForm"],"picked":"Devotion","floor":0.0},{"not_picked":["SashWhip","Perseverance"],"picked":"ClearTheMind","floor":1.0},{"not_picked":["Fasting2","Swivel","Collect"],"picked":"SKIP","floor":3.0},{"not_picked":["ThirdEye","SashWhip","EmptyBody"],"picked":"SKIP","floor":4.0},{"not_picked":["Swivel","ThirdEye","BowlingBash"],"picked":"SKIP","floor":7.0},{"not_picked":["FlurryOfBlows","FearNoEvil"],"picked":"Vault","floor":12.0},{"not_picked":["SpiritShield","Blasphemy"],"picked":"Scrawl","floor":16.0},{"not_picked":["FlurryOfBlows","FlyingSleeves","Pray"],"picked":"SKIP","floor":18.0},{"not_picked":["TalkToTheHand","EmptyBody"],"picked":"Consecrate","floor":19.0},{"not_picked":["CrushJoints","PathToVictory","FlyingSleeves"],"picked":"SKIP","floor":24.0},{"not_picked":["Fasting2","Establishment"],"picked":"ClearTheMind+1","floor":28.0},{"not_picked":["ThirdEye+1","Sanctity","BowlingBash"],"picked":"SKIP","floor":31}],"player_experience":490856,"relics_obtained":[{"floor":7.0,"key":"MealTicket"},{"floor":9.0,"key":"Tiny Chest"},{"floor":12.0,"key":"Matryoshka"},{"floor":14.0,"key":"Vajra"},{"floor":14.0,"key":"Yang"},{"floor":19.0,"key":"Red Mask"},{"floor":22.0,"key":"Juzu Bracelet"},{"floor":22.0,"key":"War Paint"},{"floor":24.0,"key":"Eternal Feather"},{"floor":26.0,"key":"Old Coin"},{"floor":31,"key":"Boot"}],"event_choices":[{"damage_healed":0.0,"max_hp_gain":0.0,"max_hp_loss":0.0,"gold_gain":0.0,"event_name":"Liars Game","player_choice":"Ignored","floor":5.0,"gold_loss":0.0,"damage_taken":0.0},{"damage_healed":0.0,"max_hp_gain":0.0,"max_hp_loss":0.0,"gold_gain":0.0,"event_name":"Masked Bandits","player_choice":"Fought Bandits","floor":19.0,"gold_loss":0.0,"damage_taken":0.0},{"damage_healed":0.0,"max_hp_gain":0.0,"max_hp_loss":0.0,"gold_gain":0.0,"event_name":"FaceTrader","player_choice":"Trade","floor":21.0,"gold_loss":0.0,"damage_taken":0.0,"relics_obtained":["CultistMask"]},{"cards_removed":["Strike_P"],"damage_healed":0.0,"max_hp_gain":0.0,"max_hp_loss":0.0,"gold_gain":0.0,"event_name":"Back to Basics","player_choice":"Elegance","floor":25.0,"gold_loss":0.0,"damage_taken":0.0},{"damage_healed":0.0,"max_hp_gain":0.0,"max_hp_loss":0.0,"gold_gain":0.0,"event_name":"The Mausoleum","player_choice":"Ignored","floor":29.0,"gold_loss":0.0,"damage_taken":0.0},{"cards_removed":["Defend_P"],"damage_healed":0.0,"max_hp_gain":0.0,"max_hp_loss":0.0,"gold_gain":0.0,"event_name":"Beggar","player_choice":"Gave Gold","floor":30.0,"gold_loss":75.0,"damage_taken":0.0}],"is_beta":false,"boss_relics":[{"not_picked":["Tiny House","Ectoplasm"],"picked":"Sozu"}],"items_purged_floors":[2],"is_endless":false,"potions_floor_spawned":[3,12,16,24],"killed_by":"Champ","ascension_level":4}}