{"host":"l84l8xigz5v5foa2","time":1611914795,"event":{"mods":["2.2 Compatiblity","AchievementEnabler","BaseMod","Better Note","Better Vampires","Card Filter","Colored Map","DeckTracker","Downfall","Gremlin Skip","Highlight Path","Keyboard Shortcuts","Minty Spire (QoL Compilation)","Permanent Neow","Quick Restart","Relic Filter","Relic Stats","StSLib","SuperFastMode","Transform Curses","Unknown Chances"],"gold_per_floor":[111,131,157,172,190,190,206,206,230,254,254,329,341,361,361,442,442,453,295,305,323,323,323,353,353,402,422,472,491,517,532,532,606,606,617,617,617,300,319,346,361,361,361,380,57,88,12,42,42,42,42,42,42],"floor_reached":51,"language":"ENG","playtime":2428,"items_purged":["hexamod:Strike","hexamod:Defend"],"score":1613,"play_id":"d418cc90-1b94-45e2-b5d9-8dd2e61f4305","local_time":"20210129190635","is_ascension_mode":true,"campfire_choices":[{"data":"hexamod:Float","floor":6.0,"key":"SMITH"},{"data":"hexamod:Rewind","floor":8.0,"key":"SMITH"},{"floor":11.0,"key":"REST"},{"data":"hexamod:GhostflameBarrier","floor":15.0,"key":"SMITH"},{"floor":23.0,"key":"RECALL"},{"floor":32.0,"key":"REST"},{"floor":42.0,"key":"REST"},{"floor":49,"key":"REST"}],"circlet_count":0,"master_deck":["AscendersBane","hexamod:Strike+1","hexamod:Strike+1","hexamod:Defend+1","hexamod:Defend+1","hexamod:Defend+1","hexamod:Sear+1","hexamod:Float+1","hexamod:Rewind+1","hexamod:BacktrackSmack+1","hexamod:NightmareGuise+1","hexamod:NightmareStrike+1","hexamod:GhostLash","hexamod:SixthSeal","hexamod:StepThrough+1","hexamod:GhostflameBarrier+1","hexamod:GiftsFromTheDead+1","hexamod:DynamicBlow+1","hexamod:GhostShield+1","hexamod:SpectersWail+1","hexamod:FastForward+1","hexamod:ThirdSeal","hexamod:GhostOfSpirePast+1","RitualDagger+1","hexamod:HauntingEcho+1","hexamod:Hexaguard+1","hexamod:TimeOfNeed","hexamod:HexaLevel","hexamod:ApocalypseNow+1","hexamod:ShieldOfDarkness+1","Madness+1","Madness+1","hexamod:AdvancingGuard","hexamod:RainOfEmbers+1","hexamod:InspiringFlames","hexamod:GhostOfSpireFuture","hexamod:StepThrough"],"relics":["hexamod:SpiritBrand","Regal Pillow","Odd Mushroom","hexamod:TheBrokenSeal","Fusion Hammer","Toy Ornithopter","Blood Vial","Bag of Marbles","SlaversCollar","Frozen Eye","Bag of Preparation","Kunai","Ice Cream","Mercury Hourglass","sneckomod:BlankCard"],"acts_visited":["Exordium","TheCity","TheBeyond"],"potions_floor_usage":[],"damage_taken":[{"damage":24.0,"enemies":"Cultist","floor":1.0,"turns":6.0},{"damage":26.0,"enemies":"Small Slimes","floor":2.0,"turns":4.0},{"damage":3.0,"enemies":"2 Louse","floor":4.0,"turns":3.0},{"damage":0.0,"enemies":"2 Fungi Beasts","floor":5.0,"turns":4.0},{"damage":4.0,"enemies":"Large Slime","floor":7.0,"turns":6.0},{"damage":4.0,"enemies":"The Mushroom Lair","floor":10.0,"turns":4.0},{"damage":2.0,"enemies":"Gremlin Gang","floor":13.0,"turns":5.0},{"damage":1.0,"enemies":"Exordium Wildlife","floor":14.0,"turns":3.0},{"damage":38.0,"enemies":"Hexaghost","floor":16.0,"turns":10.0},{"damage":0.0,"enemies":"3 Byrds","floor":18.0,"turns":4.0},{"damage":0.0,"enemies":"Chosen","floor":20.0,"turns":3.0},{"damage":21.0,"enemies":"Snecko","floor":21.0,"turns":4.0},{"damage":11.0,"enemies":"Slavers","floor":24.0,"turns":5.0},{"damage":0.0,"enemies":"Cultist and Chosen","floor":27.0,"turns":5.0},{"damage":13.0,"enemies":"Shelled Parasite and Fungi","floor":29.0,"turns":4.0},{"damage":9.0,"enemies":"Book of Stabbing","floor":30.0,"turns":4.0},{"damage":0.0,"enemies":"3 Cultists","floor":31.0,"turns":4.0},{"damage":0.0,"enemies":"Automaton","floor":33.0,"turns":10.0},{"damage":11.0,"enemies":"Orb Walker","floor":35.0,"turns":3.0},{"damage":0.0,"enemies":"3 Shapes","floor":39.0,"turns":6.0},{"damage":47.0,"enemies":"Giant Head","floor":40.0,"turns":7.0},{"damage":0.0,"enemies":"Maw","floor":41.0,"turns":6.0},{"damage":0.0,"enemies":"Spire Growth","floor":44.0,"turns":3.0},{"damage":18.0,"enemies":"Nemesis","floor":46.0,"turns":5.0},{"damage":36,"enemies":"Giant Head","floor":48,"turns":6},{"damage":36,"enemies":"Donu and Deca","floor":50,"turns":7},{"damage":10,"enemies":"Awakened One","floor":51,"turns":1}],"seed_played":"-5763133726119165567","potions_obtained":[{"floor":1.0,"key":"Regen Potion"},{"floor":2.0,"key":"SteroidPotion"},{"floor":4.0,"key":"SteroidPotion"},{"floor":13.0,"key":"FearPotion"},{"floor":14.0,"key":"Energy Potion"},{"floor":14.0,"key":"hexamod:DoubleChargePotion"},{"floor":16.0,"key":"hexamod:DoubleChargePotion"},{"floor":21.0,"key":"Energy Potion"},{"floor":31.0,"key":"SpeedPotion"},{"floor":33.0,"key":"Explosive Potion"},{"floor":39.0,"key":"BlessingOfTheForge"},{"floor":44.0,"key":"Energy Potion"}],"is_trial":false,"path_per_floor":["M","M","T","M","M","R","M","R","T","?","R","?","M","M","R","B",null,"M","$","M","M","?","R","E","?","T","M","?","M","E","M","R","B",null,"M","?","?","$","M","E","M","R","T","M","$","E","$","E","R","B","B"],"character_chosen":"THE_SPIRIT","items_purchased":["hexamod:GhostShield","hexamod:SpectersWail","hexamod:AdvancingGuard","Frozen Eye","Ice Cream","hexamod:StepThrough"],"campfire_rested":4,"item_purchase_floors":[19,19,38,38,45,47],"current_hp_per_floor":[33,19,19,16,16,16,19,19,19,22,55,44,49,55,55,68,72,72,72,72,51,51,51,40,34,34,36,36,25,18,20,56,68,72,62,62,49,49,51,6,8,44,44,51,51,35,35,1,37,3,0,0,0],"gold":42,"neow_bonus":"TRANSFORM_CARD","is_daily":false,"chose_seed":false,"campfire_upgraded":3,"win_rate":0.0,"timestamp":1611914795,"path_taken":["M","M","?","M","M","R","?","R","T","?","R","?","M","M","R","BOSS","M","$","M","M","?","R","E","?","T","M","?","?","E","M","R","BOSS","M","?","?","?","?","E","M","R","T","M","$","E","?","E","R","BOSS","BOSS"],"items_purchased_type":["Card","Card","Card","Relic","Relic","Card"],"build_version":"2020-12-22","purchased_purges":2,"victory":false,"max_hp_per_floor":[63,63,63,63,63,63,63,63,63,63,63,63,63,63,63,73,73,73,73,73,73,73,73,73,73,73,73,73,73,73,73,73,73,73,73,73,73,73,73,73,73,73,73,73,73,73,73,73,73,73,73,73,73],"relic_stats":{"Blood Vial":27,"Regal Pillow":60,"counters":[27,132],"Bag of Preparation":[12],"Kunai":[7],"obtain_stats":[{"Ice Cream":45,"Regal Pillow":3,"sneckomod:BlankCard":48,"hexamod:TheBrokenSeal":16,"Bag of Preparation":40,"Odd Mushroom":10,"Mercury Hourglass":46,"Blood Vial":26,"SlaversCollar":34,"Frozen Eye":38,"Fusion Hammer":17,"Bag of Marbles":30,"Kunai":43,"hexamod:SpiritBrand":0,"Toy Ornithopter":24},{"Ice Cream":23,"Regal Pillow":2,"sneckomod:BlankCard":25,"hexamod:TheBrokenSeal":9,"Bag of Preparation":21,"Odd Mushroom":6,"Mercury Hourglass":24,"Blood Vial":13,"SlaversCollar":18,"Frozen Eye":19,"Fusion Hammer":9,"Bag of Marbles":16,"Kunai":22,"hexamod:SpiritBrand":0,"Toy Ornithopter":13},{"Ice Cream":113,"Regal Pillow":10,"sneckomod:BlankCard":124,"hexamod:TheBrokenSeal":39,"Bag of Preparation":104,"Odd Mushroom":27,"Mercury Hourglass":118,"Blood Vial":61,"SlaversCollar":88,"Frozen Eye":91,"Fusion Hammer":45,"Bag of Marbles":74,"Kunai":110,"hexamod:SpiritBrand":0,"Toy Ornithopter":61}],"Toy Ornithopter":15,"Mercury Hourglass":[43]},"card_choices":[{"not_picked":["hexamod:EmpoweredFlame","hexamod:HauntingEcho"],"picked":"hexamod:Rewind","floor":1.0},{"not_picked":["hexamod:SecondSeal","hexamod:FourthSeal"],"picked":"hexamod:ThirdSeal","floor":1.0},{"not_picked":["hexamod:FirstSeal","hexamod:FourthSeal"],"picked":"hexamod:SixthSeal","floor":2.0},{"not_picked":["hexamod:SuperheatedStrike","hexamod:AdvancingGuard"],"picked":"hexamod:BacktrackSmack","floor":2.0},{"not_picked":["hexamod:RecurringNightmare","hexamod:BurningTouch"],"picked":"hexamod:NightmareGuise","floor":4.0},{"not_picked":["hexamod:FlamesFromBeyond","hexamod:SkipABeat"],"picked":"hexamod:NightmareStrike","floor":4.0},{"not_picked":["hexamod:FastForward","hexamod:AdvancingGuard"],"picked":"hexamod:FirstSeal","floor":5.0},{"not_picked":["hexamod:ShieldOfDarkness","hexamod:InspiringFlames","hexamod:HeatShield"],"picked":"SKIP","floor":5.0},{"not_picked":["hexamod:Haunt","hexamod:GhostShield"],"picked":"hexamod:GhostLash","floor":7.0},{"not_picked":["hexamod:VolcanoVisage","hexamod:ShieldOfDarkness"],"picked":"hexamod:FourthSeal","floor":10.0},{"not_picked":["hexamod:FirstSeal","hexamod:FourthSeal"],"picked":"hexamod:SixthSeal","floor":13.0},{"not_picked":["hexamod:SuperheatedStrike","hexamod:ThermalTransfer","hexamod:GhostLash"],"picked":"SKIP","floor":13.0},{"not_picked":["hexamod:CatchUp","hexamod:BurningTouch","hexamod:GhostLash"],"picked":"SKIP","floor":13.0},{"not_picked":["hexamod:FourthSeal","hexamod:FirstSeal"],"picked":"hexamod:SecondSeal","floor":14.0},{"not_picked":["hexamod:ThermalTransfer","hexamod:SoulSteal"],"picked":"hexamod:StepThrough","floor":14.0},{"not_picked":["hexamod:RecurringNightmare","hexamod:SoulSteal"],"picked":"hexamod:GhostflameBarrier","floor":14.0},{"not_picked":["hexamod:SearingWound","hexamod:SixthSeal"],"picked":"hexamod:GiftsFromTheDead","floor":16.0},{"not_picked":["hexamod:HeatCrush","hexamod:FlamesFromBeyond"],"picked":"hexamod:DynamicBlow+1","floor":18.0},{"not_picked":["hexamod:FlamesFromBeyond","hexamod:ExtraCrispy"],"picked":"hexamod:FastForward","floor":20.0},{"not_picked":["hexamod:AdvancingGuard","hexamod:HeatCrush"],"picked":"hexamod:ThirdSeal","floor":21.0},{"not_picked":["hexamod:GhostShield","hexamod:FlamesFromBeyond"],"picked":"hexamod:GhostOfSpirePast","floor":24.0},{"not_picked":["hexamod:SixthSeal","hexamod:FastForward+1","hexamod:SearingWound"],"picked":"SKIP","floor":24.0},{"not_picked":["hexamod:GhostOfSpireFuture","hexamod:SuperheatedStrike"],"picked":"hexamod:HauntingEcho+1","floor":27.0},{"not_picked":["hexamod:HeatMetal","hexamod:CatchUp","hexamod:SwordOfDarkness"],"picked":"SKIP","floor":27.0},{"not_picked":["hexamod:NightmareStrike+1","hexamod:SpectersWail+1","hexamod:SuperheatedStrike"],"picked":"SKIP","floor":29.0},{"not_picked":["hexamod:HauntingEcho","hexamod:Again","hexamod:GhostLash+1"],"picked":"SKIP","floor":29.0},{"not_picked":["hexamod:Again","hexamod:SearingWound","hexamod:InspiringFlames"],"picked":"SKIP","floor":30.0},{"not_picked":["hexamod:Again","hexamod:SpectralSpark","hexamod:SwordOfDarkness"],"picked":"SKIP","floor":30.0},{"not_picked":["hexamod:Again","hexamod:SearingWound","hexamod:InspiringFlames"],"picked":"SKIP","floor":30.0},{"not_picked":["hexamod:Again","hexamod:SpectralSpark","hexamod:SwordOfDarkness"],"picked":"SKIP","floor":30.0},{"not_picked":["hexamod:InspiringFlames","hexamod:EmpoweredFlame"],"picked":"hexamod:Hexaguard+1","floor":31.0},{"not_picked":["hexamod:HeatMetal","hexamod:GhostShield"],"picked":"hexamod:TimeOfNeed","floor":31.0},{"not_picked":["hexamod:GiftsFromTheDead","hexamod:Toasty"],"picked":"hexamod:HexaLevel","floor":33.0},{"not_picked":["hexamod:ParanormalForm","hexamod:SixthSeal"],"picked":"hexamod:ApocalypseNow","floor":33.0},{"not_picked":["hexamod:HeatCrush+1","hexamod:InspiringFlames"],"picked":"hexamod:ShieldOfDarkness","floor":35.0},{"not_picked":["hexamod:FourthSeal","hexamod:InspiringFlames","hexamod:BacktrackSmack+1"],"picked":"SKIP","floor":39.0},{"not_picked":["hexamod:HeatMetal","hexamod:BacktrackSmack","hexamod:GhostLash"],"picked":"SKIP","floor":39.0},{"not_picked":["hexamod:AdvancingGuard","hexamod:GhostShield+1"],"picked":"hexamod:RainOfEmbers","floor":40.0},{"not_picked":["hexamod:ApocalypticArmor","hexamod:DynamicBlow","hexamod:RadiantFlame"],"picked":"SKIP","floor":40.0},{"not_picked":["hexamod:HeatCrush+1","hexamod:HeatMetal"],"picked":"hexamod:InspiringFlames","floor":41.0},{"not_picked":["hexamod:EtherealExpedition","hexamod:CatchUp+1","hexamod:FirstSeal"],"picked":"SKIP","floor":41.0},{"not_picked":["hexamod:InspiringFlames","hexamod:SkipABeat+1","hexamod:BurningTouch"],"picked":"SKIP","floor":44.0},{"not_picked":["hexamod:HauntingEcho","hexamod:SpectersWail"],"picked":"hexamod:GhostOfSpireFuture","floor":46.0},{"not_picked":["hexamod:Again","hexamod:GhostflameInferno","hexamod:SpectersWail"],"picked":"SKIP","floor":46.0},{"not_picked":["hexamod:ExtraCrispy","hexamod:PowerFromBeyond","hexamod:SwordOfDarkness"],"picked":"SKIP","floor":48},{"not_picked":["hexamod:AdvancingGuard","hexamod:SkipABeat+1","hexamod:HeatMetal"],"picked":"SKIP","floor":48}],"player_experience":3486298,"relics_obtained":[{"floor":3.0,"key":"Regal Pillow"},{"floor":10.0,"key":"Odd Mushroom"},{"floor":24.0,"key":"Toy Ornithopter"},{"floor":26.0,"key":"Blood Vial"},{"floor":30.0,"key":"Bag of Marbles"},{"floor":40.0,"key":"Bag of Preparation"},{"floor":43.0,"key":"Kunai"},{"floor":46.0,"key":"Mercury Hourglass"},{"floor":48,"key":"sneckomod:BlankCard"}],"event_choices":[{"damage_healed":0.0,"max_hp_gain":0.0,"max_hp_loss":0.0,"gold_gain":0.0,"event_name":"Mushrooms","player_choice":"Fought Mushrooms","floor":10.0,"gold_loss":0.0,"damage_taken":0.0},{"damage_healed":0.0,"max_hp_gain":0.0,"max_hp_loss":0.0,"gold_gain":75.0,"event_name":"World of Goop","player_choice":"Gather Gold","floor":12.0,"gold_loss":0.0,"damage_taken":11.0},{"damage_healed":0.0,"max_hp_gain":0.0,"max_hp_loss":0.0,"gold_gain":0.0,"event_name":"Nest","player_choice":"Joined the Cult","floor":25.0,"gold_loss":0.0,"damage_taken":6.0,"cards_obtained":["RitualDagger"]},{"damage_healed":0.0,"max_hp_gain":0.0,"max_hp_loss":0.0,"gold_gain":100.0,"event_name":"The Joust","player_choice":"Bet on Murderer","floor":28.0,"gold_loss":50.0,"damage_taken":0.0},{"damage_healed":0.0,"max_hp_gain":0.0,"max_hp_loss":0.0,"gold_gain":0.0,"event_name":"Winding Halls","player_choice":"Embrace Madness","floor":37.0,"gold_loss":0.0,"damage_taken":13.0,"cards_obtained":["Madness","Madness"]}],"is_beta":false,"boss_relics":[{"not_picked":["Empty Cage","Cursed Key"],"picked":"Fusion Hammer"},{"not_picked":["Coffee Dripper","Sozu"],"picked":"SlaversCollar"}],"items_purged_floors":[19,38],"is_endless":false,"potions_floor_spawned":[1,2,4,14,16,21,31,33,39,41,44],"killed_by":"Awakened One","ascension_level":20}}