{"host":"t9q14bihfoo75lsb","time":1611898794,"event":{"mods":["100% Spire Juice","Arknights The Spire","BaseMod","Better Third Choice","Challenge The Spire","Hermit","Infinite Spire","Koishi","Minty Spire (QoL Compilation)","Reworked Bosses","Shop Mod","Spicy Shops","StSLib","The Cursed","The Dragon Tamer","The Hierophant","The Runesmith"],"gold_per_floor":[412,432,444,444,444,473,473,507,579,612,612,612],"floor_reached":11,"language":"KOR","playtime":557,"items_purged":[],"score":182,"play_id":"f311986a-fd6d-457f-9bbe-54d4e8ab57ad","local_time":"20210129143954","daily_mods":["Draft","Vintage","Heirloom","Flight","DeadlyEvents","Elite Swarm","Binary"],"is_ascension_mode":true,"campfire_choices":[{"data":"DevaForm","floor":7,"key":"SMITH"}],"circlet_count":0,"master_deck":["Demon Form","Wraith Form v2","Echo Form","DevaForm+1","Runesmith:CreatorForm","Moonworks:Blazing","AscendersBane","Moonworks:WindyEnchantment","Moonworks:NicePresent","Moonworks:LulusLuckyEgg","Moonworks:ImOnFire","Moonworks:DeployBits","Moonworks:SakisCookie","Moonworks:LulusLuckyEgg","Moonworks:BackdoorTrade","Moonworks:AwakeningOfTalent","Moonworks:CompletionReward","Moonworks:EvilSpyWorkPreparation","Moonworks:EvilSpyWorkPreparation","Moonworks:EvilSpyWorkPreparation","Moonworks:LulusLuckyEgg","Moonworks:CookingTime"],"relics":["Moonworks:BrokenBomb","Moonworks:Homemark","Busted Crown","Old Coin","FossilizedHelix","MealTicket","Eternal Feather","Pantograph","Calipers","Frozen Egg 2","Bird Faced Urn"],"acts_visited":["Exordium"],"potions_floor_usage":[11],"damage_taken":[{"damage":0,"enemies":"Cultist","floor":1,"turns":3},{"damage":12,"enemies":"2 Louse","floor":2,"turns":5},{"damage":0,"enemies":"Jaw Worm","floor":3,"turns":4},{"damage":13,"enemies":"3 Sentries","floor":6,"turns":7},{"damage":14,"enemies":"Gremlin Nob","floor":8,"turns":6},{"damage":5,"enemies":"Lagavulin","floor":10,"turns":6},{"damage":35,"enemies":"Gremlin Nob","floor":11,"turns":4}],"seed_played":"-6685527853818782938","potions_obtained":[{"floor":3,"key":"Energy Potion"},{"floor":8,"key":"Explosive Potion"}],"is_trial":true,"path_per_floor":["M","M","M","?","?","E","R","E","T","E","E"],"character_chosen":"THE_STARBREAKER","items_purchased":[],"campfire_rested":0,"item_purchase_floors":[],"current_hp_per_floor":[52,43,46,46,46,36,48,37,37,35,6,6],"gold":612,"neow_bonus":"","is_daily":false,"chose_seed":false,"campfire_upgraded":1,"win_rate":0.0,"timestamp":1611898794,"path_taken":["M","?","?","?","?","E","R","E","T","E","?"],"items_purchased_type":[],"build_version":"2020-12-22","purchased_purges":0,"victory":false,"max_hp_per_floor":[55,55,55,55,55,55,55,55,55,55,55,55],"card_choices":[{"not_picked":["Moonworks:Dinner","Moonworks:DeployBits"],"picked":"Moonworks:WindyEnchantment","floor":0},{"not_picked":["Moonworks:CastOff","Moonworks:MiracleWalker"],"picked":"Moonworks:NicePresent","floor":0},{"not_picked":["Moonworks:TacticalRetreat","Moonworks:Assault"],"picked":"Moonworks:LulusLuckyEgg","floor":0},{"not_picked":["Moonworks:BigMagnum","Moonworks:ScrambledEve"],"picked":"Moonworks:ImOnFire","floor":0},{"not_picked":["Moonworks:ImOnFire","Moonworks:BigMagnum"],"picked":"Moonworks:DeployBits","floor":0},{"not_picked":["Moonworks:Heat300Percent","Moonworks:IndiscriminateFireSupport"],"picked":"Moonworks:SakisCookie","floor":0},{"not_picked":["Moonworks:SealedMemories","Moonworks:NicePresent"],"picked":"Moonworks:LulusLuckyEgg","floor":0},{"not_picked":["Moonworks:MiracleRedBeanIceCream","Moonworks:ImOnFire"],"picked":"Moonworks:BackdoorTrade","floor":0},{"not_picked":["Moonworks:Dash","Moonworks:LulusLuckyEgg"],"picked":"Moonworks:AwakeningOfTalent","floor":0},{"not_picked":["Moonworks:IndiscriminateFireSupport","Moonworks:DeployBits"],"picked":"Moonworks:CompletionReward","floor":0},{"not_picked":["Moonworks:NicePresent","Moonworks:CastOff"],"picked":"Moonworks:EvilSpyWorkPreparation","floor":0},{"not_picked":["Moonworks:IndiscriminateFireSupport","Moonworks:Dash"],"picked":"Moonworks:EvilSpyWorkPreparation","floor":0},{"not_picked":["Moonworks:IndiscriminateFireSupport","Moonworks:DeployBits"],"picked":"Moonworks:EvilSpyWorkPreparation","floor":0},{"not_picked":["Moonworks:BigBangBell","Moonworks:ImOnFire"],"picked":"Moonworks:LulusLuckyEgg","floor":0},{"not_picked":["Moonworks:NicePresent","Moonworks:Assault"],"picked":"Moonworks:CookingTime","floor":0}],"player_experience":499861,"relics_obtained":[{"floor":1,"key":"FossilizedHelix"},{"floor":2,"key":"MealTicket"},{"floor":3,"key":"Eternal Feather"},{"floor":6,"key":"Pantograph"},{"floor":8,"key":"Calipers"},{"floor":9,"key":"Frozen Egg 2"},{"floor":10,"key":"Bird Faced Urn"}],"event_choices":[{"cards_removed":["DTMod:ResonanceForm"],"damage_healed":0,"gold_gain":0,"player_choice":"Purged","damage_taken":0,"max_hp_gain":0,"max_hp_loss":0,"event_name":"Purifier","floor":5,"gold_loss":0}],"is_beta":false,"boss_relics":[],"items_purged_floors":[],"is_endless":false,"potions_floor_spawned":[3,8],"killed_by":"Gremlin Nob","ascension_level":20}}