{"host":"czen9m7c7ttmirt2","time":1611906352,"event":{"mods":["AchievementEnabler","Aspiration","BaseMod","Better Third Choice","Colored Map","Colored Powertips","Conspire","Hubris","Minty Spire (QoL Compilation)","Replay The Spire","StSLib"],"gold_per_floor":[117,117,137,154,166,166,166,176,228,228,238,253,253,100,100,195,195,208,226,62,72,72,72,86,86,86,1,18,37,47,47,47,147,147,160,178,178,195,164,164,175,175,175,175,175,175],"floor_reached":45,"language":"ENG","playtime":2538,"items_purged":[],"score":513,"play_id":"e10c611a-6e51-4027-a6bc-5e37f42b41d4","local_time":"20210129014541","is_ascension_mode":false,"campfire_choices":[{"floor":6.0,"key":"RECALL"},{"data":"Defragment","floor":13.0,"key":"SMITH"},{"floor":15.0,"key":"DIG"},{"floor":23.0,"key":"REST"},{"floor":25.0,"key":"REST"},{"data":"Defragment","floor":32.0,"key":"SMITH"},{"data":"FIFO Queue","floor":40.0,"key":"SMITH"},{"data":"Echo Form","floor":42.0,"key":"SMITH"}],"circlet_count":0,"master_deck":["Defend_B","Defend_B","Defend_B+1","Defend_B","Zap","Dualcast+1","Iron Wave","Trip","Zap","Ball Lightning","Doom and Gloom","Defragment+1","Flex+1","ReplayTheSpireMod:Reroute Power+1","Defragment+1","Machine Learning","Sweeping Beam+1","Coolheaded+1","Conserve Battery+1","Mayhem","Dark Shackles+1","Transmutation+1","Redo+1","Bite","Bite","Bite","Bite","Bite","FIFO Queue+1","Stack+1","aspiration:Polymerization+1","Coolheaded+1","Echo Form+1","Glacier+1","Ball Lightning+1","Strike_B+1","Redo+1","Melter","Echo Form","Glacier+1","hubris:NaturalOne"],"relics":["Cracked Core","aspiration:Nostalgia","Iron Core","Toxic Egg 2","hubris:Icosahedron","War Paint","Vajra","hubris:HollowSoul","ReplayTheSpireMod:ShopPack","Iron Hammer","Quantum Egg","hubris:BottledHeart","Runic Pyramid","Juzu Bracelet"],"acts_visited":["Exordium","TheCity","TheBeyond"],"potions_floor_usage":[45],"damage_taken":[{"damage":0.0,"enemies":"2 Louse","floor":1.0,"turns":2.0},{"damage":0.0,"enemies":"Cultist","floor":3.0,"turns":2.0},{"damage":0.0,"enemies":"conspire:RoseBush","floor":4.0,"turns":2.0},{"damage":3.0,"enemies":"Large Slime","floor":5.0,"turns":3.0},{"damage":5.0,"enemies":"Looter","floor":8.0,"turns":3.0},{"damage":0.0,"enemies":"Lots of Slimes","floor":11.0,"turns":1.0},{"damage":3.0,"enemies":"Gremlin Gang","floor":12.0,"turns":3.0},{"damage":21.0,"enemies":"Hexaghost","floor":16.0,"turns":7.0},{"damage":30.0,"enemies":"conspire:FuzzyDice","floor":18.0,"turns":5.0},{"damage":24.0,"enemies":"Chosen","floor":19.0,"turns":5.0},{"damage":15.0,"enemies":"Snake Plant","floor":21.0,"turns":4.0},{"damage":11.0,"enemies":"Centurion and Healer","floor":24.0,"turns":4.0},{"damage":13.0,"enemies":"Sentry and Sphere","floor":28.0,"turns":4.0},{"damage":9.0,"enemies":"Chosen and Byrds","floor":29.0,"turns":4.0},{"damage":10.0,"enemies":"conspire:HollyBat","floor":30.0,"turns":7.0},{"damage":0.0,"enemies":"Champ","floor":33.0,"turns":12.0},{"damage":0.0,"enemies":"Orb Walker","floor":35.0,"turns":3.0},{"damage":0.0,"enemies":"3 Shapes","floor":36.0,"turns":5.0},{"damage":0.0,"enemies":"Sphere and 2 Shapes","floor":38.0,"turns":5.0},{"damage":0.0,"enemies":"Maw","floor":39.0,"turns":7.0},{"damage":0.0,"enemies":"Spire Growth","floor":41.0,"turns":5.0},{"damage":8,"enemies":"Transient","floor":45,"turns":3}],"seed_played":"7786629879485254618","potions_obtained":[{"floor":1.0,"key":"PowerPotion"},{"floor":3.0,"key":"SteroidPotion"},{"floor":4.0,"key":"Weak Potion"},{"floor":19.0,"key":"Milkshake"},{"floor":28.0,"key":"Elixir"},{"floor":29.0,"key":"Fruit Juice"},{"floor":30.0,"key":"Fire Potion"},{"floor":33.0,"key":"DistilledChaos"},{"floor":39.0,"key":"Explosive Potion"},{"floor":41.0,"key":"Elixir"}],"is_trial":false,"path_per_floor":["M","?","M","M","M","R","?","M","T","?","M","M","R","$","R_BF","B",null,"M","M","$","M","?","R","M","R","T","?","M","M","M","?","R","B",null,"M","M","?","M","M","R","M","R","T","?","M"],"character_chosen":"DEFECT","items_purchased":["War Paint","Conserve Battery+1","ReplayTheSpireMod:ShopPack"],"campfire_rested":2,"item_purchase_floors":[14,20,20],"current_hp_per_floor":[75,75,75,75,72,72,72,67,67,67,67,64,64,64,64,43,75,45,21,21,6,6,21,19,34,34,34,28,23,26,1,1,1,1,1,1,1,1,1,1,1,1,1,1,0,0],"gold":175,"neow_bonus":"NOSTALGIA","is_daily":false,"chose_seed":false,"campfire_upgraded":4,"win_rate":0.0,"timestamp":1611906341,"path_taken":["M","?","M","?","M","R","?","M","T","?","M","M","R","$","R_BF","BOSS","M","M","$","M","?","R","M","R","T","?","M","M","M","?","R","BOSS","M","M","?","?","?","R","M","R","T","?","M"],"items_purchased_type":["Relic","Card","Relic"],"build_version":"2020-12-22","purchased_purges":0,"victory":false,"max_hp_per_floor":[75,75,75,75,75,75,75,75,75,75,75,75,75,75,75,75,75,75,75,75,75,52,52,52,52,52,52,52,52,57,1,1,1,1,1,1,1,1,1,1,1,1,1,1,1,1],"card_choices":[{"not_picked":["Scrape","Rebound"],"picked":"Iron Wave","floor":1.0},{"not_picked":["Barrage","Headbutt"],"picked":"Ball Lightning","floor":3.0},{"not_picked":["Beam Cell","Headbutt"],"picked":"Doom and Gloom","floor":4.0},{"not_picked":["Go for the Eyes","Tempest"],"picked":"Defragment","floor":5.0},{"not_picked":["Heavy Blade","Rebound"],"picked":"Flex+1","floor":8.0},{"not_picked":["FTL","ReplayTheSpireMod:Calculation Training+1"],"picked":"ReplayTheSpireMod:Reroute Power+1","floor":11.0},{"not_picked":["Biased Cognition","Clash"],"picked":"Defragment","floor":12.0},{"not_picked":["Biased Cognition","Core Surge"],"picked":"Machine Learning","floor":16.0},{"not_picked":["Go for the Eyes","Turbo+1"],"picked":"Sweeping Beam+1","floor":18.0},{"not_picked":["conspire:SharedLibrary","Heatsinks"],"picked":"Coolheaded+1","floor":19.0},{"not_picked":["Secret Weapon","Poisoned Strike"],"picked":"Mayhem","floor":20.0},{"not_picked":["Swift Strike","Forethought"],"picked":"Dark Shackles","floor":20.0},{"not_picked":["Jack Of All Trades","Deep Breath"],"picked":"Transmutation","floor":20.0},{"not_picked":["Panic Button+1","Reprogram+1"],"picked":"Redo+1","floor":21.0},{"not_picked":["BasicCrystalCard+1","ReplaySort+1"],"picked":"FIFO Queue","floor":24.0},{"not_picked":["ReplayTheSpireMod:GoodbyeWorld+1","Compile Driver"],"picked":"Stack+1","floor":28.0},{"not_picked":["Go for the Eyes","Turbo+1"],"picked":"aspiration:Polymerization+1","floor":29.0},{"not_picked":["Streamline","Loop"],"picked":"Coolheaded+1","floor":30.0},{"not_picked":["Multi-Cast+1","Buffer"],"picked":"Echo Form","floor":33.0},{"not_picked":["Ball Lightning","ReplayTheSpireMod:GoodbyeWorld+1"],"picked":"Glacier+1","floor":35.0},{"not_picked":["Coolheaded+1","Gash+1"],"picked":"Ball Lightning+1","floor":36.0},{"not_picked":["Doom and Gloom","Steam+1"],"picked":"Redo+1","floor":38.0},{"not_picked":["Beam Cell","Coolheaded+1"],"picked":"Melter","floor":39.0},{"not_picked":["Rip and Tear","Stack+1"],"picked":"Echo Form","floor":41.0}],"player_experience":208664,"relics_obtained":[{"floor":15.0,"key":"Vajra"},{"floor":26.0,"key":"Iron Hammer"},{"floor":43.0,"key":"Juzu Bracelet"}],"event_choices":[{"damage_healed":0.0,"max_hp_gain":0.0,"max_hp_loss":0.0,"gold_gain":0.0,"event_name":"Match and Keep!","player_choice":"2 cards matched","floor":2.0,"gold_loss":0.0,"damage_taken":0.0,"cards_obtained":["Trip","Zap"]},{"damage_healed":0.0,"max_hp_gain":0.0,"max_hp_loss":23.0,"gold_gain":0.0,"event_name":"Vampires","player_choice":"Became a vampire","floor":22.0,"gold_loss":0.0,"damage_taken":0.0,"cards_obtained":["Bite","Bite","Bite","Bite","Bite"]},{"damage_healed":0.0,"max_hp_gain":0.0,"max_hp_loss":0.0,"gold_gain":0.0,"event_name":"Addict","player_choice":"Obtained Relic","floor":27.0,"gold_loss":85.0,"damage_taken":0.0,"relics_obtained":["Quantum Egg"]},{"cards_removed":["Injury"],"damage_healed":0.0,"max_hp_gain":0.0,"max_hp_loss":0.0,"gold_gain":0.0,"event_name":"NoteForYourself","player_choice":"Took Card","floor":37.0,"gold_loss":0.0,"damage_taken":0.0,"cards_obtained":["Strike_B"]},{"damage_healed":0.0,"max_hp_gain":0.0,"max_hp_loss":0.0,"gold_gain":0.0,"event_name":"Duplicator","player_choice":"Copied","floor":44.0,"gold_loss":0.0,"damage_taken":0.0,"cards_obtained":["Glacier"]}],"is_beta":false,"boss_relics":[{"not_picked":["conspire:SlowCooker","Runic Dome"],"picked":"hubris:HollowSoul"},{"not_picked":["aspiration:BursterCore","Snecko Eye"],"picked":"Runic Pyramid"}],"items_purged_floors":[],"is_endless":false,"potions_floor_spawned":[1,3,4,19,28,29,30,33,39,41],"killed_by":"Transient","ascension_level":0}}