{"host":"jscggscbx0p7706o","time":1611936774,"event":{"mods":["AchievementEnabler","BaseMod","Block Reminder","Colored Powertips","Filter the Spire","Minty Spire (QoL Compilation)","Permanent Neow","Quick Restart","StSLib"],"gold_per_floor":[209,209,134,134,84,84,109,129,207,207,231,269,269,269,90,90,218,218,234,249,4,24,37,37,78,78,78,102,201,242,266,191,191,230,230,351,351,370,370,370,27,50,50,50],"floor_reached":43,"language":"ENG","playtime":1625,"items_purged":["Strike_R","Bash","Strike_R"],"score":462,"play_id":"a801552a-178a-4107-81b6-c08c9ae6d685","local_time":"20210130001254","is_ascension_mode":false,"campfire_choices":[{"data":"Uppercut","floor":6.0,"key":"SMITH"},{"data":"Whirlwind","floor":13.0,"key":"SMITH"},{"data":"Barricade","floor":16.0,"key":"SMITH"},{"data":"True Grit","floor":24.0,"key":"SMITH"},{"data":"Body Slam","floor":33.0,"key":"SMITH"},{"data":"Shockwave","floor":35.0,"key":"SMITH"}],"circlet_count":0,"master_deck":["Uppercut+1","Whirlwind+1","Headbutt","Inflame+1","Barricade+1","Fiend Fire","Double Tap","Body Slam+1","True Grit+1","Shockwave+1","Metallicize+1","True Grit+1","Warcry+1"],"relics":["Burning Blood","Golden Idol","Turnip","Bag of Preparation","Gremlin Horn","Prayer Wheel","MealTicket","Mark of Pain","Membership Card","Red Mask","The Courier","Potion Belt","StrikeDummy","Pandora\u0027s Box","Mango","ClockworkSouvenir","Bag of Marbles","Anchor","Juzu Bracelet","Bottled Flame"],"acts_visited":["Exordium","TheCity","TheBeyond"],"potions_floor_usage":[43,43],"damage_taken":[{"damage":5.0,"enemies":"Jaw Worm","floor":1.0,"turns":5.0},{"damage":1.0,"enemies":"2 Louse","floor":8.0,"turns":2.0},{"damage":0.0,"enemies":"Cultist","floor":11.0,"turns":3.0},{"damage":40.0,"enemies":"3 Sentries","floor":12.0,"turns":8.0},{"damage":42.0,"enemies":"The Guardian","floor":17.0,"turns":8.0},{"damage":10.0,"enemies":"Shell Parasite","floor":19.0,"turns":3.0},{"damage":25.0,"enemies":"Spheric Guardian","floor":20.0,"turns":4.0},{"damage":21.0,"enemies":"Snake Plant","floor":22.0,"turns":2.0},{"damage":7.0,"enemies":"Snecko","floor":23.0,"turns":5.0},{"damage":1.0,"enemies":"Masked Bandits","floor":25.0,"turns":2.0},{"damage":7.0,"enemies":"Shelled Parasite and Fungi","floor":28.0,"turns":5.0},{"damage":39.0,"enemies":"Book of Stabbing","floor":30.0,"turns":9.0},{"damage":0.0,"enemies":"Snake Plant","floor":31.0,"turns":3.0},{"damage":4.0,"enemies":"Gremlin Leader","floor":34.0,"turns":4.0},{"damage":30.0,"enemies":"Automaton","floor":36.0,"turns":14.0},{"damage":11,"enemies":"Orb Walker","floor":38,"turns":3},{"damage":0,"enemies":"3 Darklings","floor":42,"turns":1},{"damage":117,"enemies":"Giant Head","floor":43,"turns":11}],"seed_played":"8301281605440761422","potions_obtained":[{"floor":8.0,"key":"SpeedPotion"},{"floor":12.0,"key":"SmokeBomb"},{"floor":20.0,"key":"SkillPotion"},{"floor":26.0,"key":"CultistPotion"},{"floor":26.0,"key":"LiquidMemories"},{"floor":30.0,"key":"Fruit Juice"},{"floor":31.0,"key":"Fire Potion"},{"floor":36.0,"key":"ElixirPotion"},{"floor":38,"key":"HeartOfIron"}],"is_trial":false,"path_per_floor":["M","?","$","?","?","R","T","M","T","T","M","E","R","?","$","R","B",null,"M","M","$","M","M","R","?","?","T","M","?","E","M","?","R","E","R","B",null,"M","?","?","$","M","E"],"character_chosen":"IRONCLAD","items_purchased":["Barricade","Membership Card","Body Slam","True Grit","ClockworkSouvenir","Bag of Marbles","Anchor","Juzu Bracelet","Bottled Flame"],"campfire_rested":0,"item_purchase_floors":[15,21,21,21,41,41,41,41,41],"current_hp_per_floor":[80,60,60,53,53,53,53,58,58,58,64,30,30,30,45,45,9,80,76,57,72,57,56,56,61,61,61,60,60,32,38,38,38,40,40,16,85,80,80,94,95,95,0,0],"gold":50,"neow_bonus":"HUNDRED_GOLD","is_daily":false,"chose_seed":false,"campfire_upgraded":6,"win_rate":0.0,"timestamp":1611936774,"path_taken":["M","?","$","?","?","R","?","M","T","T","?","E","R","?","$","R","BOSS","M","M","$","?","M","R","?","?","T","?","?","E","M","?","R","E","R","BOSS","M","?","?","$","M","E"],"items_purchased_type":["Card","Relic","Card","Card","Relic","Relic","Relic","Relic","Relic"],"build_version":"2020-12-22","purchased_purges":3,"victory":false,"max_hp_per_floor":[80,80,80,80,80,80,80,80,80,80,80,80,80,80,80,80,80,80,80,80,80,80,80,80,80,80,80,80,80,85,85,85,85,85,85,85,85,85,81,95,95,95,95,95],"card_choices":[{"not_picked":["Iron Wave","Reckless Charge"],"picked":"Uppercut","floor":1.0},{"not_picked":["Sever Soul","Perfected Strike","Sword Boomerang"],"picked":"SKIP","floor":8.0},{"not_picked":["Anger","Uppercut"],"picked":"Whirlwind","floor":11.0},{"not_picked":["Feel No Pain","Body Slam"],"picked":"Headbutt","floor":11.0},{"not_picked":["Flex","Wild Strike"],"picked":"Inflame","floor":12.0},{"not_picked":["Demon Form","Brutality"],"picked":"Fiend Fire","floor":17.0},{"not_picked":["Warcry","Armaments+1","Flex"],"picked":"SKIP","floor":19.0},{"not_picked":["Searing Blow","Fire Breathing","Cleave"],"picked":"SKIP","floor":19.0},{"not_picked":["Clash","True Grit"],"picked":"Double Tap","floor":20.0},{"not_picked":["Heavy Blade","Armaments","Pommel Strike"],"picked":"SKIP","floor":20.0},{"not_picked":["Cleave","Dark Embrace","Searing Blow"],"picked":"SKIP","floor":22.0},{"not_picked":["Cleave","Rampage","Havoc"],"picked":"SKIP","floor":22.0},{"not_picked":["Metallicize","Pummel"],"picked":"Shockwave","floor":23.0},{"not_picked":["Hemokinesis","Headbutt+1","Twin Strike+1"],"picked":"SKIP","floor":23.0},{"not_picked":["Hemokinesis","Headbutt+1","Twin Strike+1"],"picked":"SKIP","floor":23.0},{"not_picked":["Cleave","Heavy Blade","Burning Pact"],"picked":"SKIP","floor":28.0},{"not_picked":["Juggernaut","Anger","Twin Strike+1"],"picked":"SKIP","floor":28.0},{"not_picked":["Rampage","Perfected Strike+1","Havoc"],"picked":"SKIP","floor":30.0},{"not_picked":["Pommel Strike","Iron Wave","Feel No Pain"],"picked":"SKIP","floor":31.0},{"not_picked":["Clash+1","Clothesline","Immolate"],"picked":"SKIP","floor":31.0},{"not_picked":["Cleave","Heavy Blade"],"picked":"Metallicize+1","floor":34.0},{"not_picked":["Thunderclap+1","Pommel Strike+1"],"picked":"True Grit+1","floor":38},{"not_picked":["Twin Strike+1","Iron Wave+1"],"picked":"Warcry+1","floor":38},{"not_picked":["Wild Strike","Twin Strike+1","Pommel Strike"],"picked":"SKIP","floor":42},{"not_picked":["Infernal Blade","True Grit","Warcry+1"],"picked":"SKIP","floor":42}],"player_experience":356325,"relics_obtained":[{"floor":7.0,"key":"Bag of Preparation"},{"floor":9.0,"key":"Gremlin Horn"},{"floor":10.0,"key":"Prayer Wheel"},{"floor":12.0,"key":"MealTicket"},{"floor":25.0,"key":"Red Mask"},{"floor":27.0,"key":"The Courier"},{"floor":30.0,"key":"Potion Belt"},{"floor":34.0,"key":"StrikeDummy"}],"event_choices":[{"damage_healed":0.0,"max_hp_gain":0.0,"max_hp_loss":0.0,"gold_gain":0.0,"event_name":"Golden Idol","player_choice":"Take Damage","floor":2.0,"gold_loss":0.0,"damage_taken":20.0,"relics_obtained":["Golden Idol"]},{"damage_healed":0.0,"max_hp_gain":0.0,"max_hp_loss":0.0,"gold_gain":0.0,"event_name":"Scrap Ooze","player_choice":"Success","floor":4.0,"gold_loss":0.0,"damage_taken":7.0,"relics_obtained":["Turnip"]},{"cards_removed":["Strike_R"],"damage_healed":0.0,"max_hp_gain":0.0,"max_hp_loss":0.0,"gold_gain":0.0,"event_name":"The Cleric","player_choice":"Card Removal","floor":5.0,"gold_loss":50.0,"damage_taken":0.0},{"damage_healed":0.0,"max_hp_gain":0.0,"max_hp_loss":0.0,"gold_gain":0.0,"event_name":"Upgrade Shrine","player_choice":"Upgraded","floor":14.0,"gold_loss":0.0,"damage_taken":0.0,"cards_upgraded":["Inflame"]},{"damage_healed":0.0,"max_hp_gain":0.0,"max_hp_loss":0.0,"gold_gain":0.0,"event_name":"Masked Bandits","player_choice":"Fought Bandits","floor":25.0,"gold_loss":0.0,"damage_taken":0.0},{"damage_healed":0.0,"max_hp_gain":0.0,"max_hp_loss":0.0,"gold_gain":0.0,"event_name":"Lab","player_choice":"Got Potions","floor":26.0,"gold_loss":0.0,"damage_taken":0.0},{"damage_healed":0.0,"max_hp_gain":0.0,"max_hp_loss":0.0,"gold_gain":99.0,"event_name":"Nest","player_choice":"Stole From Cult","floor":29.0,"gold_loss":0.0,"damage_taken":0.0},{"cards_removed":["Strike_R"],"damage_healed":0.0,"max_hp_gain":0.0,"max_hp_loss":0.0,"gold_gain":0.0,"event_name":"Beggar","player_choice":"Gave Gold","floor":32.0,"gold_loss":75.0,"damage_taken":0.0},{"damage_healed":0,"gold_gain":0,"player_choice":"Max HP","damage_taken":0,"max_hp_gain":0,"max_hp_loss":4,"event_name":"Winding Halls","floor":39,"gold_loss":0},{"damage_healed":0,"gold_gain":0,"player_choice":"Gave Potion","damage_taken":0,"relics_obtained":["Mango"],"max_hp_gain":0,"max_hp_loss":0,"event_name":"WeMeetAgain","floor":40,"gold_loss":0}],"is_beta":false,"boss_relics":[{"not_picked":["Calling Bell","Runic Pyramid"],"picked":"Mark of Pain"},{"not_picked":["Empty Cage","Cursed Key"],"picked":"Pandora\u0027s Box"}],"items_purged_floors":[3,15,21],"is_endless":false,"potions_floor_spawned":[8,12,20,25,28,30,31,36,38],"killed_by":"Giant Head","ascension_level":0}}