{"host":"5s7sm4h73jkd9266","time":1611886166,"event":{"mods":["AchievementEnabler","Bartender","BaseMod","Better Vampires","BetterRewards","Colored Map","Colored Powertips","Conspire","Downfall","Energized Spire","Hermit","Hubris","Magitek Elite","Minty Spire (QoL Compilation)","Potion Indicator Mod","Rare Cards Sparkle","Shop Mod","StSLib","The Blue Laboratory","The Necromancer","The Witch","Virulent Crown","everything is the same but u backflip on backflip","slay the spire mod where everything is the same but ironclad has a cowboy hat"],"gold_per_floor":[114,132,150,150,164,164,192,192,192,192,207,50,0,29,29,139,139,153,153,228,246,256,256,256,295,319,419,435,447,447,460,460,573,573,591,591,591,591,613,613,648,648,648,648,665,683,11,11,11,22,22,22,22,47,47,47],"floor_reached":55,"language":"ENG","playtime":6644,"items_purged":["hubris:Gluttony"],"score":867,"play_id":"6e444928-26b2-49a2-822c-df65de4c8db6","local_time":"20210128210926","is_ascension_mode":false,"campfire_choices":[{"floor":6.0,"key":"REST"},{"floor":8.0,"key":"RECALL"},{"floor":10.0,"key":"REST"},{"floor":15.0,"key":"REST"},{"floor":23.0,"key":"REST"},{"floor":30.0,"key":"REST"},{"data":"Doom and Gloom","floor":32.0,"key":"SMITH"},{"floor":40.0,"key":"REST"},{"data":"Defragment","floor":42.0,"key":"SMITH"},{"floor":49.0,"key":"REST"},{"data":"Buffer","floor":52.0,"key":"SMITH"}],"circlet_count":0,"master_deck":["Strike_B+1","Strike_B+1","Strike_B+1","Strike_B+1","Defend_B+1","Defend_B+1","Defend_B+1","Defend_B+1","Zap","Dualcast","Defragment+1","hubris:Despair","Melter","Ball Lightning","Gash","conspire:SharedLibrary","Doom and Gloom+1","Ball Lightning","Conserve Battery","hubris:ReadiedAction","Echo Form","Stack","Shrug It Off","Self Repair","Reckless Charge","conspire:SpireCoStock","Beam Cell","Exhume","Hologram+1","Writhe","Perfected Strike","Disarm","Darkness","Rainbow","Pain","Normality","Leap","Conserve Battery+1","Static Discharge+1","Buffer+1","CurseOfTheBell","Infernal Blade","Reinforced Body","Go for the Eyes+1","hubris:Lust","Disarm","Parasite","Doom and Gloom","Dark Shackles","Loop","Barrage","Beam Cell","Electrodynamics","Fire Breathing"],"relics":["Cracked Core","StrikeDummy","White Beast Statue","Darkstone Periapt","hubris:DisguiseKit","Orrery","energizedSpire:DeadBattery","Angel_Ring","hubris:RGBLights","Bag of Marbles","downfall:ExtraCursedKey","Calling Bell","Blood Vial","hubris:Reverence","TungstenRod","hubris:Icosahedron","InkBottle","Letter Opener","Juzu Bracelet","Frozen Eye","Centennial Puzzle"],"acts_visited":["Exordium","TheCity","TheBeyond","TheEnding"],"potions_floor_usage":[],"damage_taken":[{"damage":0.0,"enemies":"Cultist","floor":1.0,"turns":2.0},{"damage":3.0,"enemies":"Small Slimes","floor":2.0,"turns":2.0},{"damage":1.0,"enemies":"Jaw Worm","floor":3.0,"turns":2.0},{"damage":5.0,"enemies":"Exordium Thugs","floor":5.0,"turns":3.0},{"damage":14.0,"enemies":"Gremlin Nob","floor":7.0,"turns":3.0},{"damage":11.0,"enemies":"Large Slime","floor":11.0,"turns":3.0},{"damage":3.0,"enemies":"2 Fungi Beasts","floor":14.0,"turns":3.0},{"damage":62.0,"enemies":"The Guardian","floor":16.0,"turns":9.0},{"damage":2.0,"enemies":"Shell Parasite","floor":18.0,"turns":4.0},{"damage":20.0,"enemies":"conspire:FuzzyDice","floor":21.0,"turns":6.0},{"damage":10.0,"enemies":"Chosen and Byrds","floor":22.0,"turns":4.0},{"damage":34.0,"enemies":"Gremlin Leader","floor":25.0,"turns":6.0},{"damage":4.0,"enemies":"Centurion and Healer","floor":28.0,"turns":4.0},{"damage":5.0,"enemies":"conspire:HollyBat","floor":29.0,"turns":7.0},{"damage":13.0,"enemies":"Cultist and Chosen","floor":31.0,"turns":5.0},{"damage":70.0,"enemies":"hubris:MusketHawk","floor":33.0,"turns":8.0},{"damage":14.0,"enemies":"Orb Walker","floor":35.0,"turns":3.0},{"damage":33.0,"enemies":"3 Darklings","floor":39.0,"turns":5.0},{"damage":34.0,"enemies":"Nemesis","floor":41.0,"turns":7.0},{"damage":0.0,"enemies":"Sphere and 2 Shapes","floor":45.0,"turns":3.0},{"damage":37.0,"enemies":"Writhing Mass","floor":46.0,"turns":8.0},{"damage":51.0,"enemies":"Donu and Deca","floor":50.0,"turns":9.0},{"damage":94.0,"enemies":"Shield and Spear","floor":54.0,"turns":9.0},{"damage":45,"enemies":"The Heart","floor":55,"turns":3}],"seed_played":"-6516252319862195709","potions_obtained":[{"floor":1.0,"key":"blueLaboratory:BubblePotion"},{"floor":2.0,"key":"DistilledChaos"},{"floor":3.0,"key":"SmokeBomb"},{"floor":5.0,"key":"blueLaboratory:FrostheartPotion"},{"floor":7.0,"key":"blueLaboratory:RelayPotion"},{"floor":11.0,"key":"blueLaboratory:LouseDecoction"},{"floor":14.0,"key":"Dexterity Potion"},{"floor":16.0,"key":"AttackPotion"},{"floor":18.0,"key":"bronze:BurnAndBuffPotion"},{"floor":21.0,"key":"Dexterity Potion"},{"floor":22.0,"key":"Weak Potion"},{"floor":25.0,"key":"blueLaboratory:CoolantVial"},{"floor":28.0,"key":"blueLaboratory:NullPotion"},{"floor":29.0,"key":"ColorlessPotion"},{"floor":31.0,"key":"blueLaboratory:BottleOfRum"},{"floor":33.0,"key":"blueLaboratory:LouseDecoction"},{"floor":35.0,"key":"Explosive Potion"},{"floor":39.0,"key":"Regen Potion"},{"floor":41.0,"key":"Ancient Potion"},{"floor":45.0,"key":"Dexterity Potion"},{"floor":46.0,"key":"blueLaboratory:StoneskinPotion"},{"floor":54.0,"key":"blueLaboratory:CorrosionFlask"}],"is_trial":false,"path_per_floor":["M","M","M","T","M","R","E","R","T","R","M","$","?","M","R","B",null,"M","?","?","M","M","R","?","E","T","?","M","M","R","M","R","B",null,"M","?","?","?","M","R","E","R","T","?","M","M","$","?","R","B",null,"R","$","E","B"],"character_chosen":"DEFECT","items_purchased":["StrikeDummy","Defragment","White Beast Statue","Melter","Ball Lightning","Coolheaded","Orrery","Dark Shackles","Juzu Bracelet","blueLaboratory:FrostheartPotion","Loop","Barrage","Beam Cell","Frozen Eye"],"campfire_rested":7,"item_purchase_floors":[0,0,0,0,0,0,12,47,47,47,47,47,47,47],"current_hp_per_floor":[40,37,36,36,31,53,39,39,39,61,50,50,50,47,69,14,75,75,81,73,60,50,74,74,47,47,70,73,75,104,98,98,35,110,96,96,96,96,72,105,91,91,103,103,105,76,76,76,114,65,128,128,128,34,0,0],"gold":47,"neow_bonus":"","is_daily":false,"chose_seed":false,"campfire_upgraded":3,"win_rate":0.0,"timestamp":1611886166,"path_taken":["M","M","M","?","?","R","E","R","T","R","M","$","?","M","R","BOSS","M","?","?","M","?","R","?","E","T","?","M","M","R","M","R","BOSS","M","?","?","?","?","R","E","R","T","?","M","M","$","?","R","BOSS","R","$","E","BOSS"],"items_purchased_type":["Relic","Card","Relic","Card","Card","Card","Relic","Card","Relic","Potion","Card","Card","Card","Relic"],"build_version":"2020-12-22","purchased_purges":1,"victory":false,"max_hp_per_floor":[75,75,75,75,75,75,75,75,75,75,75,75,75,75,75,75,75,75,81,81,81,81,81,81,81,81,104,104,104,104,104,104,104,110,110,110,110,110,110,110,110,110,122,122,122,128,128,128,128,128,128,128,128,128,128,128],"card_choices":[{"not_picked":["Cold Snap","Hologram"],"picked":"Gash","floor":1.0},{"not_picked":["Rebound","Barrage"],"picked":"conspire:SharedLibrary","floor":2.0},{"not_picked":["Steam","hubris:Prefetch"],"picked":"Doom and Gloom","floor":3.0},{"not_picked":["Beam Cell","Consume"],"picked":"Ball Lightning","floor":5.0},{"not_picked":["Ball Lightning","hubris:SpecializedCircuitry"],"picked":"Conserve Battery","floor":7.0},{"not_picked":["conspire:Rain","Turbo","Stack"],"picked":"hubris:ReadiedAction","floor":11.0},{"not_picked":["Coolheaded","BootSequence","Reckless Charge"],"picked":"Echo Form","floor":12.0},{"not_picked":["Double Energy","Go for the Eyes","Carnage"],"picked":"Stack","floor":12.0},{"not_picked":["Redo","Storm","conspire:SharedLibrary"],"picked":"Shrug It Off","floor":12.0},{"not_picked":["Turbo","Conserve Battery","Flex"],"picked":"Self Repair","floor":12.0},{"not_picked":["Streamline","Hello World","hubris:PowerSurge"],"picked":"Reckless Charge","floor":12.0},{"not_picked":["conspire:Rain","Sweeping Beam","Bloodletting"],"picked":"Beam Cell","floor":14.0},{"not_picked":["Multi-Cast","hubris:SpecializedCircuitry","Machine Learning"],"picked":"Exhume","floor":16.0},{"not_picked":["conspire:SharedLibrary","Steam","Body Slam"],"picked":"Hologram+1","floor":18.0},{"not_picked":["Compile Driver+1","Conserve Battery","Turbo"],"picked":"Perfected Strike","floor":21.0},{"not_picked":["Consume+1","Hologram","Undo+1"],"picked":"Disarm","floor":22.0},{"not_picked":["conspire:SharedLibrary","Redo","hubris:ReadiedAction"],"picked":"Darkness","floor":25.0},{"not_picked":["Compile Driver","Hyperbeam","Iron Wave"],"picked":"Leap","floor":28.0},{"not_picked":["Reinforced Body","Hello World","hubris:ReadiedAction"],"picked":"Conserve Battery+1","floor":29.0},{"not_picked":["Cold Snap","Redo","Warcry"],"picked":"Static Discharge+1","floor":31.0},{"not_picked":["Creative AI","Fission","Limit Break"],"picked":"Buffer","floor":33.0},{"not_picked":["Sweeping Beam","Coolheaded","Skim"],"picked":"Infernal Blade","floor":35.0},{"not_picked":["Steam+1","Compile Driver+1","Fiend Fire"],"picked":"Reinforced Body","floor":39.0},{"not_picked":["Force Field","Fusion+1","Dark Embrace"],"picked":"Go for the Eyes+1","floor":41.0},{"not_picked":["Reprogram+1","Streamline","Blizzard"],"picked":"Disarm","floor":45.0},{"not_picked":["Beam Cell","Barrage","Bloodletting"],"picked":"Doom and Gloom","floor":46.0},{"not_picked":["Coolheaded","Barrage+1","Capacitor+1"],"picked":"Fire Breathing","floor":54.0}],"player_experience":5504386,"relics_obtained":[{"floor":4.0,"key":"Darkstone Periapt"},{"floor":7.0,"key":"hubris:DisguiseKit"},{"floor":25.0,"key":"hubris:RGBLights"},{"floor":26.0,"key":"Bag of Marbles"},{"floor":34.0,"key":"Blood Vial"},{"floor":34.0,"key":"hubris:Reverence"},{"floor":34.0,"key":"TungstenRod"},{"floor":41.0,"key":"InkBottle"},{"floor":43.0,"key":"Letter Opener"},{"floor":54.0,"key":"Centennial Puzzle"}],"event_choices":[{"damage_healed":0.0,"max_hp_gain":0.0,"max_hp_loss":0.0,"gold_gain":0.0,"event_name":"conspire:Investor","player_choice":"Invest 1","floor":13.0,"gold_loss":0.0,"damage_taken":0.0},{"damage_healed":0.0,"max_hp_gain":0.0,"max_hp_loss":0.0,"gold_gain":0.0,"event_name":"The Mausoleum","player_choice":"Opened","floor":19.0,"gold_loss":0.0,"damage_taken":0.0,"relics_obtained":["Angel_Ring"],"cards_obtained":["Writhe"]},{"damage_healed":0.0,"max_hp_gain":0.0,"max_hp_loss":0.0,"gold_gain":75.0,"event_name":"FaceTrader","player_choice":"Touch","floor":20.0,"gold_loss":0.0,"damage_taken":8.0},{"damage_healed":0.0,"max_hp_gain":0.0,"max_hp_loss":0.0,"gold_gain":0.0,"event_name":"Back to Basics","player_choice":"Simplicity","floor":24.0,"gold_loss":0.0,"damage_taken":0.0,"cards_upgraded":["Strike_B","Strike_B","Strike_B","Strike_B","Defend_B","Defend_B","Defend_B","Defend_B"]},{"damage_healed":0.0,"max_hp_gain":0.0,"max_hp_loss":0.0,"gold_gain":0.0,"event_name":"Tomb of Lord Red Mask","player_choice":"Ignored","floor":37.0,"gold_loss":0.0,"damage_taken":0.0},{"cards_removed":["hubris:Gluttony"],"damage_healed":0.0,"max_hp_gain":0.0,"max_hp_loss":0.0,"gold_gain":0.0,"event_name":"Purifier","player_choice":"Purged","floor":38.0,"gold_loss":0.0,"damage_taken":0.0}],"is_beta":false,"boss_relics":[{"not_picked":["hubris:CrackedHourglass","conspire:SlowCooker"],"picked":"energizedSpire:DeadBattery"},{"not_picked":["energizedSpire:UnstableMolecules","Busted Crown"],"picked":"Calling Bell"}],"items_purged_floors":[47],"is_endless":false,"potions_floor_spawned":[1,2,3,5,7,11,14,16,18,21,22,25,28,29,31,33,35,39,41,45,46,54],"killed_by":"The Heart","ascension_level":0}}