{"host":"n6qxj7a4gnapjcui","time":1611957152,"event":{"mods":["2.2 Compatiblity","AchievementEnabler","BaseMod","Colored Map","Minty Spire (QoL Compilation)"],"gold_per_floor":[115,135,154,154,164,164,186,186,186,0,27,41,41,6,6,109,109,120,137,137,137],"floor_reached":20,"language":"POL","playtime":1028,"items_purged":[],"score":252,"play_id":"f54985f6-2097-447c-b3ca-74d7e5de329e","local_time":"20210129225232","is_ascension_mode":true,"campfire_choices":[{"data":"Body Slam","floor":6.0,"key":"SMITH"},{"data":"Apotheosis","floor":13,"key":"SMITH"},{"data":"Barricade","floor":15,"key":"SMITH"}],"circlet_count":0,"master_deck":["Strike_R","Strike_R","Strike_R","Strike_R","Strike_R","Defend_R","Defend_R","Defend_R","Defend_R","Bash","Barricade+1","Armaments+1","Clothesline","Battle Trance","Body Slam+1","Shrug It Off","Apotheosis+1","Double Tap","Rage","Offering","Cleave+1","Dropkick"],"relics":["Burning Blood","Odd Mushroom","PreservedInsect","Letter Opener","Black Star"],"acts_visited":["Exordium","TheCity"],"potions_floor_usage":[11,11,19],"damage_taken":[{"damage":8.0,"enemies":"Jaw Worm","floor":1.0,"turns":6.0},{"damage":2.0,"enemies":"2 Louse","floor":2.0,"turns":2.0},{"damage":0.0,"enemies":"Cultist","floor":3.0,"turns":3.0},{"damage":1.0,"enemies":"3 Louse","floor":5.0,"turns":6.0},{"damage":41.0,"enemies":"The Mushroom Lair","floor":7.0,"turns":6.0},{"damage":18,"enemies":"Lagavulin","floor":11,"turns":7},{"damage":0,"enemies":"Blue Slaver","floor":12,"turns":4},{"damage":3,"enemies":"Slime Boss","floor":16,"turns":10},{"damage":18,"enemies":"Shell Parasite","floor":18,"turns":5},{"damage":27,"enemies":"3 Byrds","floor":19,"turns":4},{"damage":53,"enemies":"Snecko","floor":20,"turns":7}],"seed_played":"-3938513398103336357","potions_obtained":[{"floor":2.0,"key":"Strength Potion"},{"floor":7.0,"key":"BlessingOfTheForge"},{"floor":11,"key":"SteroidPotion"},{"floor":16,"key":"HeartOfIron"}],"is_trial":false,"path_per_floor":["M","M","M","?","M","R","?","?","T","$","E","M","R","?","R","B",null,"M","M","M"],"character_chosen":"IRONCLAD","items_purchased":["Apotheosis"],"campfire_rested":0,"item_purchase_floors":[10],"current_hp_per_floor":[70,74,80,80,80,80,45,45,45,45,33,39,39,59,59,62,76,64,43,0,0],"gold":137,"neow_bonus":"ONE_RANDOM_RARE_CARD","is_daily":false,"chose_seed":false,"campfire_upgraded":3,"win_rate":0.0,"timestamp":1611957152,"path_taken":["M","M","M","?","M","R","?","?","T","$","E","?","R","?","R","BOSS","M","M","M"],"items_purchased_type":["Card"],"build_version":"2020-12-22","purchased_purges":0,"victory":false,"max_hp_per_floor":[80,80,80,80,80,80,80,80,80,80,80,80,80,80,80,80,80,80,80,80,80],"card_choices":[{"not_picked":["Body Slam","Shrug It Off"],"picked":"Armaments","floor":1.0},{"not_picked":["Twin Strike","Sentinel"],"picked":"Clothesline","floor":2.0},{"not_picked":["Reckless Charge","Searing Blow"],"picked":"Battle Trance","floor":3.0},{"not_picked":["Armaments","Dark Embrace"],"picked":"Body Slam","floor":5.0},{"not_picked":["Iron Wave","Wild Strike"],"picked":"Shrug It Off","floor":7.0},{"not_picked":["True Grit","Sword Boomerang"],"picked":"Double Tap","floor":11},{"not_picked":["Wild Strike","Clash"],"picked":"Rage","floor":12},{"not_picked":["Juggernaut","Exhume"],"picked":"Offering","floor":16},{"not_picked":["Wild Strike","Rupture"],"picked":"Cleave+1","floor":18},{"not_picked":["Clothesline","Battle Trance"],"picked":"Dropkick","floor":19}],"player_experience":321980,"relics_obtained":[{"floor":7.0,"key":"Odd Mushroom"},{"floor":9.0,"key":"PreservedInsect"},{"floor":11,"key":"Letter Opener"}],"event_choices":[{"damage_healed":0.0,"max_hp_gain":0.0,"max_hp_loss":0.0,"gold_gain":0.0,"event_name":"Living Wall","player_choice":"Grow","floor":4.0,"gold_loss":0.0,"damage_taken":0.0,"cards_upgraded":["Armaments"]},{"damage_healed":0.0,"max_hp_gain":0.0,"max_hp_loss":0.0,"gold_gain":0.0,"event_name":"Mushrooms","player_choice":"Fought Mushrooms","floor":7.0,"gold_loss":0.0,"damage_taken":0.0},{"damage_healed":0.0,"max_hp_gain":0.0,"max_hp_loss":0.0,"gold_gain":0.0,"event_name":"FaceTrader","player_choice":"Leave","floor":8.0,"gold_loss":0.0,"damage_taken":0.0},{"damage_healed":20,"gold_gain":0,"player_choice":"Healed","damage_taken":0,"max_hp_gain":0,"max_hp_loss":0,"event_name":"The Cleric","floor":14,"gold_loss":35}],"is_beta":false,"boss_relics":[{"not_picked":["Tiny House","Velvet Choker"],"picked":"Black Star"}],"items_purged_floors":[],"is_endless":false,"potions_floor_spawned":[2,7,11,16],"killed_by":"Snecko","ascension_level":9}}