{"host":"mmvmlqmvbrlj5jge","time":1611934077,"event":{"mods":["Act Like it!","BaseMod","Dota2Spire","Gensokyo","GifTheSpireLib","Hallownest","Lobotomy","Mari Mod (Legacy)","Mari\u0027s V1 Patch","Minty Spire (QoL Compilation)","MostiFishMod","Pale of the Ancients","Quick Restart","Remilia（蕾米莉亚）","Replay The Spire","RumiaBox-露米娅的神秘盒子","Spicy Shops","StSLib","TestMod","The Bug Knight","noobMod","【功能Mod】混沌之环修复补丁","【遗物卡牌】REMEMod","篝火指南"],"gold_per_floor":[111,36,48,255,1023,767,2559,3583,3839,2047,4095,4095,3839,4095,3839,10239,10239,11775,11519,11775,14591,14591,16639,18175,17407,17407,17407,17407,17407,18943,20735,19711,22783,22783,24575,26623,28671,27903,29695,28927,29951,31743,31743,32767,32511,34559,34047,33791,33535,34815,39423,43007,43263,42751,42239,46079,45311,45055,45055,47103],"floor_reached":61,"language":"ZHS","playtime":2473,"items_purged":["Strike_RM","StarOfDavid","Defend_RM","Doubt","Strike_RM","Strike_RM","Defend_RM","Defend_RM","Normality","Normality","Strike_RM","Midas Touch+1","Normality","Normality","Pride","Pride","LeisurelyOfLord+1","Normality","testmod-Automaton","Pride"],"score":2049,"play_id":"bc39cdfd-368f-4e77-a92e-8e353f996825","local_time":"20210129232757","is_ascension_mode":true,"campfire_choices":[],"circlet_count":0,"master_deck":["Strike_RM+1","Defend_RM","RedMoon","ScarletShoot","Wish+1","testmod-FightingIntention+1","RedRainbow","MostiFishMod:KingOfFree+1","Deep Breath","RedRainbow","BloodySeventeenLaser+1","DiffusionOfMisfortune+1","RedNightlessCastle+1","testmod-FightingIntention+1"],"relics":["DaveBox","testmod-TestBox","REME_ComplimentaryCards","ice","BrkXgEgg","testmod-DeterminationOfClimber","FeatherPendant","AddBug","SecretRecord","Baka2","SecretRecord","SecretRecord","SecretRecord","SecretRecord","SecretRecord","SecretRecord","SecretRecord","SecretRecord","SecretRecord","SecretRecord","SecretRecord","SecretRecord","SecretRecord"],"acts_visited":["Exordium","Hallownest:CityofTears","Hallownest:KingdomsEdge","paleoftheancients:PaleOfTheAncients"],"potions_floor_usage":[7,25],"damage_taken":[{"damage":0,"enemies":"2 Louse","floor":1,"turns":2},{"damage":8,"enemies":"Small Slimes","floor":3,"turns":2},{"damage":46,"enemies":"Cultist","floor":5,"turns":2},{"damage":16,"enemies":"HollowMod:MossKnight","floor":7,"turns":1},{"damage":6,"enemies":"Looter","floor":8,"turns":1},{"damage":5,"enemies":"Gremlin Nob","floor":11,"turns":2},{"damage":0,"enemies":"2 Fungi Beasts","floor":14,"turns":1},{"damage":0,"enemies":"Fading Forest","floor":16,"turns":1},{"damage":57,"enemies":"Hallownest:3_Youths","floor":18,"turns":1},{"damage":0,"enemies":"Hallownest:Guard_and_Sentry","floor":20,"turns":1},{"damage":2,"enemies":"Hallownest:2_Flukemon","floor":21,"turns":1},{"damage":48,"enemies":"Hallownest:eliteWatcherKnight","floor":23,"turns":5},{"damage":28,"enemies":"Hallownest:2_Husk_Sentries","floor":24,"turns":1},{"damage":6,"enemies":"Hallownest:Nosk","floor":30,"turns":1},{"damage":0,"enemies":"Hallownest:Warrior_and_Youth","floor":31,"turns":1},{"damage":2,"enemies":"Hallownest:BossSoulMaster","floor":33,"turns":4},{"damage":0,"enemies":"Hallownest:3_Siblings","floor":35,"turns":1},{"damage":0,"enemies":"Hallownest:Shield_Heavy","floor":36,"turns":1},{"damage":0,"enemies":"Hallownest:2_Soldiers_and_1_Guardian","floor":37,"turns":1},{"damage":0,"enemies":"Hallownest:2_Great","floor":39,"turns":1},{"damage":21,"enemies":"Hallownest:2_Wandering_and_1_Horned","floor":41,"turns":2},{"damage":21,"enemies":"Hallownest:2_Soldiers_and_1_Guardian","floor":42,"turns":2},{"damage":0,"enemies":"Hallownest:Shield_Sturdy","floor":44,"turns":1},{"damage":0,"enemies":"Hallownest:Slobbering_and_Violent","floor":46,"turns":1},{"damage":0,"enemies":"Hallownest:Radiance","floor":50,"turns":1},{"damage":0,"enemies":"Hallownest:Radiance","floor":51,"turns":3},{"damage":0,"enemies":"Hallownest:Radiance","floor":52,"turns":3},{"damage":54,"enemies":"Hallownest:Radiance","floor":56,"turns":3},{"damage":60,"enemies":"paleoftheancients:N","floor":60,"turns":4}],"seed_played":"-860582006093657952","potions_obtained":[{"floor":7,"key":"REME_GoldPotion"},{"floor":11,"key":"Energy Potion"}],"is_trial":false,"path_per_floor":["M","$","M","$","M","R","E","M","T","R","E","$","R","M","R","B",null,"M","$","M","M","$","E","M","R","T","R","?","?","E","M","R","B",null,"M","M","M","$","M","R","M","M","T","M","R","M","R","$","R","B","M","M","?","$","R","M","R","$","?","B",null],"character_chosen":"REMILIA","items_purchased":["StarOfDavid","Bronze Scales","REME_HandOfSuture","REME_OnlineShoppingPlatform","testmod-Faith","ImprovedEquipment","Pen Nib","testmod-FightingIntention+1","Swift Potion","LiquidMemories","Milkshake","SynthV:C4","Dota2Spire:ArmletOfMordiggian","Lee\u0027s Waffle","Dodecahedron","Potion Belt","MealTicket","Midas Touch+1","EquivalentExchange+1","Du-Vu Doll","MoreBug","BirthdayGift-Tetrahedron","Cauldron","Dota2Spire:DrumOfEndurance","testmod-HeartOfDaVinci","MostiFishMod:KingOfFree+1","testmod-IndustrialRevolution","SumBook","Technique","Civilization","Iron Hammer","Happy Flower","DistilledChaos","Dota2Spire:ShadowBlade","Lizard Tail","HandDrill","Frozen Eye","Meat on the Bone","testmod-Acrobat","Deep Breath","OriginationStaff","Blue Candle","Replay:Bottled Steam","Tiny Chest","testmod-Charity","Guide Book","RedRainbow","Dota2Spire:ArcaneBoots","AntiCross","Sling","SynthV","Dota2Spire:AghanimScepter","testmod-Brilliant","TungstenRod","testmod-Antiphasic","TheAbacus","DiscerningMonocle","Dota2Spire:EchoSabre","GodSword1","DianDianMeat","OrangePellets","HollowMod:LifeEnderRelic","Smiling Mask","testmod-Laevatain","PrismaticShard","testmod-SpacePotion","Doom Potion","SpeedPotion","REME_PuzzleBoxRelic","ScarletDevilRocket","TimeFreeze","Membership Card","Replay:Mystery Machine","Boot","Dota2Spire:EtherealBlade","CeramicFish","ChiLing","MetatronsCube","Replay:Bottled Snecko","Centennial Puzzle","Dota2Spire:Vanguard","Replay:WaspNest","BirthdayGift-Icosahedron","Medical Kit","Gremlin Horn","Golden Egg","Replay:Baseball","Durian","TakeMeEscape","Bottled Flame","SecretRecord","Orrery","Replay:Bottled Flurry","testmod-ConstraintPeriapt","Whetstone","Dota2Spire:MagicBottle","Toolbox","testmod-Register","Gremlin Food","Dota2Spire:Mjollnir","Replay:Towering Pillar of Hats","Darkstone Periapt","ReplayTheSpireMod:CursedCoin","MostiFishMod:AdaptiveDefenses","testmod-Automaton","Dota2Spire:MaskOfMadness","testmod-BouquetWithThorns","testmod-CyclicPeriapt","Pear","testmod-MagicalMallet","Chemical X","testmod-FightingIntention+1","DaCapo","Vajra","SynthV:MejaisSoulstealer","Ying","Toy Ornithopter","Blue Doll","Anchor","Dota2Spire:Desolator","Strange Spoon","ReplayTheSpireMod:ShopPack","Grinning Jar","Dota2Spire:BladeMail","Bottled Tornado","Divine Protection","GodSword5","LastBattle","Eternal Feather","DollysMirror","GodSword3","Onion Ring","Dota2Spire:OrchidMalevolence","MagicDraw1","Unceasing Top","Dota2Spire:BlackKingBar","testmod-AssaultLearning","RedBat","Dota2Spire:CrimsonGuard","Dota2Spire:MonkeyKingBar","testmod-IntensifyImprint","HornCleat"],"campfire_rested":0,"item_purchase_floors":[4,4,4,4,4,4,4,4,4,4,4,6,6,6,6,6,6,6,6,10,10,10,10,10,10,10,12,12,12,12,12,12,12,13,13,13,13,13,13,13,15,15,15,15,15,15,15,19,19,19,19,19,19,22,22,22,22,22,22,25,25,25,25,25,25,25,25,25,27,27,27,27,27,27,32,32,32,32,32,32,38,38,38,38,38,38,40,40,40,40,40,40,45,45,45,45,45,45,47,47,47,47,47,47,47,48,48,48,48,48,48,48,49,49,49,49,49,49,54,54,54,54,54,54,55,55,55,55,55,55,57,57,57,57,57,57,58,58,58,58,58,58],"current_hp_per_floor":[68,68,60,60,16,16,7,6,6,6,25,25,25,34,34,75,75,27,27,28,52,52,26,13,13,13,13,13,13,28,46,46,75,75,75,75,75,75,75,75,61,70,70,75,75,75,75,75,75,75,75,75,45,45,45,58,58,58,58,45],"gold":47103,"neow_bonus":"BOSS_RELIC","is_daily":false,"chose_seed":false,"campfire_upgraded":0,"win_rate":0.0,"timestamp":1611934077,"path_taken":["M","$","M","$","M","R","E","M","T","R","E","$","R","M","R","BOSS","M","$","M","M","$","E","M","R","T","R","?","?","E","M","R","BOSS","M","M","M","$","M","R","M","M","T","?","R","M","R","$","R","BOSS","M","M","?","$","R","M","R","$","?","BOSS"],"items_purchased_type":["Card","Relic","Relic","Relic","Relic","Relic","Relic","Card","Potion","Potion","Potion","Relic","Relic","Relic","Relic","Relic","Relic","Card","Card","Relic","Relic","Relic","Relic","Relic","Relic","Card","Relic","Relic","Relic","Relic","Relic","Relic","Potion","Relic","Relic","Relic","Relic","Relic","Relic","Card","Relic","Relic","Relic","Relic","Relic","Relic","Card","Relic","Relic","Relic","Relic","Relic","Relic","Relic","Relic","Relic","Relic","Relic","Relic","Relic","Relic","Relic","Relic","Relic","Relic","Potion","Potion","Potion","Relic","Relic","Relic","Relic","Relic","Relic","Relic","Relic","Relic","Relic","Relic","Relic","Relic","Relic","Relic","Relic","Relic","Relic","Relic","Relic","Relic","Relic","Relic","Relic","Relic","Relic","Relic","Relic","Relic","Relic","Relic","Relic","Relic","Relic","Relic","Relic","Card","Relic","Relic","Relic","Relic","Relic","Relic","Card","Card","Relic","Relic","Relic","Relic","Relic","Relic","Relic","Relic","Relic","Relic","Relic","Relic","Relic","Relic","Relic","Relic","Relic","Relic","Relic","Relic","Relic","Relic","Relic","Relic","Relic","Relic","Relic","Relic","Relic"],"build_version":"2020-12-22","purchased_purges":20,"victory":true,"max_hp_per_floor":[75,75,75,75,75,75,75,75,75,75,75,75,75,75,75,75,75,75,75,75,75,75,75,75,75,75,75,75,75,75,75,75,75,75,75,75,75,75,75,75,75,75,75,75,75,75,75,75,75,75,75,75,75,75,75,75,75,75,75,75],"card_choices":[{"not_picked":["HunterOfTheNight","MiserableFate","NightDance"],"picked":"SKIP","floor":1},{"not_picked":["UltimateOffering","VampireKiss"],"picked":"BloodyMagicSquare","floor":3},{"not_picked":["UnstableMagic","Stigmanizer","FavorOfDestiny"],"picked":"SKIP","floor":5},{"not_picked":["Septette","BlasphemousPunishment","NightLord"],"picked":"SKIP","floor":7},{"not_picked":["UltimateOffering","ScarletDevil"],"picked":"RedRainbow","floor":8},{"not_picked":["ForbiddenFruit","QueenOfMidnight+1","VampireClaw"],"picked":"SKIP","floor":11},{"not_picked":["Stigmanizer","FitfulNightmare","UnderTheZenith"],"picked":"SKIP","floor":14},{"not_picked":["EndlessAdversity","AfternoonTea","LeisurelyOfLord"],"picked":"SKIP","floor":18},{"not_picked":["Stigmanizer+1","UnstableMagic","Septette"],"picked":"SKIP","floor":20},{"not_picked":["NightDance","UnderTheZenith+1","EndlessAdversity"],"picked":"SKIP","floor":21},{"not_picked":["ReincarnationDial","DiffusionOfMisfortune+1","BlasphemousPunishment"],"picked":"SKIP","floor":23},{"not_picked":["StarOfDavid+1","BlasphemousPunishment","BloodRain+1"],"picked":"SKIP","floor":24},{"not_picked":["UnstableMagic","ReincarnationDial","ScarletDevil"],"picked":"SKIP","floor":30},{"not_picked":["RedRainbow","MastersStateliness","EndlessAdversity"],"picked":"SKIP","floor":31},{"not_picked":["TricksterDevil+1","BloodyHallows+1"],"picked":"BloodySeventeenLaser+1","floor":33},{"not_picked":["StarOfDavid+1","DiffusionOfMisfortune","ReincarnationDial"],"picked":"SKIP","floor":35},{"not_picked":["VampirishNight","BombardNight","VampireKiss"],"picked":"SKIP","floor":36},{"not_picked":["QueenOfMidnight+1","DiffusionOfMisfortune","VampireKiss+1"],"picked":"SKIP","floor":37},{"not_picked":["NightDance","RedMagic+1","EndlessAdversity"],"picked":"SKIP","floor":39},{"not_picked":["ScarletImprint+1","ReincarnationDial","BadLadyScramble+1"],"picked":"SKIP","floor":41},{"not_picked":["CharismaGuard","UnstableMagic","NightDance+1"],"picked":"SKIP","floor":42},{"not_picked":["BloodAndWine+1","ScarletDevil","Stigmanizer"],"picked":"SKIP","floor":44},{"not_picked":["BloodHunter+1","MastersStateliness"],"picked":"LeisurelyOfLord+1","floor":46},{"not_picked":["UnderTheZenith+1","Stigmanizer","EndlessAdversity+1"],"picked":"SKIP","floor":51},{"not_picked":["RedRainbow+1","DiffusionOfMisfortune","BloodyHallows+1"],"picked":"SKIP","floor":52},{"not_picked":["TwelveNightmare+1","StarOfDavid+1","BloodyMagicSquare+1"],"picked":"SKIP","floor":56}],"player_experience":126302,"relics_obtained":[{"floor":1,"key":"AddBug"},{"floor":1,"key":"SynthV:TestCard"},{"floor":1,"key":"Baka"},{"floor":3,"key":"Baka2"},{"floor":5,"key":"SecretRecord"},{"floor":7,"key":"War Paint"},{"floor":8,"key":"SecretRecord"},{"floor":9,"key":"Dota2Spire:HandOfMidas"},{"floor":11,"key":"Blood Vial"},{"floor":14,"key":"SecretRecord"},{"floor":18,"key":"SecretRecord"},{"floor":20,"key":"SecretRecord"},{"floor":23,"key":"Letter Opener"},{"floor":24,"key":"SecretRecord"},{"floor":26,"key":"Quantum Egg"},{"floor":30,"key":"SecretRecord"},{"floor":30,"key":"PreservedInsect"},{"floor":33,"key":"SecretRecord"},{"floor":35,"key":"testmod-InjuryResistance"},{"floor":39,"key":"SecretRecord"},{"floor":41,"key":"SecretRecord"},{"floor":43,"key":"Pet Ghost"},{"floor":51,"key":"Thread and Needle"},{"floor":51,"key":"paleoftheancients:SoulOfTheWokeBloke"},{"floor":52,"key":"paleoftheancients:SoulOfTheIroncluck"},{"floor":52,"key":"SecretRecord"},{"floor":56,"key":"paleoftheancients:SoulOfTheHexaghost"},{"floor":56,"key":"SecretRecord"}],"event_choices":[],"is_beta":false,"boss_relics":[{"not_picked":["REME_LowDesire","testmod-IncinerationGenerator"],"picked":"testmod-Recursion"},{"not_picked":["GreenFoldingFan","Philosopher\u0027s Stone"],"picked":"RhineCircuit"}],"items_purged_floors":[2,4,4,6,10,12,13,15,19,22,25,25,32,38,40,45,47,47,54,57],"is_endless":false,"potions_floor_spawned":[5,7,8,11,16,18,21,24,37,39,52],"ascension_level":8}}