{"host":"w3q5ijqu8eoknil3","time":1611929777,"event":{"mods":["AchievementEnabler","BaseMod","Block Reminder","Colored Map","Colored Powertips","Curses Come First","Dark Map","Minty Spire (QoL Compilation)","Quick Restart","Relic Stats","StSLib","ojb\u0027s Better Paths Mod","ojb\u0027s Info Mod","slay the spire mod where everything is the same but ironclad has a cowboy hat"],"gold_per_floor":[116,131,148,148,163,163,163,163],"floor_reached":7,"language":"ENG","playtime":190,"items_purged":[],"score":84,"play_id":"f73232dc-e730-4542-86f5-da148801ec3f","local_time":"20210129141617","is_ascension_mode":true,"campfire_choices":[{"data":"Phantasmal Killer","floor":6,"key":"SMITH"}],"circlet_count":0,"master_deck":["AscendersBane","Strike_G","Strike_G","Strike_G","Strike_G","Strike_G","Defend_G","Defend_G","Defend_G","Defend_G","Defend_G","Survivor","Neutralize","Phantasmal Killer+1","Terror","Sucker Punch","PiercingWail","Pain"],"relics":["Ring of the Snake","WarpedTongs"],"acts_visited":["Exordium"],"potions_floor_usage":[5,5],"damage_taken":[{"damage":4,"enemies":"Small Slimes","floor":1,"turns":3},{"damage":0,"enemies":"Cultist","floor":2,"turns":4},{"damage":0,"enemies":"2 Louse","floor":3,"turns":2},{"damage":14,"enemies":"Exordium Thugs","floor":5,"turns":4},{"damage":53,"enemies":"Gremlin Nob","floor":7,"turns":4}],"seed_played":"-6712438260162668077","potions_obtained":[{"floor":2,"key":"SteroidPotion"},{"floor":3,"key":"Swift Potion"}],"is_trial":false,"path_per_floor":["M","M","M","?","M","R","E"],"character_chosen":"THE_SILENT","items_purchased":[],"campfire_rested":0,"item_purchase_floors":[],"current_hp_per_floor":[55,55,55,55,41,41,0,0],"gold":163,"neow_bonus":"ONE_RANDOM_RARE_CARD","is_daily":false,"chose_seed":false,"campfire_upgraded":1,"win_rate":0.0,"timestamp":1611929777,"path_taken":["M","M","M","?","M","R","E"],"items_purchased_type":[],"build_version":"2020-12-22","purchased_purges":0,"victory":false,"max_hp_per_floor":[66,66,66,66,66,66,66,66],"relic_stats":{"counters":[5,17],"obtain_stats":[{"Ring of the Snake":0,"WarpedTongs":4},{"Ring of the Snake":0,"WarpedTongs":3},{"Ring of the Snake":0,"WarpedTongs":9}],"Ring of the Snake":[10],"WarpedTongs":[8]},"card_choices":[{"not_picked":["Underhanded Strike","PiercingWail"],"picked":"Terror","floor":1},{"not_picked":["Slice","Well Laid Plans"],"picked":"Sucker Punch","floor":2},{"not_picked":["Prepared","Dodge and Roll"],"picked":"PiercingWail","floor":3},{"not_picked":["Sucker Punch","Cloak And Dagger","Accuracy"],"picked":"SKIP","floor":5}],"player_experience":1019736,"relics_obtained":[],"event_choices":[{"damage_healed":0,"gold_gain":0,"player_choice":"Rummage","damage_taken":0,"relics_obtained":["WarpedTongs"],"max_hp_gain":0,"max_hp_loss":0,"event_name":"Accursed Blacksmith","floor":4,"gold_loss":0,"cards_obtained":["Pain"]}],"is_beta":false,"boss_relics":[],"items_purged_floors":[],"is_endless":false,"potions_floor_spawned":[2,3],"killed_by":"Gremlin Nob","ascension_level":19}}