{"host":"6xsbn6ynqlzwllfm","time":1611896003,"event":{"mods":["2.2 Compatiblity","BaseMod","Bestiary","Colored Map","Colored Powertips","Curses Come First","Highlight Path","Keyboard Shortcuts","Minty Spire (QoL Compilation)","Relic Stats","Slay the Relics Exporter","StSLib","SuperFastMode"],"gold_per_floor":[115,131,231,244,259,290,290,304,378,378,409,43,76,94,94,195,195,207,217,217,229,243,269,269,298,298,311,311,322,322,353,353,452,452,465,365,365,382,401,401,401,417,444,444,470,470,345,375,375,375,375,375,12,44,44,44],"floor_reached":55,"language":"ENG","playtime":2204,"items_purged":["Strike_P","Defend_P","Eruption"],"score":1311,"play_id":"b3bfd177-00a7-4c2e-b74b-40adb879fee5","local_time":"20210128235323","is_ascension_mode":true,"campfire_choices":[{"data":"Alpha","floor":7.0,"key":"SMITH"},{"floor":10.0,"key":"REST"},{"data":"Omniscience","floor":15.0,"key":"SMITH"},{"data":"Strike_P","floor":24.0,"key":"PURGE"},{"data":"Strike_P","floor":32.0,"key":"PURGE"},{"data":"Defend_P","floor":40.0,"key":"PURGE"},{"floor":44.0,"key":"RECALL"},{"data":"FlurryOfBlows","floor":49.0,"key":"PURGE"},{"data":"BowlingBash","floor":52.0,"key":"PURGE"}],"circlet_count":0,"master_deck":["AscendersBane","Vigilance","Alpha+1","Tantrum","ReachHeaven","Omniscience+1","Protect","Omniscience","WaveOfTheHand","Ragnarok","ReachHeaven+1","Protect","Necronomicurse","Swivel","Collect","Protect+1","WheelKick+1","DevaForm","Worship+1","Worship"],"relics":["PureWater","Peace Pipe","Meat on the Bone","Prayer Wheel","Strange Spoon","Oddly Smooth Stone","PreservedInsect","Snecko Eye","Necronomicon","Orichalcum","Sundial","Singing Bowl","Bag of Preparation","Empty Cage","Ice Cream","Lizard Tail","Pocketwatch","Bottled Lightning","Bag of Marbles"],"acts_visited":["Exordium","TheCity","TheBeyond","TheEnding"],"potions_floor_usage":[55],"damage_taken":[{"damage":8.0,"enemies":"2 Louse","floor":1.0,"turns":4.0},{"damage":13.0,"enemies":"Cultist","floor":2.0,"turns":6.0},{"damage":7.0,"enemies":"Small Slimes","floor":4.0,"turns":3.0},{"damage":7.0,"enemies":"Blue Slaver","floor":5.0,"turns":4.0},{"damage":2.0,"enemies":"Lagavulin","floor":6.0,"turns":5.0},{"damage":18.0,"enemies":"Red Slaver","floor":8.0,"turns":4.0},{"damage":2.0,"enemies":"3 Sentries","floor":11.0,"turns":4.0},{"damage":5.0,"enemies":"Lagavulin","floor":13.0,"turns":5.0},{"damage":10.0,"enemies":"Gremlin Gang","floor":14.0,"turns":2.0},{"damage":19.0,"enemies":"Slime Boss","floor":16.0,"turns":6.0},{"damage":0.0,"enemies":"Chosen","floor":18.0,"turns":2.0},{"damage":6.0,"enemies":"3 Byrds","floor":19.0,"turns":4.0},{"damage":0.0,"enemies":"Centurion and Healer","floor":21.0,"turns":1.0},{"damage":0.0,"enemies":"Chosen and Byrds","floor":22.0,"turns":1.0},{"damage":0.0,"enemies":"Gremlin Leader","floor":23.0,"turns":2.0},{"damage":0.0,"enemies":"Book of Stabbing","floor":25.0,"turns":1.0},{"damage":0.0,"enemies":"Shelled Parasite and Fungi","floor":27.0,"turns":1.0},{"damage":0.0,"enemies":"Centurion and Healer","floor":29.0,"turns":2.0},{"damage":1.0,"enemies":"Gremlin Leader","floor":31.0,"turns":3.0},{"damage":10.0,"enemies":"Collector","floor":33.0,"turns":3.0},{"damage":0.0,"enemies":"Orb Walker","floor":35.0,"turns":2.0},{"damage":0.0,"enemies":"3 Darklings","floor":38.0,"turns":2.0},{"damage":3.0,"enemies":"4 Shapes","floor":39.0,"turns":5.0},{"damage":18.0,"enemies":"Spire Growth","floor":42.0,"turns":3.0},{"damage":5.0,"enemies":"Giant Head","floor":45.0,"turns":6.0},{"damage":0.0,"enemies":"Reptomancer","floor":48.0,"turns":2.0},{"damage":85.0,"enemies":"Time Eater","floor":50.0,"turns":8.0},{"damage":41,"enemies":"Shield and Spear","floor":54,"turns":5},{"damage":65,"enemies":"The Heart","floor":55,"turns":3}],"seed_played":"-2426524454045449506","potions_obtained":[{"floor":2.0,"key":"EssenceOfSteel"},{"floor":4.0,"key":"Explosive Potion"},{"floor":14.0,"key":"PowerPotion"},{"floor":16.0,"key":"Fire Potion"},{"floor":18.0,"key":"Swift Potion"},{"floor":21.0,"key":"SkillPotion"},{"floor":22.0,"key":"Block Potion"},{"floor":29.0,"key":"BlessingOfTheForge"},{"floor":42.0,"key":"GamblersBrew"}],"is_trial":false,"path_per_floor":["M","M","?","M","M","E","R","M","T","R","E","$","E","M","R","B",null,"M","M","?","M","M","E","R","E","T","M","?","M","?","E","R","B",null,"M","$","?","M","M","R","?","M","T","R","E","?","$","E","R","B",null,"R","$","E","B"],"character_chosen":"WATCHER","items_purchased":["Strange Spoon","Oddly Smooth Stone","Bottled Lightning","Fruit Juice"],"campfire_rested":1,"item_purchase_floors":[12,12,53,53],"current_hp_per_floor":[57,44,44,37,30,28,28,10,10,31,41,41,48,38,38,31,62,62,56,40,40,40,40,40,40,40,42,42,46,46,45,45,47,70,74,74,74,76,77,77,77,63,63,63,60,60,60,60,60,59,85,85,85,58,0,0],"gold":44,"neow_bonus":"ONE_RANDOM_RARE_CARD","is_daily":false,"chose_seed":false,"campfire_upgraded":2,"win_rate":0.0,"timestamp":1611896003,"path_taken":["M","M","?","M","?","E","R","?","T","R","E","$","E","M","R","BOSS","M","M","?","M","M","E","R","E","T","M","?","M","?","E","R","BOSS","M","$","?","M","?","R","?","?","T","R","E","?","$","E","R","BOSS","R","$","E","BOSS"],"items_purchased_type":["Relic","Relic","Relic","Potion"],"build_version":"2020-12-22","purchased_purges":3,"victory":false,"max_hp_per_floor":[72,72,72,72,72,72,72,72,72,72,72,72,72,72,72,72,72,72,72,72,72,72,72,72,72,72,74,74,78,78,78,78,78,78,82,82,82,84,88,88,88,92,92,92,94,94,94,94,94,94,94,94,94,96,101,101],"relic_stats":{"Singing Bowl":24,"counters":[29,99],"PreservedInsect":445,"Bag of Preparation":[20],"Orichalcum":[30],"Peace Pipe":5,"Strange Spoon":[66],"Lizard Tail":47,"Sundial":[6],"Snecko Eye":[104,97,91,89],"Prayer Wheel":11,"Necronomicon":[29],"obtain_stats":[{"Ice Cream":37,"Singing Bowl":26,"Oddly Smooth Stone":12,"PreservedInsect":13,"Bag of Preparation":31,"Orichalcum":23,"Empty Cage":34,"Peace Pipe":6,"Strange Spoon":12,"Lizard Tail":45,"Sundial":25,"Snecko Eye":17,"Prayer Wheel":11,"Necronomicon":20,"Bag of Marbles":54,"Bottled Lightning":53,"PureWater":0,"Meat on the Bone":9,"Pocketwatch":48},{"Ice Cream":21,"Singing Bowl":16,"Oddly Smooth Stone":7,"PreservedInsect":8,"Bag of Preparation":19,"Orichalcum":15,"Empty Cage":20,"Peace Pipe":5,"Strange Spoon":7,"Lizard Tail":25,"Sundial":16,"Snecko Eye":10,"Prayer Wheel":7,"Necronomicon":12,"Bag of Marbles":28,"Bottled Lightning":27,"PureWater":0,"Meat on the Bone":6,"Pocketwatch":26},{"Ice Cream":65,"Singing Bowl":54,"Oddly Smooth Stone":30,"PreservedInsect":35,"Bag of Preparation":60,"Orichalcum":53,"Empty Cage":63,"Peace Pipe":22,"Strange Spoon":30,"Lizard Tail":81,"Sundial":54,"Snecko Eye":43,"Prayer Wheel":30,"Necronomicon":49,"Bag of Marbles":96,"Bottled Lightning":91,"PureWater":0,"Meat on the Bone":26,"Pocketwatch":83}],"Meat on the Bone":72,"Pocketwatch":[3]},"card_choices":[{"not_picked":["CrushJoints","Halt"],"picked":"BowlingBash","floor":1.0},{"not_picked":["Halt","CrushJoints"],"picked":"Tantrum","floor":2.0},{"not_picked":["SashWhip","ThirdEye"],"picked":"EmptyFist","floor":4.0},{"not_picked":["Fasting2","EmptyBody"],"picked":"ReachHeaven","floor":5.0},{"not_picked":["SashWhip","FearNoEvil"],"picked":"Omniscience","floor":6.0},{"not_picked":["ClearTheMind","WheelKick"],"picked":"Protect","floor":8.0},{"not_picked":["FearNoEvil","Consecrate"],"picked":"Omniscience","floor":13.0},{"not_picked":["Consecrate","EmptyFist"],"picked":"WaveOfTheHand","floor":14.0},{"not_picked":["JustLucky","FlyingSleeves","EmptyFist"],"picked":"SKIP","floor":14.0},{"not_picked":["Devotion","Brilliance"],"picked":"Ragnarok","floor":16.0},{"not_picked":["Fasting2","MentalFortress"],"picked":"ReachHeaven+1","floor":18.0},{"not_picked":["InnerPeace","Halt","CrushJoints+1"],"picked":"SKIP","floor":18.0},{"not_picked":["Evaluate","Halt"],"picked":"Protect","floor":19.0},{"not_picked":["Prostrate","SashWhip+1"],"picked":"Swivel","floor":21.0},{"not_picked":["Adaptation","SashWhip+1","Perseverance+1"],"picked":"SKIP","floor":21.0},{"not_picked":["CarveReality+1","Weave"],"picked":"Collect","floor":23.0},{"not_picked":["PathToVictory","BowlingBash"],"picked":"Protect+1","floor":27.0},{"not_picked":["ReachHeaven","ClearTheMind+1","Vengeance"],"picked":"Singing Bowl","floor":27.0},{"not_picked":["CrushJoints","Halt+1","Scrawl"],"picked":"Singing Bowl","floor":29.0},{"not_picked":["ClearTheMind","BowlingBash","Evaluate"],"picked":"Singing Bowl","floor":29.0},{"not_picked":["EmptyFist","JustLucky"],"picked":"WheelKick+1","floor":31.0},{"not_picked":["Scrawl","Vault"],"picked":"DevaForm","floor":33.0},{"not_picked":["Wireheading","Swivel+1","EmptyBody"],"picked":"Singing Bowl","floor":35.0},{"not_picked":["LikeWater+1","DeceiveReality+1","Pray"],"picked":"Singing Bowl","floor":35.0},{"not_picked":["JustLucky","FlurryOfBlows"],"picked":"Worship+1","floor":38.0},{"not_picked":["SandsOfTime","Consecrate","FlyingSleeves+1"],"picked":"Singing Bowl","floor":38.0},{"not_picked":["Sanctity","Collect","FlurryOfBlows"],"picked":"Singing Bowl","floor":39.0},{"not_picked":["FlyingSleeves","Halt+1","SignatureMove+1"],"picked":"Singing Bowl","floor":39.0},{"not_picked":["Prostrate","EmptyFist","Weave"],"picked":"Singing Bowl","floor":42.0},{"not_picked":["Tantrum","Perseverance+1","SashWhip"],"picked":"Singing Bowl","floor":42.0},{"not_picked":["SashWhip","ForeignInfluence+1","TalkToTheHand"],"picked":"Singing Bowl","floor":45.0},{"not_picked":["Establishment","ClearTheMind"],"picked":"Worship","floor":48.0},{"not_picked":["EmptyBody+1","Consecrate","ReachHeaven+1"],"picked":"Singing Bowl","floor":54}],"player_experience":1210263,"relics_obtained":[{"floor":6.0,"key":"Peace Pipe"},{"floor":9.0,"key":"Meat on the Bone"},{"floor":11.0,"key":"Prayer Wheel"},{"floor":13.0,"key":"PreservedInsect"},{"floor":20.0,"key":"Necronomicon"},{"floor":23.0,"key":"Orichalcum"},{"floor":25.0,"key":"Sundial"},{"floor":26.0,"key":"Singing Bowl"},{"floor":31.0,"key":"Bag of Preparation"},{"floor":45.0,"key":"Lizard Tail"},{"floor":48.0,"key":"Pocketwatch"},{"floor":54,"key":"Bag of Marbles"}],"event_choices":[{"damage_healed":0.0,"max_hp_gain":0.0,"max_hp_loss":0.0,"gold_gain":100.0,"event_name":"Golden Shrine","player_choice":"Pray","floor":3.0,"gold_loss":0.0,"damage_taken":0.0},{"damage_healed":0.0,"max_hp_gain":0.0,"max_hp_loss":0.0,"gold_gain":0.0,"event_name":"Cursed Tome","player_choice":"Obtained Book","floor":20.0,"gold_loss":0.0,"damage_taken":16.0},{"damage_healed":0.0,"max_hp_gain":0.0,"max_hp_loss":0.0,"gold_gain":0.0,"event_name":"Vampires","player_choice":"Ignored","floor":28.0,"gold_loss":0.0,"damage_taken":0.0},{"damage_healed":0.0,"max_hp_gain":0.0,"max_hp_loss":0.0,"gold_gain":0.0,"event_name":"Ghosts","player_choice":"Ignored","floor":30.0,"gold_loss":0.0,"damage_taken":0.0},{"cards_removed":["EmptyFist"],"damage_healed":0.0,"max_hp_gain":0.0,"max_hp_loss":0.0,"gold_gain":0.0,"event_name":"WeMeetAgain","player_choice":"Gave Card","floor":37.0,"gold_loss":0.0,"damage_taken":0.0,"relics_obtained":["Ice Cream"]},{"damage_healed":0.0,"max_hp_gain":0.0,"max_hp_loss":0.0,"gold_gain":0.0,"cards_transformed":["Defend_P"],"event_name":"Transmorgrifier","player_choice":"Transformed","floor":41.0,"gold_loss":0.0,"damage_taken":0.0,"cards_obtained":["FlurryOfBlows"]},{"damage_healed":0.0,"max_hp_gain":0.0,"max_hp_loss":0.0,"gold_gain":0.0,"event_name":"Tomb of Lord Red Mask","player_choice":"Ignored","floor":46.0,"gold_loss":0.0,"damage_taken":0.0}],"is_beta":false,"boss_relics":[{"not_picked":["Coffee Dripper","Busted Crown"],"picked":"Snecko Eye"},{"not_picked":["Calling Bell","Runic Pyramid"],"picked":"Empty Cage"}],"items_purged_floors":[12,36,47],"is_endless":false,"potions_floor_spawned":[2,4,14,16,18,21,22,29,33,42],"killed_by":"The Heart","ascension_level":10}}