{"host":"7ap89n2sm7vm35bt","time":1611934062,"event":{"mods":["AchievementEnabler","Aspiration","BaseMod","Minty Spire (QoL Compilation)","StSLib","[IsaacMod]ÒÔÈö¼âËþ"],"gold_per_floor":[119,136,148,148,73,73,5,16,40,40,58,58,69,87,87,191,191,207,225,225,225,240,240,250,150,150,150,25,25,25,25,25,123,123,138,138,138,153,203,203,215,232,232,252,272,289,305,325,325,325,325],"floor_reached":50,"language":"ZHS","playtime":1624,"items_purged":["Defend_G","Strike_G","Strike_G"],"score":465,"play_id":"844c3f60-2025-48d4-bd63-afd12d1a65f2","local_time":"20210129232742","is_ascension_mode":false,"campfire_choices":[{"data":"Neutralize","floor":6.0,"key":"SMITH"},{"data":"Blade Dance","floor":12.0,"key":"SMITH"},{"data":"Bane","floor":15.0,"key":"SMITH"},{"floor":23.0,"key":"REST"},{"data":"Cloak And Dagger","floor":32.0,"key":"SMITH"},{"data":"Blade Dance","floor":40.0,"key":"SMITH"},{"floor":49.0,"key":"REST"}],"circlet_count":0,"master_deck":["Strike_G","Strike_G","Defend_G","Defend_G","Defend_G","Defend_G","Survivor","Neutralize+1","Backstab","Blade Dance+1","Blur","Accuracy+1","Deadly Poison","Bane+1","Blade Dance+1","PiercingWail","Cloak And Dagger+1","Cloak And Dagger+1","Terror+1"],"relics":["Ring of the Snake","HushsDoor","TheBean","aspiration:Nostalgia","PureWater","White Beast Statue","Regal Pillow","Cursed Key","aspiration:RitualStick","The Courier","StoneCalendar"],"acts_visited":["Exordium","TheCity","TheBeyond"],"potions_floor_usage":[50,50,50],"damage_taken":[{"damage":0.0,"enemies":"Cultist","floor":1.0,"turns":3.0},{"damage":0.0,"enemies":"Jaw Worm","floor":2.0,"turns":2.0},{"damage":0.0,"enemies":"2 Louse","floor":3.0,"turns":2.0},{"damage":0.0,"enemies":"Exordium Wildlife","floor":8.0,"turns":3.0},{"damage":10.0,"enemies":"Exordium Thugs","floor":11.0,"turns":4.0},{"damage":0.0,"enemies":"2 Fungi Beasts","floor":13.0,"turns":2.0},{"damage":0.0,"enemies":"Red Slaver","floor":14.0,"turns":2.0},{"damage":20.0,"enemies":"Hexaghost","floor":16.0,"turns":7.0},{"damage":17.0,"enemies":"Spheric Guardian","floor":18.0,"turns":4.0},{"damage":5.0,"enemies":"Chosen","floor":19.0,"turns":3.0},{"damage":0.0,"enemies":"Shelled Parasite and Fungi","floor":22.0,"turns":3.0},{"damage":6.0,"enemies":"Snake Plant","floor":24.0,"turns":4.0},{"damage":23.0,"enemies":"Collector","floor":33.0,"turns":8.0},{"damage":0.0,"enemies":"3 Shapes","floor":35.0,"turns":3.0},{"damage":20.0,"enemies":"3 Darklings","floor":38.0,"turns":3.0},{"damage":0.0,"enemies":"Mind Bloom Boss Battle","floor":39.0,"turns":3.0},{"damage":11.0,"enemies":"Transient","floor":41.0,"turns":5.0},{"damage":5.0,"enemies":"4 Shapes","floor":42.0,"turns":5.0},{"damage":20.0,"enemies":"3 Darklings","floor":44.0,"turns":4.0},{"damage":16.0,"enemies":"Maw","floor":45.0,"turns":6.0},{"damage":0.0,"enemies":"Spire Growth","floor":46.0,"turns":2.0},{"damage":0.0,"enemies":"Transient","floor":47.0,"turns":5.0},{"damage":0.0,"enemies":"Maw","floor":48.0,"turns":6.0},{"damage":63,"enemies":"Time Eater","floor":50,"turns":7}],"seed_played":"8477028140826106653","potions_obtained":[{"floor":2.0,"key":"DistilledChaos"},{"floor":8.0,"key":"Explosive Potion"},{"floor":11.0,"key":"BlessingOfTheForge"},{"floor":14.0,"key":"AttackPotion"},{"floor":16.0,"key":"Dexterity Potion"},{"floor":18.0,"key":"Dexterity Potion"},{"floor":22.0,"key":"SkillPotion"},{"floor":24.0,"key":"Swift Potion"},{"floor":33.0,"key":"BlessingOfTheForge"},{"floor":35.0,"key":"BlessingOfTheForge"},{"floor":38.0,"key":"Dexterity Potion"},{"floor":39.0,"key":"Strength Potion"}],"is_trial":false,"path_per_floor":["M","M","M","?","$","R","$","M","T","?","M","R","M","M","R","B",null,"M","M","?","?","M","R","M","$","T","T","$","T","?","?","R","B",null,"M","$","?","M","?","R","M","M","T","M","M","M","M","M","R","B"],"character_chosen":"THE_SILENT","items_purchased":["Accuracy"],"campfire_rested":2,"item_purchase_floors":[7],"current_hp_per_floor":[70,70,70,70,70,70,70,70,70,70,60,60,60,60,60,40,70,53,48,34,34,34,70,64,64,64,64,64,64,51,51,51,28,75,75,75,75,55,55,55,44,39,39,19,3,3,3,3,40,0,0],"gold":325,"neow_bonus":"NOSTALGIA","is_daily":false,"chose_seed":false,"campfire_upgraded":5,"win_rate":0.0,"timestamp":1611934062,"path_taken":["M","M","?","?","?","R","$","M","T","?","?","R","M","M","R","BOSS","M","M","?","?","?","R","M","$","T","?","$","?","?","?","R","BOSS","M","$","?","?","?","R","?","M","T","?","M","M","M","M","R","BOSS"],"items_purchased_type":["Card"],"build_version":"2020-12-22","purchased_purges":3,"victory":false,"max_hp_per_floor":[70,70,70,70,70,70,70,70,70,70,70,70,70,70,70,70,70,70,70,70,70,70,70,70,70,70,70,70,70,75,75,75,75,75,75,75,75,75,75,75,75,75,75,75,75,75,75,75,75,75,75],"card_choices":[{"not_picked":["Riddle With Holes","Dagger Spray"],"picked":"Backstab","floor":1.0},{"not_picked":["Dash","Riddle With Holes"],"picked":"Blade Dance","floor":2.0},{"not_picked":["Skewer","Dagger Throw"],"picked":"Blur","floor":3.0},{"not_picked":["Underhanded Strike","Finisher","Poisoned Stab"],"picked":"SKIP","floor":8.0},{"not_picked":["Setup","Footwork","Outmaneuver"],"picked":"SKIP","floor":11.0},{"not_picked":["Predator","Quick Slash"],"picked":"Deadly Poison","floor":13.0},{"not_picked":["Heel Hook","Dagger Throw"],"picked":"Bane","floor":14.0},{"not_picked":["Dagger Throw+1","Eviscerate"],"picked":"Blade Dance","floor":18.0},{"not_picked":["Masterful Stab","Bane","Distraction+1"],"picked":"SKIP","floor":19.0},{"not_picked":["Underhanded Strike+1","Grand Finale","Deadly Poison"],"picked":"SKIP","floor":22.0},{"not_picked":["Dagger Spray","Predator","Backflip"],"picked":"SKIP","floor":24.0},{"not_picked":["Dagger Spray","Predator","Backflip"],"picked":"SKIP","floor":24.0},{"not_picked":["Leg Sweep","Dagger Spray","Outmaneuver"],"picked":"SKIP","floor":35.0},{"not_picked":["Blur+1","Backstab","Dagger Spray"],"picked":"SKIP","floor":38.0},{"not_picked":["Blur+1","Backstab","Dagger Spray"],"picked":"SKIP","floor":38.0},{"not_picked":["Deadly Poison+1","Deflect+1"],"picked":"Cloak And Dagger+1","floor":41.0},{"not_picked":["Dash+1","Flying Knee+1","Backflip+1"],"picked":"SKIP","floor":42.0},{"not_picked":["Accuracy","Heel Hook","Dagger Throw"],"picked":"SKIP","floor":44.0},{"not_picked":["Acrobatics","Flying Knee+1"],"picked":"Terror+1","floor":45.0},{"not_picked":["Backflip","Tactician","PiercingWail"],"picked":"SKIP","floor":46.0},{"not_picked":["Skewer","Underhanded Strike+1","Riddle With Holes+1"],"picked":"SKIP","floor":47.0},{"not_picked":["Escape Plan","Phantasmal Killer","Blur"],"picked":"SKIP","floor":48.0}],"player_experience":241376,"relics_obtained":[{"floor":4.0,"key":"White Beast Statue"},{"floor":9.0,"key":"Regal Pillow"},{"floor":39.0,"key":"StoneCalendar"}],"event_choices":[{"damage_healed":0.0,"max_hp_gain":0.0,"max_hp_loss":0.0,"gold_gain":0.0,"event_name":"Wheel of Change","player_choice":"Relic","floor":4.0,"gold_loss":0.0,"damage_taken":0.0},{"damage_healed":0.0,"max_hp_gain":0.0,"max_hp_loss":0.0,"gold_gain":0.0,"event_name":"Living Wall","player_choice":"Grow","floor":10.0,"gold_loss":0.0,"damage_taken":0.0,"cards_upgraded":["Accuracy"]},{"damage_healed":0.0,"max_hp_gain":0.0,"max_hp_loss":0.0,"gold_gain":0.0,"cards_transformed":["Strike_G"],"event_name":"Transmorgrifier","player_choice":"Transformed","floor":21.0,"gold_loss":0.0,"damage_taken":0.0,"cards_obtained":["PiercingWail"]},{"damage_healed":0.0,"max_hp_gain":5.0,"max_hp_loss":0.0,"gold_gain":0.0,"event_name":"Forgotten Altar","player_choice":"Shed Blood","floor":30.0,"gold_loss":0.0,"damage_taken":18.0},{"damage_healed":0.0,"max_hp_gain":0.0,"max_hp_loss":0.0,"gold_gain":0.0,"event_name":"The Library","player_choice":"Read","floor":31.0,"gold_loss":0.0,"damage_taken":0.0,"cards_obtained":["Cloak And Dagger"]},{"damage_healed":0.0,"max_hp_gain":0.0,"max_hp_loss":0.0,"gold_gain":0.0,"event_name":"WeMeetAgain","player_choice":"Gave Potion","floor":37.0,"gold_loss":0.0,"damage_taken":0.0,"relics_obtained":["The Courier"]},{"damage_healed":0.0,"max_hp_gain":0.0,"max_hp_loss":0.0,"gold_gain":0.0,"event_name":"MindBloom","player_choice":"Fight","floor":39.0,"gold_loss":0.0,"damage_taken":0.0}],"is_beta":false,"boss_relics":[{"not_picked":["aspiration:RitualDagger","Runic Pyramid"],"picked":"Cursed Key"},{"not_picked":[]},{"not_picked":["Calling Bell","Snecko Eye","Runic Dome"]}],"items_purged_floors":[5,25,28],"is_endless":false,"potions_floor_spawned":[2,8,11,13,14,16,18,19,22,24,33,35,38,39,41,42,44,45,46,47,48],"killed_by":"Time Eater","ascension_level":0}}