{"host":"y76clbnovzmw9ubx","time":1611885188,"event":{"mods":["AchievementEnabler","BaseMod","Minty Spire (QoL Compilation)","Permanent Neow","Relic Stats"],"gold_per_floor":[116,126,143,154,167,167,193,211,211,211,211,228,228,263,263,350,350,375,420,435,463,472,512,512,547,547,547,562,131,131,171,171,254,254,273,299,310,31,59,401,401,441,466,466,466,182,207,241,241,241,241],"floor_reached":50,"language":"ENG","playtime":3405,"items_purged":["Bite","Heel Hook"],"score":1325,"play_id":"81045187-3ba5-4589-b26a-89db939b1e14","local_time":"20210128205308","is_ascension_mode":true,"campfire_choices":[{"data":"Predator","floor":6.0,"key":"SMITH"},{"data":"Poisoned Stab","floor":10.0,"key":"SMITH"},{"floor":13.0,"key":"REST"},{"data":"Noxious Fumes","floor":15.0,"key":"SMITH"},{"floor":24,"key":"REST"},{"floor":27,"key":"REST"},{"floor":32,"key":"REST"},{"floor":41,"key":"REST"},{"floor":44,"key":"REST"},{"floor":49,"key":"RECALL"}],"circlet_count":0,"master_deck":["AscendersBane","Defend_G+1","Defend_G+1","Defend_G+1","Defend_G+1","Defend_G+1","Survivor","Neutralize","Predator+1","Backstab","Dagger Spray","Poisoned Stab+1","Calculated Gamble","After Image","PiercingWail","Noxious Fumes+1","Adrenaline","Corpse Explosion","Crippling Poison+1","Bite","Bite","Bite","Bite","Footwork","Necronomicurse","PiercingWail","Leg Sweep+1","Footwork","Master of Strategy","Trip","Backstab","Bullet Time","Backflip+1","Cloak And Dagger+1","Footwork","Acrobatics","Blade Dance","Malaise","Backstab+1","Acrobatics","Blade Dance+1"],"relics":["Ring of the Snake","Ninja Scroll","InkBottle","CeramicFish","Sozu","Necronomicon","Art of War","Tingsha","Pen Nib","Nunchaku","Philosopher\u0027s Stone","PreservedInsect","Old Coin","Bag of Preparation","Bronze Scales","Thread and Needle","Kunai"],"acts_visited":["Exordium","TheCity","TheBeyond"],"potions_floor_usage":[16,23,28],"damage_taken":[{"damage":4.0,"enemies":"Small Slimes","floor":1.0,"turns":5.0},{"damage":4.0,"enemies":"Jaw Worm","floor":2.0,"turns":4.0},{"damage":5.0,"enemies":"2 Louse","floor":3.0,"turns":2.0},{"damage":0.0,"enemies":"2 Fungi Beasts","floor":4.0,"turns":2.0},{"damage":7.0,"enemies":"Blue Slaver","floor":5.0,"turns":3.0},{"damage":6.0,"enemies":"3 Sentries","floor":7.0,"turns":9.0},{"damage":0.0,"enemies":"Exordium Wildlife","floor":8.0,"turns":2.0},{"damage":0.0,"enemies":"Large Slime","floor":12.0,"turns":3.0},{"damage":10.0,"enemies":"Lagavulin","floor":14.0,"turns":6.0},{"damage":13,"enemies":"Hexaghost","floor":16,"turns":9},{"damage":2,"enemies":"3 Byrds","floor":18,"turns":2},{"damage":0,"enemies":"Chosen","floor":20,"turns":3},{"damage":0,"enemies":"Centurion and Healer","floor":21,"turns":3},{"damage":26,"enemies":"Gremlin Leader","floor":23,"turns":5},{"damage":14,"enemies":"Book of Stabbing","floor":25,"turns":5},{"damage":8,"enemies":"Shelled Parasite and Fungi","floor":28,"turns":4},{"damage":20,"enemies":"Gremlin Leader","floor":31,"turns":6},{"damage":16,"enemies":"Collector","floor":33,"turns":8},{"damage":15,"enemies":"3 Shapes","floor":35,"turns":7},{"damage":0,"enemies":"Orb Walker","floor":36,"turns":1},{"damage":25,"enemies":"Spire Growth","floor":37,"turns":5},{"damage":0,"enemies":"Jaw Worm Horde","floor":39,"turns":2},{"damage":22,"enemies":"Giant Head","floor":40,"turns":7},{"damage":11,"enemies":"Nemesis","floor":42,"turns":7},{"damage":0,"enemies":"Mind Bloom Boss Battle","floor":47,"turns":6},{"damage":26,"enemies":"Giant Head","floor":48,"turns":7},{"damage":41,"enemies":"Time Eater","floor":50,"turns":4}],"seed_played":"5954344620557859228","potions_obtained":[{"floor":3.0,"key":"SpeedPotion"},{"floor":5.0,"key":"CunningPotion"},{"floor":7.0,"key":"CunningPotion"},{"floor":14.0,"key":"SteroidPotion"},{"floor":16,"key":"Poison Potion"}],"is_trial":false,"path_per_floor":["M","M","M","M","M","R","E","M","T","R","?","M","R","E","R","B",null,"M","?","M","M","?","E","R","E","T","R","M","$","?","E","R","B",null,"M","M","M","$","M","E","R","E","T","R","?","$","?","E","R","B"],"character_chosen":"THE_SILENT","items_purchased":["Footwork","Master of Strategy","Trip","Footwork","PreservedInsect","Acrobatics","Bronze Scales","Acrobatics"],"campfire_rested":6,"item_purchase_floors":[29,29,29,38,38,38,46,46],"current_hp_per_floor":[55,51,46,46,39,39,33,33,33,33,33,33,52,42,42,29,57,55,46,46,46,25,11,24,24,24,37,39,39,39,29,42,36,44,33,33,14,14,20,12,25,20,20,33,33,33,41,25,25,0,0],"gold":241,"neow_bonus":"THREE_CARDS","is_daily":false,"chose_seed":false,"campfire_upgraded":3,"win_rate":0.0,"timestamp":1611885188,"path_taken":["M","M","M","M","M","R","E","M","T","R","?","M","R","E","R","BOSS","M","?","M","M","?","E","R","E","T","R","M","$","?","E","R","BOSS","M","M","M","$","M","E","R","E","T","R","?","$","?","E","R","BOSS"],"items_purchased_type":["Card","Card","Card","Card","Relic","Card","Relic","Card"],"build_version":"2020-12-22","purchased_purges":2,"victory":false,"max_hp_per_floor":[66,66,66,66,66,66,66,66,66,66,66,66,66,66,66,66,66,66,46,46,46,46,46,46,46,46,46,46,46,46,46,46,46,46,46,46,46,46,46,46,46,46,46,46,46,46,46,46,46,46,46],"relic_stats":{"counters":[27,127],"CeramicFish":234,"Tingsha":[109],"Pen Nib":[19],"PreservedInsect":310,"Bag of Preparation":[0],"Sozu":8,"Nunchaku":[16],"Bronze Scales":[18],"Necronomicon":[16],"Art of War":[10],"Kunai":[4],"obtain_stats":[{"CeramicFish":14,"Tingsha":25,"Thread and Needle":47,"Pen Nib":26,"PreservedInsect":38,"Bag of Preparation":42,"Old Coin":40,"Sozu":17,"Nunchaku":31,"Ninja Scroll":7,"Bronze Scales":46,"Philosopher\u0027s Stone":34,"Necronomicon":22,"Art of War":23,"Kunai":48,"InkBottle":9,"Ring of the Snake":0},{"CeramicFish":9,"Tingsha":15,"Thread and Needle":25,"Pen Nib":15,"PreservedInsect":21,"Bag of Preparation":24,"Old Coin":23,"Sozu":10,"Nunchaku":17,"Ninja Scroll":6,"Bronze Scales":24,"Philosopher\u0027s Stone":18,"Necronomicon":13,"Art of War":14,"Kunai":26,"InkBottle":7,"Ring of the Snake":0},{"CeramicFish":36,"Tingsha":63,"Thread and Needle":116,"Pen Nib":63,"PreservedInsect":94,"Bag of Preparation":110,"Old Coin":103,"Sozu":45,"Nunchaku":73,"Ninja Scroll":25,"Bronze Scales":110,"Philosopher\u0027s Stone":81,"Necronomicon":53,"Art of War":58,"Kunai":123,"InkBottle":27,"Ring of the Snake":0}],"InkBottle":[54],"Ring of the Snake":[54]},"card_choices":[{"not_picked":["Dagger Spray","Blade Dance"],"picked":"Predator","floor":0.0},{"not_picked":["Underhanded Strike","Infinite Blades"],"picked":"Backstab","floor":1.0},{"not_picked":["Slice","Dodge and Roll"],"picked":"Dagger Spray","floor":2.0},{"not_picked":["Slice","Endless Agony"],"picked":"Poisoned Stab","floor":3.0},{"not_picked":["Dodge and Roll","Prepared"],"picked":"Calculated Gamble","floor":4.0},{"not_picked":["Blur","Distraction","Accuracy"],"picked":"SKIP","floor":5.0},{"not_picked":["Glass Knife","PiercingWail"],"picked":"After Image","floor":7.0},{"not_picked":["Prepared","Deadly Poison"],"picked":"PiercingWail","floor":8.0},{"not_picked":["Cloak And Dagger","Backflip"],"picked":"Noxious Fumes","floor":12.0},{"not_picked":["Quick Slash","Dodge and Roll"],"picked":"Adrenaline","floor":14.0},{"not_picked":["Glass Knife","Doppelganger"],"picked":"Corpse Explosion","floor":16},{"not_picked":["Dagger Spray","Predator"],"picked":"Crippling Poison+1","floor":18},{"not_picked":["Flying Knee","Dagger Spray","Crippling Poison"],"picked":"SKIP","floor":20},{"not_picked":["Underhanded Strike","Acrobatics"],"picked":"Footwork","floor":21},{"not_picked":["Poisoned Stab","Outmaneuver"],"picked":"PiercingWail","floor":23},{"not_picked":["Tactician","After Image"],"picked":"Leg Sweep+1","floor":25},{"not_picked":["Flechettes","Dagger Throw","Slice"],"picked":"SKIP","floor":28},{"not_picked":["PiercingWail","Sucker Punch"],"picked":"Backstab","floor":31},{"not_picked":["Tools of the Trade","Storm of Steel"],"picked":"Bullet Time","floor":33},{"not_picked":["Caltrops","Quick Slash"],"picked":"Backflip+1","floor":35},{"not_picked":["Choke","Dagger Throw"],"picked":"Cloak And Dagger+1","floor":36},{"not_picked":["Poisoned Stab","Flying Knee+1","Sucker Punch+1"],"picked":"SKIP","floor":37},{"not_picked":["Calculated Gamble","Finisher"],"picked":"Blade Dance","floor":39},{"not_picked":["Flying Knee+1","Quick Slash"],"picked":"Malaise","floor":40},{"not_picked":["Deadly Poison+1","PiercingWail+1"],"picked":"Backstab+1","floor":42},{"not_picked":["Skewer","Envenom"],"picked":"Blade Dance+1","floor":48}],"player_experience":3139529,"relics_obtained":[{"floor":7.0,"key":"Ninja Scroll"},{"floor":9.0,"key":"InkBottle"},{"floor":14.0,"key":"CeramicFish"},{"floor":22,"key":"Necronomicon"},{"floor":23,"key":"Art of War"},{"floor":25,"key":"Tingsha"},{"floor":26,"key":"Pen Nib"},{"floor":31,"key":"Nunchaku"},{"floor":40,"key":"Old Coin"},{"floor":42,"key":"Bag of Preparation"},{"floor":47,"key":"Thread and Needle"},{"floor":48,"key":"Kunai"}],"event_choices":[{"damage_healed":0.0,"max_hp_gain":0.0,"max_hp_loss":0.0,"gold_gain":0.0,"cards_transformed":["Strike_G"],"event_name":"Living Wall","player_choice":"Change","floor":11.0,"gold_loss":0.0,"damage_taken":0.0,"cards_obtained":["Heel Hook"]},{"damage_healed":0,"gold_gain":0,"player_choice":"Became a vampire","damage_taken":0,"max_hp_gain":0,"max_hp_loss":20,"event_name":"Vampires","floor":19,"gold_loss":0,"cards_obtained":["Bite","Bite","Bite","Bite","Bite"]},{"damage_healed":0,"gold_gain":0,"player_choice":"Obtained Book","damage_taken":21,"max_hp_gain":0,"max_hp_loss":0,"event_name":"Cursed Tome","floor":22,"gold_loss":0},{"damage_healed":0,"gold_gain":0,"player_choice":"Simplicity","damage_taken":0,"max_hp_gain":0,"max_hp_loss":0,"event_name":"Back to Basics","floor":30,"gold_loss":0,"cards_upgraded":["Defend_G","Defend_G","Defend_G","Defend_G","Defend_G"]},{"damage_healed":0,"gold_gain":0,"player_choice":"Ignored","damage_taken":0,"max_hp_gain":0,"max_hp_loss":0,"event_name":"Tomb of Lord Red Mask","floor":45,"gold_loss":0},{"damage_healed":0,"gold_gain":0,"player_choice":"Fight","damage_taken":0,"max_hp_gain":0,"max_hp_loss":0,"event_name":"MindBloom","floor":47,"gold_loss":0}],"is_beta":false,"boss_relics":[{"not_picked":["Ring of the Serpent","Coffee Dripper"],"picked":"Sozu"},{"not_picked":["SacredBark","Tiny House"],"picked":"Philosopher\u0027s Stone"}],"items_purged_floors":[29,46],"is_endless":false,"potions_floor_spawned":[3,5,7,14,16,20,21,28,33,39,42,47,48],"killed_by":"Time Eater","ascension_level":20}}