{"host":"9qk11wtevf51xvhl","time":1611952580,"event":{"mods":["BaseMod","Minty Spire (QoL Compilation)"],"gold_per_floor":[118,134,134,160,160,203,7,48,48,48,48,83,99,120,120,248,248,264,282,303,46,46,46,46],"floor_reached":23,"language":"ENG","playtime":1484,"items_purged":["Injury","Strike_G"],"score":339,"play_id":"5641884f-a527-42f1-9413-ef54c64471a0","local_time":"20210129213620","is_ascension_mode":true,"campfire_choices":[{"data":"Infinite Blades","floor":10,"key":"SMITH"},{"floor":15,"key":"REST"}],"circlet_count":0,"master_deck":["Strike_G","Strike_G","Strike_G","Strike_G","Defend_G+1","Defend_G","Defend_G","Defend_G","Defend_G+1","Survivor","Neutralize+1","Slice","Footwork","Corpse Explosion","Infinite Blades+1","Dramatic Entrance","Blade Dance","Deadly Poison","Bane","Die Die Die","CurseOfTheBell","Noxious Fumes+1","Infinite Blades+1"],"relics":["Ring of the Snake","NeowsBlessing","WingedGreaves","War Paint","Golden Idol","Dream Catcher","Kunai","The Courier","NlothsMask","Shuriken","Calling Bell","Potion Belt","Frozen Egg 2","Turnip","Vajra"],"acts_visited":["Exordium","TheCity"],"potions_floor_usage":[8,8,20],"damage_taken":[{"damage":0,"enemies":"2 Louse","floor":1,"turns":1},{"damage":0,"enemies":"Jaw Worm","floor":2,"turns":1},{"damage":0,"enemies":"3 Sentries","floor":6,"turns":1},{"damage":22,"enemies":"Lagavulin","floor":8,"turns":5},{"damage":37,"enemies":"Gremlin Nob","floor":12,"turns":5},{"damage":0,"enemies":"Small Slimes","floor":13,"turns":2},{"damage":0,"enemies":"Blue Slaver","floor":14,"turns":4},{"damage":6,"enemies":"Hexaghost","floor":16,"turns":8},{"damage":30,"enemies":"2 Thieves","floor":18,"turns":3},{"damage":0,"enemies":"Spheric Guardian","floor":19,"turns":4},{"damage":27,"enemies":"Snake Plant","floor":20,"turns":5},{"damage":5,"enemies":"Slavers","floor":23,"turns":1}],"seed_played":"-6082925107862462826","potions_obtained":[{"floor":2,"key":"Poison Potion"},{"floor":6,"key":"Regen Potion"},{"floor":16,"key":"ColorlessPotion"},{"floor":20,"key":"AttackPotion"}],"is_trial":false,"path_per_floor":["M","M","?","T","?","E","$","E","T","R","?","E","M","M","R","B",null,"M","M","M","$","?","E"],"character_chosen":"THE_SILENT","items_purchased":["Infinite Blades","Dramatic Entrance","Vajra","Infinite Blades+1"],"campfire_rested":1,"item_purchase_floors":[7,7,21,21],"current_hp_per_floor":[63,63,51,51,51,51,51,44,44,44,44,7,7,7,28,22,58,28,28,1,1,1,0,0],"gold":46,"neow_bonus":"THREE_ENEMY_KILL","is_daily":false,"chose_seed":false,"campfire_upgraded":1,"win_rate":0.0,"timestamp":1611952580,"path_taken":["M","M","?","?","?","E","?","E","T","R","?","E","M","M","R","BOSS","M","?","M","$","?","E"],"items_purchased_type":["Card","Card","Relic","Card"],"build_version":"2020-12-22","purchased_purges":2,"victory":false,"max_hp_per_floor":[70,70,70,70,70,70,70,70,70,70,70,70,70,70,70,70,70,70,70,70,70,70,70,70],"card_choices":[{"not_picked":["Blade Dance","All Out Attack"],"picked":"Slice","floor":1},{"not_picked":["Dagger Throw","Finisher"],"picked":"Footwork","floor":2},{"not_picked":["Sucker Punch","Dodge and Roll"],"picked":"Corpse Explosion","floor":6},{"not_picked":["Sucker Punch","Flying Knee","Underhanded Strike"],"picked":"SKIP","floor":8},{"not_picked":["Reflex","Slice","Poisoned Stab"],"picked":"SKIP","floor":12},{"not_picked":["Deadly Poison","Dagger Spray"],"picked":"Blade Dance","floor":13},{"not_picked":["Quick Slash","Flechettes"],"picked":"Deadly Poison","floor":14},{"not_picked":["Slice","Deflect"],"picked":"Bane","floor":15},{"not_picked":["Corpse Explosion","Storm of Steel"],"picked":"Die Die Die","floor":16},{"not_picked":["Underhanded Strike","Acrobatics","Outmaneuver+1"],"picked":"SKIP","floor":18},{"not_picked":["PiercingWail","Choke"],"picked":"Noxious Fumes+1","floor":19},{"not_picked":["Dagger Spray+1","Deadly Poison","Dagger Throw"],"picked":"SKIP","floor":20}],"player_experience":545178,"relics_obtained":[{"floor":4,"key":"War Paint"},{"floor":6,"key":"Dream Catcher"},{"floor":8,"key":"Kunai"},{"floor":9,"key":"The Courier"},{"floor":12,"key":"Shuriken"},{"floor":17,"key":"Potion Belt"},{"floor":17,"key":"Frozen Egg 2"},{"floor":17,"key":"Turnip"}],"event_choices":[{"damage_healed":0,"gold_gain":0,"player_choice":"Success","damage_taken":12,"relics_obtained":["WingedGreaves"],"max_hp_gain":0,"max_hp_loss":0,"event_name":"Scrap Ooze","floor":3,"gold_loss":0},{"damage_healed":0,"gold_gain":0,"player_choice":"Take Wound","damage_taken":0,"relics_obtained":["Golden Idol"],"max_hp_gain":0,"max_hp_loss":0,"event_name":"Golden Idol","floor":5,"gold_loss":0,"cards_obtained":["Injury"]},{"damage_healed":0,"gold_gain":0,"player_choice":"Trade","damage_taken":0,"relics_obtained":["NlothsMask"],"max_hp_gain":0,"max_hp_loss":0,"event_name":"FaceTrader","floor":11,"gold_loss":0},{"damage_healed":0,"gold_gain":0,"player_choice":"Forge","damage_taken":0,"max_hp_gain":0,"max_hp_loss":0,"event_name":"Accursed Blacksmith","floor":22,"gold_loss":0,"cards_upgraded":["Neutralize"]}],"is_beta":false,"boss_relics":[{"not_picked":["SlaversCollar","Runic Pyramid"],"picked":"Calling Bell"}],"items_purged_floors":[7,21],"is_endless":false,"potions_floor_spawned":[2,6,16,20],"killed_by":"Slavers","ascension_level":9}}