{"host":"i2s4iw62z1dejrqn","time":1611902377,"event":{"mods":["AchievementEnabler","BaseMod","Minty Spire (QoL Compilation)","Random Character Button","SuperFastMode"],"gold_per_floor":[109,109,109,120,140,140,173,173,173,173,191,208,234,260,260,260,260],"floor_reached":16,"language":"KOR","playtime":742,"items_purged":[],"score":149,"play_id":"3e9385e8-24fd-49fb-8909-ff5eb60e063f","local_time":"20210129153937","is_ascension_mode":true,"campfire_choices":[{"data":"Whirlwind","floor":6,"key":"SMITH"},{"floor":10,"key":"REST"},{"data":"Bash","floor":15,"key":"SMITH"}],"circlet_count":0,"master_deck":["Strike_R","Strike_R","Strike_R","Defend_R","Defend_R","Defend_R","Defend_R","Bash+1","Whirlwind+1","Pummel","Headbutt","Havoc+1","Feed"],"relics":["Burning Blood","Darkstone Periapt","Boot","Toxic Egg 2","Oddly Smooth Stone"],"acts_visited":["Exordium"],"potions_floor_usage":[7,7,11,16],"damage_taken":[{"damage":10,"enemies":"Small Slimes","floor":1,"turns":4},{"damage":2,"enemies":"2 Louse","floor":4,"turns":2},{"damage":14,"enemies":"Jaw Worm","floor":5,"turns":4},{"damage":57,"enemies":"Lagavulin","floor":7,"turns":9},{"damage":0,"enemies":"Gremlin Gang","floor":11,"turns":1},{"damage":3,"enemies":"Exordium Thugs","floor":12,"turns":3},{"damage":5,"enemies":"3 Sentries","floor":13,"turns":3},{"damage":70,"enemies":"Hexaghost","floor":16,"turns":10}],"seed_played":"-1625594762464548080","potions_obtained":[{"floor":1,"key":"Energy Potion"},{"floor":5,"key":"FearPotion"},{"floor":7,"key":"BloodPotion"},{"floor":11,"key":"Block Potion"}],"is_trial":false,"path_per_floor":["M","?","?","M","M","R","E","?","T","R","M","M","E","T","R","B"],"character_chosen":"IRONCLAD","items_purchased":[],"campfire_rested":1,"item_purchase_floors":[],"current_hp_per_floor":[68,61,66,70,62,62,11,11,11,36,59,62,66,66,66,0,0],"gold":260,"neow_bonus":"REMOVE_CARD","is_daily":false,"chose_seed":false,"campfire_upgraded":2,"win_rate":0.0,"timestamp":1611902377,"path_taken":["M","?","?","M","M","R","E","?","T","R","?","M","E","?","R","BOSS"],"items_purchased_type":[],"build_version":"2020-12-22","purchased_purges":0,"victory":false,"max_hp_per_floor":[80,80,85,85,85,85,85,85,85,85,85,85,88,88,88,88,88],"card_choices":[{"not_picked":["Fire Breathing","Rage"],"picked":"Whirlwind","floor":1},{"not_picked":["Whirlwind","Heavy Blade"],"picked":"Pummel","floor":4},{"not_picked":["Flex","Reckless Charge"],"picked":"Headbutt","floor":5},{"not_picked":["Flame Barrier","Wild Strike","Iron Wave"],"picked":"SKIP","floor":7},{"not_picked":["Heavy Blade","Shrug It Off+1"],"picked":"Havoc+1","floor":11},{"not_picked":["Thunderclap","Clothesline"],"picked":"Feed","floor":12},{"not_picked":["Havoc+1","Clash","Cleave"],"picked":"SKIP","floor":13}],"player_experience":434369,"relics_obtained":[{"floor":7,"key":"Darkstone Periapt"},{"floor":8,"key":"Boot"},{"floor":9,"key":"Toxic Egg 2"},{"floor":13,"key":"Oddly Smooth Stone"}],"event_choices":[{"cards_removed":["Strike_R"],"damage_healed":0,"gold_gain":0,"player_choice":"Card Removal","damage_taken":7,"max_hp_gain":0,"max_hp_loss":0,"event_name":"Golden Wing","floor":2,"gold_loss":0},{"damage_healed":0,"gold_gain":0,"player_choice":"Donut","damage_taken":0,"max_hp_gain":5,"max_hp_loss":0,"event_name":"Big Fish","floor":3,"gold_loss":0},{"damage_healed":0,"gold_gain":0,"player_choice":"Relic","damage_taken":0,"max_hp_gain":0,"max_hp_loss":0,"event_name":"Wheel of Change","floor":8,"gold_loss":0}],"is_beta":false,"boss_relics":[],"items_purged_floors":[],"is_endless":false,"potions_floor_spawned":[1,5,7,11],"killed_by":"Hexaghost","ascension_level":7}}