{"host":"o3b7ow6d1xe49css","time":1611904703,"event":{"mods":["Act Like it!","Aspiration","BaseMod","Bestiary","Better Altar","Better Match","Better Note","Better Sensory Stone","Better Skull","Better Third Choice","Colored Powertips","Conspire","Energized Spire","Force Act Four","GifTheSpireLib","Halation","Hermit","Hubris","Infinite Spire","Lobotomy","Minty Spire (QoL Compilation)","Quick Restart","Relic Filter Mod","Reliquary","Replay The Spire","Spicy Shops","Spikes Relics","Spire Arcade","StSLib","Stuff the Spire","The Blue Laboratory","Wandering Minibosses"],"gold_per_floor":[118,136,150,163,163,190,190,190,190],"floor_reached":8,"language":"ENG","playtime":222,"items_purged":[],"score":104,"play_id":"4a70df82-2467-45f1-a5d6-30442528a00e","local_time":"20210128221823","daily_mods":["Heirloom","Flight"],"is_ascension_mode":true,"campfire_choices":[{"data":"Eruption","floor":7,"key":"SMITH"}],"circlet_count":0,"master_deck":["Strike_P","Strike_P","Defend_P","Defend_P","Defend_P","Defend_P","Eruption+1","Vigilance","Tantrum","UniverseFragment","FlurryOfBlows","OldLady","Wallop","hubris:DuctTapeCard","Scorched"],"relics":["Ring of the Snake","Ring of Chaos","hubris:MedicalManual","CogitoBucket","infinitespire:Cubic Diamond","hubris:DuctTape"],"acts_visited":["Exordium"],"potions_floor_usage":[6],"damage_taken":[{"damage":5,"enemies":"Cultist","floor":1,"turns":4},{"damage":2,"enemies":"Jaw Worm","floor":2,"turns":3},{"damage":0,"enemies":"Small Slimes","floor":3,"turns":2},{"damage":13,"enemies":"Exordium Thugs","floor":4,"turns":3},{"damage":0,"enemies":"Gremlin Nob","floor":6,"turns":2},{"damage":54,"enemies":"Lagavulin","floor":8,"turns":5}],"seed_played":"-2755213275267822430","potions_obtained":[{"floor":1,"key":"BlessingOfTheForge"},{"floor":3,"key":"blueLaboratory:TrueEctoplasm"}],"is_trial":true,"path_per_floor":["M","M","M","M","?","E","R","E"],"character_chosen":"WATCHER","items_purchased":[],"campfire_rested":0,"item_purchase_floors":[],"current_hp_per_floor":[67,65,65,52,52,52,52,0,0],"gold":190,"neow_bonus":"","is_daily":false,"chose_seed":false,"campfire_upgraded":1,"win_rate":0.0,"timestamp":1611904703,"path_taken":["M","M","M","M","?","E","R","E"],"items_purchased_type":[],"build_version":"2020-12-22","purchased_purges":0,"victory":false,"max_hp_per_floor":[72,72,72,72,72,72,72,72,72],"card_choices":[{"not_picked":["BigBadWolf","WhitesApple","SpiderBud"],"picked":"Singing Bowl","floor":1},{"not_picked":["Replay:ManipulateFuture","FollowUp"],"picked":"Tantrum","floor":1},{"not_picked":["Wellcheers","QueenBee"],"picked":"UniverseFragment","floor":2},{"not_picked":["MentalFortress","FlyingSleeves"],"picked":"FlurryOfBlows","floor":2},{"not_picked":["BeautyBeast","WallGazer","VoidDream"],"picked":"Singing Bowl","floor":3},{"not_picked":["Wellcheers","Bloodbath"],"picked":"OldLady","floor":3},{"not_picked":["Replay:ManipulateFuture","FollowUp"],"picked":"Wallop","floor":3},{"not_picked":["MHz","Wellcheers","Mercenary"],"picked":"Singing Bowl","floor":4},{"not_picked":["Meditate","Replay:ManipulateFuture","Halt"],"picked":"SKIP","floor":4},{"not_picked":["MHz","CrumblingArmor"],"picked":"Scorched","floor":6},{"not_picked":["Sanctity","Replay:ManipulateFuture","ClearTheMind"],"picked":"SKIP","floor":6}],"player_experience":1881244,"relics_obtained":[{"floor":6,"key":"hubris:DuctTape"}],"event_choices":[],"is_beta":false,"boss_relics":[],"items_purged_floors":[],"is_endless":false,"potions_floor_spawned":[1,3],"killed_by":"Lagavulin","ascension_level":5}}