{"host":"zk71suw73lg2r165","time":1611956194,"event":{"mods":["BaseMod","Colored Map","Minty Spire (QoL Compilation)","Permanent Neow","Relic Stats","StSLib"],"gold_per_floor":[111,58,69,88,88,88,128,128,128,141,160,199,223,256,256,346,346,362,362,362,90,139,177,177,208,208,208,42,57,80,80,80,175,175,189,189,203,221,221,261,261,261,285,301,342,342,16,36,36,36,36,36,36,36,36,36],"floor_reached":55,"language":"ENG","playtime":2078,"items_purged":[],"score":2141,"play_id":"c58879be-84b0-4d70-8b5d-a44521d9ed32","local_time":"20210129163634","is_ascension_mode":true,"campfire_choices":[{"data":"Defragment","floor":6.0,"key":"SMITH"},{"data":"Glacier","floor":8.0,"key":"SMITH"},{"floor":15.0,"key":"REST"},{"floor":24.0,"key":"REST"},{"data":"Consume","floor":32.0,"key":"SMITH"},{"data":"Rainbow","floor":41,"key":"SMITH"},{"data":"Reinforced Body","floor":46,"key":"SMITH"},{"floor":49,"key":"RECALL"}],"circlet_count":0,"master_deck":["AscendersBane","Strike_B+1","Strike_B+1","Defend_B+1","Defend_B+1","Defend_B+1","Zap+1","Dualcast+1","Genetic Algorithm+1","Go for the Eyes+1","Barrage+1","Rip and Tear+1","Cold Snap+1","Conserve Battery+1","Defragment+1","Glacier+1","Undo+1","Compile Driver+1","Capacitor+1","Capacitor+1","Electrodynamics+1","Static Discharge+1","Ghostly+1","Ghostly+1","Ghostly+1","FTL+1","Core Surge+1","Defragment+1","Loop+1","Consume+1","Rainbow+1","Coolheaded+1","Compile Driver+1","Machine Learning+1","Reinforced Body+1"],"relics":["Astrolabe","Golden Idol","MealTicket","Kunai","Omamori","Molten Egg 2","Philosopher\u0027s Stone","Strawberry","Vajra","Darkstone Periapt","Oddly Smooth Stone","Cables","HornCleat","ClockworkSouvenir","Coffee Dripper","War Paint","Mark of the Bloom","Sundial","Gambling Chip"],"acts_visited":["Exordium","TheCity","TheBeyond","TheEnding"],"potions_floor_usage":[33,38,40,45,50],"damage_taken":[{"damage":9.0,"enemies":"Jaw Worm","floor":1.0,"turns":4.0},{"damage":12.0,"enemies":"Small Slimes","floor":3.0,"turns":3.0},{"damage":0.0,"enemies":"Cultist","floor":4.0,"turns":4.0},{"damage":8.0,"enemies":"3 Sentries","floor":7.0,"turns":9.0},{"damage":0.0,"enemies":"Blue Slaver","floor":10.0,"turns":3.0},{"damage":3.0,"enemies":"Large Slime","floor":11.0,"turns":5.0},{"damage":0.0,"enemies":"Lagavulin","floor":12.0,"turns":8.0},{"damage":4.0,"enemies":"Red Slaver","floor":13.0,"turns":4.0},{"damage":3.0,"enemies":"3 Sentries","floor":14.0,"turns":9.0},{"damage":20.0,"enemies":"Hexaghost","floor":16.0,"turns":11.0},{"damage":2.0,"enemies":"Spheric Guardian","floor":18.0,"turns":5.0},{"damage":28.0,"enemies":"Gremlin Leader","floor":23.0,"turns":8.0},{"damage":10.0,"enemies":"Book of Stabbing","floor":25.0,"turns":4.0},{"damage":0.0,"enemies":"2 Thieves","floor":29.0,"turns":4.0},{"damage":0.0,"enemies":"Snecko","floor":30.0,"turns":6.0},{"damage":0,"enemies":"Collector","floor":33,"turns":8},{"damage":6,"enemies":"Orb Walker","floor":35,"turns":4},{"damage":0,"enemies":"3 Shapes","floor":37,"turns":6},{"damage":0,"enemies":"Maw","floor":38,"turns":7},{"damage":6,"enemies":"Nemesis","floor":40,"turns":11},{"damage":4,"enemies":"4 Shapes","floor":44,"turns":3},{"damage":0,"enemies":"Reptomancer","floor":45,"turns":6},{"damage":0,"enemies":"Writhing Mass","floor":48,"turns":6},{"damage":17,"enemies":"Donu and Deca","floor":50,"turns":7},{"damage":7,"enemies":"Awakened One","floor":51,"turns":10},{"damage":16,"enemies":"Shield and Spear","floor":55,"turns":1}],"seed_played":"-5756040371929931555","potions_obtained":[{"floor":1.0,"key":"BlessingOfTheForge"},{"floor":7.0,"key":"PotionOfCapacity"},{"floor":13.0,"key":"SpeedPotion"},{"floor":14.0,"key":"Energy Potion"},{"floor":18.0,"key":"SkillPotion"},{"floor":23.0,"key":"LiquidBronze"},{"floor":30.0,"key":"ColorlessPotion"},{"floor":36,"key":"GamblersBrew"},{"floor":36,"key":"ColorlessPotion"},{"floor":44,"key":"AttackPotion"},{"floor":48,"key":"ColorlessPotion"}],"is_trial":false,"path_per_floor":["M","$","M","M","?","R","E","R","T","M","M","E","M","E","R","B",null,"M","?","?","$","T","E","R","E","T","?","$","M","M","?","R","B",null,"M","?","M","M","?","E","R","?","T","M","E","R","$","M","R","B","B",null,"R","$","E"],"character_chosen":"DEFECT","items_purchased":["Cold Snap","Strawberry","Fruit Juice","ClockworkSouvenir","Gambling Chip"],"campfire_rested":2,"item_purchase_floors":[2,21,21,28,47],"current_hp_per_floor":[55,55,43,43,43,43,35,35,35,35,32,32,28,25,44,24,54,52,32,32,44,44,16,29,19,19,19,34,34,34,34,34,34,42,36,36,36,36,44,38,38,38,38,34,34,34,34,34,34,17,10,10,10,10,0,0],"gold":36,"neow_bonus":"BOSS_RELIC","is_daily":false,"chose_seed":false,"campfire_upgraded":5,"win_rate":0.0,"timestamp":1611956194,"path_taken":["M","$","M","M","?","R","E","R","T","M","M","E","M","E","R","BOSS","M","?","?","$","?","E","R","E","T","?","$","M","?","?","R","BOSS","M","?","?","M","?","E","R","?","T","M","E","R","$","M","R","BOSS","BOSS","R","$","E"],"items_purchased_type":["Card","Relic","Potion","Relic","Relic"],"build_version":"2020-12-22","purchased_purges":0,"victory":false,"max_hp_per_floor":[71,71,71,71,64,64,64,64,64,64,64,64,64,64,64,64,64,64,32,32,44,44,44,44,44,44,44,44,44,44,44,44,44,44,44,44,44,44,44,44,44,44,44,44,44,44,44,44,44,44,44,44,44,44,44,44],"relic_stats":{"Darkstone Periapt":0,"Mark of the Bloom":56,"counters":[26,155],"Golden Idol":168,"Sundial":[2],"Astrolabe":["Genetic Algorithm","Go for the Eyes","Barrage"],"Gambling Chip":[13],"MealTicket":15,"Kunai":[21],"War Paint":["Defend_B","Conserve Battery"],"obtain_stats":[{"Darkstone Periapt":23,"Mark of the Bloom":42,"Golden Idol":5,"Astrolabe":0,"Vajra":22,"Oddly Smooth Stone":25,"Omamori":12,"War Paint":40,"Cables":26,"ClockworkSouvenir":28,"HornCleat":27,"Sundial":45,"Strawberry":21,"Gambling Chip":47,"MealTicket":7,"Molten Egg 2":14,"Philosopher\u0027s Stone":17,"Coffee Dripper":34,"Kunai":9,"Cracked Core":0},{"Darkstone Periapt":12,"Mark of the Bloom":20,"Golden Idol":3,"Astrolabe":0,"Vajra":11,"Oddly Smooth Stone":13,"Omamori":7,"War Paint":20,"Cables":13,"ClockworkSouvenir":13,"HornCleat":13,"Sundial":22,"Strawberry":11,"Gambling Chip":22,"MealTicket":4,"Molten Egg 2":9,"Philosopher\u0027s Stone":10,"Coffee Dripper":16,"Kunai":4,"Cracked Core":0},{"Darkstone Periapt":73,"Mark of the Bloom":122,"Golden Idol":11,"Astrolabe":0,"Vajra":65,"Oddly Smooth Stone":77,"Omamori":36,"War Paint":122,"Cables":77,"ClockworkSouvenir":77,"HornCleat":77,"Sundial":131,"Strawberry":65,"Gambling Chip":131,"MealTicket":20,"Molten Egg 2":49,"Philosopher\u0027s Stone":60,"Coffee Dripper":94,"Kunai":20,"Cracked Core":0}],"Cables":[66,47,16,1,2]},"card_choices":[{"not_picked":["Recycle","Stack"],"picked":"Rip and Tear","floor":1.0},{"not_picked":["Cold Snap","Beam Cell"],"picked":"Conserve Battery","floor":3.0},{"not_picked":["Force Field","Coolheaded"],"picked":"Defragment","floor":4.0},{"not_picked":["Blizzard","Aggregate"],"picked":"Glacier","floor":7.0},{"not_picked":["Streamline","Storm","Stack"],"picked":"SKIP","floor":10.0},{"not_picked":["Beam Cell","Machine Learning"],"picked":"Undo","floor":11.0},{"not_picked":["Barrage","Amplify"],"picked":"Compile Driver","floor":12.0},{"not_picked":["Hologram","Coolheaded"],"picked":"Capacitor","floor":13.0},{"not_picked":["Hello World","Double Energy"],"picked":"Capacitor","floor":14.0},{"not_picked":["Biased Cognition","Core Surge+1"],"picked":"Electrodynamics","floor":16.0},{"not_picked":["Heatsinks","Hologram"],"picked":"Static Discharge","floor":18.0},{"not_picked":["Static Discharge","Storm"],"picked":"FTL+1","floor":23.0},{"not_picked":["Genetic Algorithm","Hologram"],"picked":"Core Surge+1","floor":25.0},{"not_picked":["Rebound+1","Stack"],"picked":"Defragment","floor":29.0},{"not_picked":["Gash+1","Turbo"],"picked":"Loop+1","floor":30.0},{"not_picked":["Fission","Core Surge+1"],"picked":"Rainbow","floor":33},{"not_picked":["Stack+1","Auto Shields+1"],"picked":"Coolheaded","floor":35},{"not_picked":["Sweeping Beam+1","Go for the Eyes+1"],"picked":"Compile Driver+1","floor":37},{"not_picked":["Streamline+1","Lockon+1","Reprogram"],"picked":"SKIP","floor":38},{"not_picked":["Sweeping Beam+1","Turbo"],"picked":"Machine Learning","floor":40},{"not_picked":["Barrage+1","Leap"],"picked":"Reinforced Body","floor":44},{"not_picked":["Conserve Battery+1","Go for the Eyes+1","Creative AI"],"picked":"SKIP","floor":45},{"not_picked":["Hologram","Go for the Eyes+1","Steam+1"],"picked":"SKIP","floor":48}],"player_experience":1423958,"relics_obtained":[{"floor":7.0,"key":"MealTicket"},{"floor":9.0,"key":"Kunai"},{"floor":12.0,"key":"Omamori"},{"floor":14.0,"key":"Molten Egg 2"},{"floor":22.0,"key":"Vajra"},{"floor":23.0,"key":"Darkstone Periapt"},{"floor":25.0,"key":"Oddly Smooth Stone"},{"floor":26.0,"key":"Cables"},{"floor":40,"key":"War Paint"},{"floor":45,"key":"Sundial"}],"event_choices":[{"damage_healed":0.0,"max_hp_gain":0.0,"max_hp_loss":7.0,"gold_gain":0.0,"event_name":"Golden Idol","player_choice":"Lose Max HP","floor":5.0,"gold_loss":0.0,"damage_taken":0.0,"relics_obtained":["Golden Idol"]},{"damage_healed":0.0,"max_hp_gain":0.0,"max_hp_loss":32.0,"gold_gain":0.0,"event_name":"Ghosts","player_choice":"Became a Ghost","floor":19.0,"gold_loss":0.0,"damage_taken":0.0,"cards_obtained":["Ghostly","Ghostly","Ghostly"]},{"damage_healed":0.0,"max_hp_gain":0.0,"max_hp_loss":0.0,"gold_gain":0.0,"event_name":"Vampires","player_choice":"Ignored","floor":20.0,"gold_loss":0.0,"damage_taken":0.0},{"damage_healed":0.0,"max_hp_gain":0.0,"max_hp_loss":0.0,"gold_gain":0.0,"event_name":"Addict","player_choice":"Stole Relic","floor":27.0,"gold_loss":0.0,"damage_taken":0.0,"relics_obtained":["HornCleat"],"cards_obtained":["Shame"]},{"damage_healed":0.0,"max_hp_gain":0.0,"max_hp_loss":0.0,"gold_gain":0.0,"event_name":"The Library","player_choice":"Read","floor":31.0,"gold_loss":0.0,"damage_taken":0.0,"cards_obtained":["Consume"]},{"damage_healed":0,"gold_gain":0,"player_choice":"Got Potions","damage_taken":0,"max_hp_gain":0,"max_hp_loss":0,"event_name":"Lab","floor":36,"gold_loss":0},{"damage_healed":9,"gold_gain":0,"player_choice":"Writhe","damage_taken":0,"max_hp_gain":0,"max_hp_loss":0,"event_name":"Winding Halls","floor":39,"gold_loss":0,"cards_obtained":["Writhe"]},{"damage_healed":0,"gold_gain":0,"player_choice":"Upgrade","damage_taken":0,"relics_obtained":["Mark of the Bloom"],"max_hp_gain":0,"max_hp_loss":0,"event_name":"MindBloom","floor":42,"gold_loss":0,"cards_upgraded":["Strike_B","Strike_B","Defend_B","Defend_B","Zap","Dualcast","Rip and Tear","Cold Snap","Undo","Compile Driver","Capacitor","Capacitor","Electrodynamics","Static Discharge","Ghostly","Ghostly","Ghostly","Defragment","Coolheaded","Machine Learning"]}],"is_beta":false,"boss_relics":[{"not_picked":["Velvet Choker","SlaversCollar"],"picked":"Philosopher\u0027s Stone"},{"not_picked":["Nuclear Battery","Fusion Hammer"],"picked":"Coffee Dripper"}],"items_purged_floors":[],"is_endless":false,"potions_floor_spawned":[1,7,11,13,14,18,23,30,37,44,48],"killed_by":"Shield and Spear","ascension_level":20}}