{"host":"pi8b3ffzwvxqztac","time":1611949723,"event":{"mods":["BaseMod","Colored Map","Downfall","Minty Spire (QoL Compilation)","StSLib"],"gold_per_floor":[99,112,127,127,127,159,159,169,200,259,271,271,271],"floor_reached":11,"language":"ENG","playtime":615,"items_purged":[],"score":105,"play_id":"d88f4c7b-6e53-4903-bdd4-aa092ac9f790","local_time":"20210130084843","is_ascension_mode":true,"campfire_choices":[{"floor":1,"key":"RECALL"}],"circlet_count":0,"master_deck":["bronze:Strike","bronze:Strike","bronze:Strike","bronze:Defend","bronze:Defend","bronze:Defend","bronze:Defend","bronze:Replicate","bronze:Goto","bronze:ThunderWave","bronze:Repair","bronze:Flail","bronze:DelayedSlice","bronze:WhirlingStrike","bronze:GetLatest","bronze:HardenedForm"],"relics":["bronze:BronzeCore","Strawberry","bronze:BottledCode","Pear","Unceasing Top","sneckomod:BlankCard","MawBank"],"acts_visited":["Exordium"],"potions_floor_usage":[10,11,11],"damage_taken":[{"damage":0,"enemies":"Small Slimes","floor":2,"turns":3},{"damage":0,"enemies":"2 Louse","floor":3,"turns":5},{"damage":16,"enemies":"3 Sentries","floor":6,"turns":5},{"damage":2,"enemies":"Jaw Worm","floor":8,"turns":4},{"damage":37,"enemies":"Lagavulin","floor":9,"turns":7},{"damage":47,"enemies":"Lagavulin Event","floor":10,"turns":7},{"damage":15,"enemies":"Gremlin Nob","floor":11,"turns":2}],"seed_played":"5931334181283714589","potions_obtained":[{"floor":2,"key":"Energy Potion"},{"floor":3,"key":"ColorlessPotion"},{"floor":9,"key":"SpeedPotion"}],"is_trial":false,"path_per_floor":["R","M","M","?","?","E","T","M","E","?","E"],"character_chosen":"THE_AUTOMATON","items_purchased":[],"campfire_rested":0,"item_purchase_floors":[],"current_hp_per_floor":[63,63,70,70,67,68,68,73,43,3,0,0,0],"gold":271,"neow_bonus":"TRANSFORM_CARD","is_daily":false,"chose_seed":false,"campfire_upgraded":0,"win_rate":0.0,"timestamp":1611949723,"path_taken":["R","M","M","?","?","E","T","M","E","?","E"],"items_purchased_type":[],"build_version":"2020-12-22","purchased_purges":0,"victory":false,"max_hp_per_floor":[70,70,70,77,67,77,77,77,77,77,77,77,77],"card_choices":[{"not_picked":["bronze:MaxOutput","bronze:CloningBeam"],"picked":"bronze:Repair","floor":2},{"not_picked":["bronze:WildBeam","bronze:Overheat"],"picked":"bronze:Flail","floor":3},{"not_picked":["bronze:Frontload","bronze:ItsAFeature"],"picked":"bronze:DelayedSlice","floor":6},{"not_picked":["bronze:Shield","bronze:FineTuning"],"picked":"bronze:WhirlingStrike","floor":8},{"not_picked":["bronze:OilSpill","bronze:BitShift"],"picked":"bronze:GetLatest","floor":9},{"not_picked":["bronze:Optimize","bronze:Fortify"],"picked":"bronze:HardenedForm","floor":10}],"player_experience":663525,"relics_obtained":[{"floor":6,"key":"Pear"},{"floor":7,"key":"Unceasing Top"},{"floor":9,"key":"sneckomod:BlankCard"},{"floor":10,"key":"MawBank"}],"event_choices":[{"damage_healed":0,"gold_gain":0,"player_choice":"Success","damage_taken":7,"relics_obtained":["Strawberry"],"max_hp_gain":0,"max_hp_loss":0,"event_name":"Scrap Ooze","floor":4,"gold_loss":0}],"is_beta":false,"boss_relics":[],"items_purged_floors":[],"is_endless":false,"potions_floor_spawned":[2,3,9],"killed_by":"Gremlin Nob","ascension_level":6}}