{"host":"dvdvdvm357cut69v","time":1611939738,"event":{"mods":["BaseMod","Downfall","Minty Spire (QoL Compilation)","StSLib"],"gold_per_floor":[363,333,345,420,420,454,454,474,556,526,8,8,26,44,44,123,123,143,143,153,153,153,153,153],"floor_reached":23,"language":"ENG","playtime":640,"items_purged":["Guardian:Aged"],"score":312,"play_id":"71bf5496-e18a-41a1-a740-88dfb202f740","local_time":"20210129200218","is_ascension_mode":true,"campfire_choices":[{"floor":12,"key":"REST"},{"floor":15,"key":"REST"}],"circlet_count":0,"master_deck":["AscendersBane","Strike_B","Strike_B","Strike_B","Strike_B","Defend_B","Defend_B","Defend_B","Defend_B","Zap","Dualcast","Steam","Sweeping Beam","Beam Cell","Gash","Fission","Go for the Eyes","Self Repair","Leap","Self Repair","Streamline","Core Surge","Melter","Gash+1"],"relics":["Cracked Core","Turnip","Bottled Flame","Letter Opener","PreservedInsect","Medical Kit","Velvet Choker","Dream Catcher"],"acts_visited":["Exordium","TheCity"],"potions_floor_usage":[6,8,16,18,23],"damage_taken":[{"damage":8,"enemies":"2 Louse","floor":1,"turns":3},{"damage":0,"enemies":"Cultist","floor":3,"turns":3},{"damage":39,"enemies":"Lagavulin","floor":6,"turns":9},{"damage":0,"enemies":"Jaw Worm","floor":8,"turns":2},{"damage":7,"enemies":"Looter","floor":10,"turns":4},{"damage":8,"enemies":"3 Louse","floor":13,"turns":2},{"damage":22,"enemies":"Exordium Wildlife","floor":14,"turns":6},{"damage":43,"enemies":"Hexaghost","floor":16,"turns":13},{"damage":2,"enemies":"Chosen","floor":18,"turns":4},{"damage":36,"enemies":"3 Byrds","floor":20,"turns":5},{"damage":33,"enemies":"Gremlin Leader","floor":23,"turns":5}],"seed_played":"-2841086051135867426","potions_obtained":[{"floor":2,"key":"AttackPotion"},{"floor":2,"key":"FairyPotion"},{"floor":6,"key":"EntropicBrew"},{"floor":14,"key":"Explosive Potion"},{"floor":20,"key":"Block Potion"}],"is_trial":false,"path_per_floor":["M","?","M","?","?","E","T","M","T","M","$","R","M","M","R","B",null,"M","?","M","T","?","E"],"character_chosen":"DEFECT","items_purchased":["Go for the Eyes","PreservedInsect","Medical Kit","Self Repair","Leap"],"campfire_rested":2,"item_purchase_floors":[11,11,11,11,11],"current_hp_per_floor":[60,60,60,49,49,10,10,10,10,3,3,25,17,31,53,24,62,74,74,45,45,31,0,0],"gold":153,"neow_bonus":"TWO_FIFTY_GOLD","is_daily":false,"chose_seed":false,"campfire_upgraded":0,"win_rate":0.0,"timestamp":1611939738,"path_taken":["M","?","?","?","?","E","?","M","T","M","$","R","M","M","R","BOSS","M","?","M","?","?","E"],"items_purchased_type":["Card","Relic","Relic","Card","Card"],"build_version":"2020-12-13","purchased_purges":1,"victory":false,"max_hp_per_floor":[75,75,75,75,75,75,75,75,75,75,75,75,75,75,75,75,75,75,75,75,75,80,80,80],"card_choices":[{"not_picked":["Recycle","Conserve Battery"],"picked":"Steam","floor":1},{"not_picked":["Steam Power","Beam Cell"],"picked":"Sweeping Beam","floor":3},{"not_picked":["Blizzard","Tempest"],"picked":"Beam Cell","floor":6},{"not_picked":["Coolheaded","Undo"],"picked":"Gash","floor":8},{"not_picked":["Genetic Algorithm","Leap"],"picked":"Fission","floor":10},{"not_picked":["Gash","Rebound"],"picked":"Self Repair","floor":13},{"not_picked":["Gash","Steam"],"picked":"Streamline","floor":14},{"not_picked":["Creative AI","Multi-Cast"],"picked":"Core Surge","floor":16},{"not_picked":["Darkness","Conserve Battery"],"picked":"Melter","floor":18},{"not_picked":["Streamline+1","Consume+1"],"picked":"Gash+1","floor":20}],"player_experience":105971,"relics_obtained":[{"floor":6,"key":"Turnip"},{"floor":7,"key":"Bottled Flame"},{"floor":9,"key":"Letter Opener"},{"floor":21,"key":"Dream Catcher"}],"event_choices":[{"damage_healed":0,"gold_gain":0,"player_choice":"Bought 2 Potions","damage_taken":0,"max_hp_gain":0,"max_hp_loss":0,"event_name":"The Woman in Blue","floor":2,"gold_loss":0},{"damage_healed":0,"gold_gain":75,"player_choice":"Gather Gold","damage_taken":11,"max_hp_gain":0,"max_hp_loss":0,"event_name":"World of Goop","floor":4,"gold_loss":0},{"damage_healed":0,"gold_gain":0,"player_choice":"Ignored","damage_taken":0,"max_hp_gain":0,"max_hp_loss":0,"event_name":"Golden Wing","floor":5,"gold_loss":0},{"damage_healed":0,"gold_gain":0,"player_choice":"Ignored","damage_taken":0,"max_hp_gain":0,"max_hp_loss":0,"event_name":"Ghosts","floor":19,"gold_loss":0},{"damage_healed":0,"gold_gain":0,"player_choice":"Shed Blood","damage_taken":19,"max_hp_gain":5,"max_hp_loss":0,"event_name":"Forgotten Altar","floor":22,"gold_loss":0}],"is_beta":false,"boss_relics":[{"not_picked":["Coffee Dripper","FrozenCore"],"picked":"Velvet Choker"}],"items_purged_floors":[11],"is_endless":false,"potions_floor_spawned":[6,8,13,14,20],"killed_by":"Gremlin Leader","ascension_level":13}}