{"host":"zk71suw73lg2r165","time":1611884658,"event":{"mods":["BaseMod","Colored Map","Minty Spire (QoL Compilation)","Permanent Neow","Relic Stats","StSLib"],"gold_per_floor":[116,133,58,72,88,88,118,118,118,149,299,299,233,72,72,168,168,187,207,207,207,207],"floor_reached":21,"language":"ENG","playtime":554,"items_purged":["Doubt"],"score":424,"play_id":"e665a7cb-051b-4dd8-91b2-f1aabcb1d99b","local_time":"20210128204418","is_ascension_mode":true,"campfire_choices":[{"data":"Darkness","floor":6.0,"key":"SMITH"},{"data":"Coolheaded","floor":8.0,"key":"SMITH"},{"floor":15,"key":"REST"}],"circlet_count":0,"master_deck":["AscendersBane","Strike_B","Strike_B","Strike_B","Defend_B","Defend_B","Defend_B","Defend_B","Zap","Dualcast","Darkness+1","Coolheaded+1","Auto Shields","Reinforced Body","Turbo","Echo Form","Creative AI","Sunder","Pain"],"relics":["Velvet Choker","Question Card","Toxic Egg 2","Letter Opener","Golden Idol","Black Star","WarpedTongs"],"acts_visited":["Exordium","TheCity"],"potions_floor_usage":[10],"damage_taken":[{"damage":4.0,"enemies":"Small Slimes","floor":1.0,"turns":4.0},{"damage":1.0,"enemies":"2 Louse","floor":2.0,"turns":3.0},{"damage":7.0,"enemies":"Jaw Worm","floor":4.0,"turns":3.0},{"damage":17.0,"enemies":"2 Fungi Beasts","floor":5.0,"turns":4.0},{"damage":0.0,"enemies":"Lagavulin","floor":7.0,"turns":7.0},{"damage":33,"enemies":"Gremlin Nob","floor":10,"turns":4},{"damage":15,"enemies":"Hexaghost","floor":16,"turns":9},{"damage":30,"enemies":"Spheric Guardian","floor":18,"turns":8},{"damage":13,"enemies":"Chosen","floor":19,"turns":7},{"damage":0,"enemies":"Shelled Parasite and Fungi","floor":21,"turns":1}],"seed_played":"-8498041627069224125","potions_obtained":[{"floor":1.0,"key":"Dexterity Potion"},{"floor":7.0,"key":"SpeedPotion"}],"is_trial":false,"path_per_floor":["M","M","?","M","M","R","E","R","T","E","?","?","?","$","R","B",null,"M","M","?","M"],"character_chosen":"DEFECT","items_purchased":["LiquidBronze"],"campfire_rested":1,"item_purchase_floors":[14],"current_hp_per_floor":[60,59,59,52,35,35,35,35,35,2,2,2,2,2,21,6,50,20,7,7,7,7],"gold":207,"neow_bonus":"BOSS_RELIC","is_daily":false,"chose_seed":false,"campfire_upgraded":2,"win_rate":0.0,"timestamp":1611884658,"path_taken":["M","M","?","M","M","R","E","R","T","E","?","?","?","$","R","BOSS","M","M","?","?"],"items_purchased_type":["Potion"],"build_version":"2020-12-22","purchased_purges":1,"victory":false,"max_hp_per_floor":[71,71,71,71,71,71,71,71,71,71,71,64,64,64,64,64,64,64,64,64,64,64],"relic_stats":{"counters":[10,49],"Golden Idol":27,"Black Star":0,"Letter Opener":[44],"Question Card":4,"obtain_stats":[{"Golden Idol":12,"Velvet Choker":0,"Black Star":17,"Letter Opener":10,"Toxic Egg 2":9,"Cracked Core":0,"Question Card":7,"WarpedTongs":20},{"Golden Idol":6,"Velvet Choker":0,"Black Star":7,"Letter Opener":6,"Toxic Egg 2":5,"Cracked Core":0,"Question Card":5,"WarpedTongs":9},{"Golden Idol":25,"Velvet Choker":0,"Black Star":34,"Letter Opener":25,"Toxic Egg 2":21,"Cracked Core":0,"Question Card":21,"WarpedTongs":49}],"WarpedTongs":[0]},"card_choices":[{"not_picked":["Storm","Redo"],"picked":"Darkness","floor":1.0},{"not_picked":["Beam Cell","Gash"],"picked":"Coolheaded","floor":2.0},{"not_picked":["Leap","Beam Cell"],"picked":"Auto Shields","floor":4.0},{"not_picked":["Stack","Self Repair"],"picked":"Reinforced Body","floor":5.0},{"not_picked":["Cold Snap","Amplify"],"picked":"Turbo","floor":7.0},{"not_picked":["White Noise+1","Auto Shields+1","Sweeping Beam"],"picked":"Echo Form","floor":10},{"not_picked":["Rainbow+1","Hyperbeam","Machine Learning"],"picked":"Creative AI","floor":16},{"not_picked":["Barrage","Ball Lightning","Cold Snap+1"],"picked":"Sunder","floor":18},{"not_picked":["Barrage","Coolheaded+1","Heatsinks+1","Stack+1"],"picked":"SKIP","floor":19}],"player_experience":1407129,"relics_obtained":[{"floor":7.0,"key":"Question Card"},{"floor":9.0,"key":"Toxic Egg 2"},{"floor":10,"key":"Letter Opener"}],"event_choices":[{"cards_removed":["Strike_B"],"damage_healed":0.0,"max_hp_gain":0.0,"max_hp_loss":0.0,"gold_gain":0.0,"event_name":"The Cleric","player_choice":"Card Removal","floor":3.0,"gold_loss":75.0,"damage_taken":0.0},{"damage_healed":0,"gold_gain":150,"player_choice":"AGREE","damage_taken":0,"max_hp_gain":0,"max_hp_loss":0,"event_name":"Liars Game","floor":11,"gold_loss":0,"cards_obtained":["Doubt"]},{"damage_healed":0,"gold_gain":0,"player_choice":"Lose Max HP","damage_taken":0,"relics_obtained":["Golden Idol"],"max_hp_gain":0,"max_hp_loss":7,"event_name":"Golden Idol","floor":12,"gold_loss":0},{"damage_healed":0,"gold_gain":0,"player_choice":"Left Gold","damage_taken":0,"max_hp_gain":0,"max_hp_loss":0,"event_name":"World of Goop","floor":13,"gold_loss":66},{"damage_healed":0,"gold_gain":0,"player_choice":"Rummage","damage_taken":0,"relics_obtained":["WarpedTongs"],"max_hp_gain":0,"max_hp_loss":0,"event_name":"Accursed Blacksmith","floor":20,"gold_loss":0,"cards_obtained":["Pain"]}],"is_beta":false,"boss_relics":[{"not_picked":["SlaversCollar","Cursed Key"],"picked":"Black Star"}],"items_purged_floors":[14],"is_endless":false,"potions_floor_spawned":[1,7,19],"killed_by":"Shelled Parasite and Fungi","ascension_level":20}}