{"host":"2qstd83ou5jzlfqv","time":1611914897,"event":{"mods":["BaseMod","Colored Powertips","Minty Spire (QoL Compilation)","Relic Stats"],"gold_per_floor":[113,113,113,131,56,56,69,96,96,129,129,144,169,181,181,283,283,298,314,35,46,58,58,78,110,133,133,164,180,6,22,22,120,120,138,138,138,98,98,129,129,149,149,149,167,199,199,209,209,209],"floor_reached":51,"language":"ENG","playtime":4635,"items_purged":["Parasite","Strike_B"],"score":990,"play_id":"f4081322-b1d2-4951-9f2b-ec6bcba54bb7","local_time":"20210129020817","is_ascension_mode":true,"campfire_choices":[{"data":"FTL","floor":6,"key":"SMITH"},{"data":"Consume","floor":11,"key":"SMITH"},{"floor":15,"key":"REST"},{"data":"Glacier","floor":23,"key":"SMITH"},{"floor":27,"key":"REST"},{"floor":32,"key":"REST"},{"floor":41,"key":"REST"},{"data":"Echo Form","floor":44,"key":"SMITH"},{"data":"1","floor":47,"key":"LIFT"},{"floor":49,"key":"REST"}],"circlet_count":0,"master_deck":["Strike_B","Strike_B","Defend_B","Defend_B","Defend_B","Defend_B","Zap","Dualcast","Clumsy","Coolheaded+1","Melter","FTL+1","Consume+1","Seek","Cold Snap","Undo","Cold Snap","Machine Learning","White Noise","Turbo+1","BootSequence","Leap","Go for the Eyes+1","Glacier+1","Conserve Battery+1","Echo Form+1","Writhe","Beam Cell+1","Rebound+1","Defragment","Sunder+1","All For One+1","Go for the Eyes+1","Reinforced Body+1","Go for the Eyes+1","Streamline+1","Parasite","Beam Cell+1","Gash+1","Gash+1","Gash+1"],"relics":["FrozenCore","Emotion Chip","Girya","Prayer Wheel","Regal Pillow","Bag of Marbles","Cursed Key","Bottled Lightning","Ginger","Orichalcum","Molten Egg 2","Centennial Puzzle","StrikeDummy","Darkstone Periapt"],"acts_visited":["Exordium","TheCity","TheBeyond"],"potions_floor_usage":[8,10,10,16,25,28,28,33,33,40,46,48,50,50],"damage_taken":[{"damage":0,"enemies":"2 Louse","floor":1,"turns":1},{"damage":4,"enemies":"Jaw Worm","floor":4,"turns":4},{"damage":0,"enemies":"Cultist","floor":7,"turns":3},{"damage":7,"enemies":"3 Sentries","floor":8,"turns":6},{"damage":14,"enemies":"Lagavulin","floor":10,"turns":9},{"damage":14,"enemies":"Lots of Slimes","floor":12,"turns":3},{"damage":6,"enemies":"Gremlin Nob","floor":13,"turns":5},{"damage":9,"enemies":"Red Slaver","floor":14,"turns":2},{"damage":31,"enemies":"Hexaghost","floor":16,"turns":15},{"damage":2,"enemies":"Shell Parasite","floor":18,"turns":4},{"damage":0,"enemies":"Chosen","floor":19,"turns":6},{"damage":7,"enemies":"Shelled Parasite and Fungi","floor":21,"turns":7},{"damage":3,"enemies":"Snake Plant","floor":22,"turns":5},{"damage":5,"enemies":"Snecko","floor":24,"turns":7},{"damage":24,"enemies":"Slavers","floor":25,"turns":12},{"damage":19,"enemies":"Book of Stabbing","floor":28,"turns":12},{"damage":0,"enemies":"Centurion and Healer","floor":29,"turns":10},{"damage":3,"enemies":"Chosen and Byrds","floor":31,"turns":6},{"damage":5,"enemies":"Champ","floor":33,"turns":14},{"damage":0,"enemies":"Orb Walker","floor":35,"turns":4},{"damage":75,"enemies":"Reptomancer","floor":40,"turns":11},{"damage":1,"enemies":"3 Darklings","floor":42,"turns":7},{"damage":0,"enemies":"Spire Growth","floor":45,"turns":7},{"damage":0,"enemies":"Giant Head","floor":46,"turns":11},{"damage":4,"enemies":"Transient","floor":48,"turns":5},{"damage":34,"enemies":"Time Eater","floor":50,"turns":15}],"seed_played":"3682921145558930544","potions_obtained":[{"floor":4,"key":"SkillPotion"},{"floor":7,"key":"Fire Potion"},{"floor":8,"key":"SpeedPotion"},{"floor":12,"key":"LiquidMemories"},{"floor":18,"key":"Weak Potion"},{"floor":22,"key":"EntropicBrew"},{"floor":28,"key":"SkillPotion"},{"floor":33,"key":"Regen Potion"},{"floor":35,"key":"FearPotion"},{"floor":40,"key":"DistilledChaos"},{"floor":46,"key":"ColorlessPotion"}],"is_trial":false,"path_per_floor":["M","?","?","M","$","R","M","E","T","E","R","M","E","M","R","B",null,"M","M","$","M","M","R","M","E","T","R","E","M","$","M","R","B",null,"M","?","?","?","$","E","R","M","T","R","M","E","R","M","R","B",null],"character_chosen":"DEFECT","items_purchased":["Leap","Bottled Lightning","Defragment"],"campfire_rested":5,"item_purchase_floors":[20,20,30],"current_hp_per_floor":[68,68,68,64,64,64,64,57,57,43,43,29,23,14,50,19,59,57,57,57,50,47,47,42,18,18,54,35,35,35,32,68,63,70,70,70,70,70,70,10,46,45,45,45,45,45,45,41,72,38],"gold":209,"neow_bonus":"ONE_RARE_RELIC","is_daily":false,"chose_seed":false,"campfire_upgraded":4,"win_rate":0.0,"timestamp":1611914897,"path_taken":["M","?","?","M","$","R","M","E","T","E","R","M","E","?","R","BOSS","M","M","?","?","M","R","M","E","T","R","E","?","$","M","R","BOSS","M","?","?","?","$","E","R","M","T","R","M","E","R","M","R","BOSS"],"items_purchased_type":["Card","Relic","Card"],"build_version":"2020-12-22","purchased_purges":2,"victory":true,"max_hp_per_floor":[75,75,75,75,72,72,72,72,72,72,72,72,72,72,72,72,72,72,72,72,72,72,72,72,72,72,72,72,72,72,72,72,72,72,72,72,72,72,72,72,72,72,72,72,72,72,72,72,72,72],"relic_stats":{"Darkstone Periapt":0,"Emotion Chip":[77,30,47,0,0],"Regal Pillow":70,"Centennial Puzzle":[9],"counters":[26,191],"Prayer Wheel":13,"Ginger":[14],"Orichalcum":[72],"Cursed Key":2,"obtain_stats":[{"Darkstone Periapt":46,"Girya":8,"Regal Pillow":10,"Ginger":25,"Orichalcum":26,"Cursed Key":17,"FrozenCore":34,"Emotion Chip":0,"Centennial Puzzle":40,"Prayer Wheel":9,"Molten Egg 2":28,"Bag of Marbles":13,"Bottled Lightning":20,"Cracked Core":0,"StrikeDummy":43},{"Darkstone Periapt":24,"Girya":4,"Regal Pillow":5,"Ginger":15,"Orichalcum":15,"Cursed Key":9,"FrozenCore":19,"Emotion Chip":0,"Centennial Puzzle":21,"Prayer Wheel":4,"Molten Egg 2":16,"Bag of Marbles":7,"Bottled Lightning":11,"Cracked Core":0,"StrikeDummy":22},{"Darkstone Periapt":171,"Girya":14,"Regal Pillow":23,"Ginger":89,"Orichalcum":89,"Cursed Key":48,"FrozenCore":131,"Emotion Chip":0,"Centennial Puzzle":146,"Prayer Wheel":14,"Molten Egg 2":101,"Bag of Marbles":31,"Bottled Lightning":58,"Cracked Core":0,"StrikeDummy":153}],"FrozenCore":[15]},"card_choices":[{"not_picked":["Stack","Chill"],"picked":"Coolheaded","floor":1},{"not_picked":["Rip and Tear","Steam Power"],"picked":"FTL","floor":4},{"not_picked":["Ball Lightning","Steam"],"picked":"Consume","floor":7},{"not_picked":["Double Energy","Streamline"],"picked":"Seek","floor":8},{"not_picked":["Steam","Ball Lightning"],"picked":"Cold Snap","floor":10},{"not_picked":["Coolheaded","Melter"],"picked":"Undo","floor":12},{"not_picked":["Hologram","Go for the Eyes"],"picked":"Cold Snap","floor":12},{"not_picked":["Hologram","Sunder"],"picked":"Machine Learning","floor":13},{"not_picked":["Chaos","Stack"],"picked":"White Noise","floor":14},{"not_picked":["Compile Driver","Scrape","Streamline"],"picked":"SKIP","floor":14},{"not_picked":["Seek","Electrodynamics"],"picked":"Echo Form","floor":16},{"not_picked":["Redo","Rebound"],"picked":"Turbo","floor":18},{"not_picked":["Genetic Algorithm","Rebound"],"picked":"BootSequence","floor":18},{"not_picked":["Thunder Strike","Steam","Ball Lightning"],"picked":"SKIP","floor":19},{"not_picked":["Sweeping Beam","Hello World","Rebound"],"picked":"SKIP","floor":19},{"not_picked":["Tempest","Ball Lightning"],"picked":"Go for the Eyes+1","floor":21},{"not_picked":["Auto Shields","Sweeping Beam","Heatsinks+1"],"picked":"SKIP","floor":21},{"not_picked":["Leap+1","Ball Lightning"],"picked":"Glacier","floor":22},{"not_picked":["Hologram","Beam Cell","Rip and Tear"],"picked":"SKIP","floor":22},{"not_picked":["Ball Lightning","Barrage"],"picked":"Conserve Battery+1","floor":24},{"not_picked":["Gash","Rebound"],"picked":"Echo Form","floor":24},{"not_picked":["Go for the Eyes","Chaos","Compile Driver+1"],"picked":"SKIP","floor":25},{"not_picked":["Lockon+1","Leap"],"picked":"Beam Cell+1","floor":28},{"not_picked":["Cold Snap+1","Compile Driver+1"],"picked":"Rebound+1","floor":29},{"not_picked":["Biased Cognition","Steam","Rebound+1"],"picked":"SKIP","floor":29},{"not_picked":["Hologram","Double Energy"],"picked":"Sunder+1","floor":31},{"not_picked":["Stack","Chaos","Skim"],"picked":"SKIP","floor":31},{"not_picked":["Buffer","Meteor Strike+1"],"picked":"All For One+1","floor":33},{"not_picked":["White Noise+1","Coolheaded"],"picked":"Go for the Eyes+1","floor":35},{"not_picked":["Leap","Steam Power+1"],"picked":"Reinforced Body+1","floor":35},{"not_picked":["Darkness","Turbo"],"picked":"Go for the Eyes+1","floor":40},{"not_picked":["Aggregate+1","Beam Cell+1"],"picked":"Streamline+1","floor":42},{"not_picked":["Streamline+1","Amplify","Rebound+1"],"picked":"SKIP","floor":42},{"not_picked":["Heatsinks+1","Ball Lightning+1"],"picked":"Beam Cell+1","floor":45},{"not_picked":["Beam Cell+1","Ball Lightning+1"],"picked":"Gash+1","floor":45},{"not_picked":["Barrage+1","Go for the Eyes+1","Streamline+1"],"picked":"SKIP","floor":46},{"not_picked":["Consume+1","Coolheaded+1"],"picked":"Gash+1","floor":48},{"not_picked":["Rip and Tear+1","White Noise"],"picked":"Gash+1","floor":48}],"player_experience":390031,"relics_obtained":[{"floor":8,"key":"Girya"},{"floor":9,"key":"Prayer Wheel"},{"floor":10,"key":"Regal Pillow"},{"floor":13,"key":"Bag of Marbles"},{"floor":25,"key":"Ginger"},{"floor":26,"key":"Orichalcum"},{"floor":28,"key":"Molten Egg 2"},{"floor":40,"key":"Centennial Puzzle"},{"floor":43,"key":"StrikeDummy"},{"floor":46,"key":"Darkstone Periapt"}],"event_choices":[{"cards_removed":["Strike_B"],"damage_healed":0,"gold_gain":0,"player_choice":"Forget","damage_taken":0,"max_hp_gain":0,"max_hp_loss":0,"event_name":"Living Wall","floor":2,"gold_loss":0},{"damage_healed":0,"gold_gain":0,"player_choice":"2 cards matched","damage_taken":0,"max_hp_gain":0,"max_hp_loss":0,"event_name":"Match and Keep!","floor":3,"gold_loss":0,"cards_obtained":["Parasite","Melter"]},{"damage_healed":0,"gold_gain":0,"player_choice":"Ignored","damage_taken":0,"max_hp_gain":0,"max_hp_loss":0,"event_name":"Tomb of Lord Red Mask","floor":36,"gold_loss":0},{"cards_removed":["Echo Form"],"damage_healed":0,"gold_gain":0,"player_choice":"Removed Power","damage_taken":0,"max_hp_gain":0,"max_hp_loss":0,"event_name":"Falling","floor":37,"gold_loss":0},{"damage_healed":0,"gold_gain":0,"player_choice":"Upgraded Two","damage_taken":0,"max_hp_gain":0,"max_hp_loss":0,"event_name":"Designer","floor":38,"gold_loss":40,"cards_upgraded":["Turbo","Coolheaded"]}],"is_beta":false,"boss_relics":[{"not_picked":["Inserter","Calling Bell"],"picked":"Cursed Key"},{"not_picked":["Velvet Choker","Coffee Dripper"],"picked":"FrozenCore"}],"items_purged_floors":[5,30],"is_endless":false,"potions_floor_spawned":[4,7,8,12,18,22,28,33,35,40,45,46],"ascension_level":6}}