{"host":"nowlnq08cups5y6x","time":1611880105,"event":{"mods":["2.2 Compatiblity","AchievementEnabler","Aspiration","BaseMod","Beaked The Cultist","Better Altar","Better Match","Better Note","Better Sensory Stone","Better Silent Start","Better Skull","Better Third Choice","BetterRewards","Card Forge","Colored Map","Colored Powertips","Conspire","Curses Come First","Defuse TimeMaze Blight","Energized Spire","Gold Saver","Grow up Mod","Halation","Highlight Path","Hubris","Infinite Spire","Minty Spire (QoL Compilation)","Permanent Neow","Rare Cards Sparkle","Remove Card Discount Mod","Replay The Spire","SacredBarkPlus","Shop Mod","Spicy Shops","StS++","StSLib","The Cursed","Transform Curses","UnlockEverythingMod"],"gold_per_floor":[1598,1609,940,954,954,987,1005,1039,1039,177,177,212,52,74,74,147,147,170,185,185,60,18,57,57,57,84,102,136,154,175,208,208,284,284,304,378,399,399,533,576,604,604,655,655,605,641,654,706,706,785,866,866,872,875,875,933,405,420,188,203,230,246,256,256,281,281,281,339,339,333,333,344,346,346,359,384,396,420,364,383,383,404,413,480,563,563,604,800,884,924,924,1012,1012,1106,1106,1106,1106,1156,1158,1252,1252,1420,1608,1608,1608,1321,1442,1557],"floor_reached":109,"language":"ENG","playtime":7158,"items_purged":[],"score":7667,"play_id":"16a04b00-5c20-4003-8879-84ecd1457198","local_time":"20210128192825","is_ascension_mode":true,"campfire_choices":[{"floor":15.0,"key":"DIG"},{"floor":32.0,"key":"RECALL"},{"floor":67.0,"key":"DIG"},{"floor":81,"key":"REST"},{"data":"hubris:InfiniteBlow+475","floor":101,"key":"SMITH"},{"data":"Searing Blow+7","floor":101,"key":"SMITH"},{"data":"hubris:InfiniteBlow+476","floor":105,"key":"SMITH"},{"data":"hubris:InfiniteBlow+477","floor":105,"key":"SMITH"}],"circlet_count":0,"master_deck":["AscendersBane","Strike_R","Strike_R","Strike_R","Strike_R","Strike_R","Defend_R","Defend_R","Defend_R","Defend_R+1","Bash+1","Replay:Dark Deal+1","Demon Form+1","Inflame+1","Infernal Blade+1","Impervious+1","Juggernaut+1","Life Link+1","StSpp:MinorTwinStrike+1","Pummel+1","After Image+1","Whirlwind+1","Blade Dance+1","beaked:AwakenedForm+1","beaked:BraceForImpact+1","beaked:AwakenedForm+1","beaked:AwakenedForm+1","StSpp:MuscleMemory+1","Infernal Blade+1","Violence+1","Sword Boomerang+1","Searing Blow+8","Ghostly Armor+1","Evolve+1","ReplayTheSpireMod:Uncanny Aura+1","Inflame+1","Twin Strike+1","Headbutt+1","StSpp:Succumb+1","Heavy Blade+1","Sword Boomerang+1","Replay:Many Hands+1","Iron Wave+1","Sword Boomerang+1","Fire Breathing+1","Demon Form+1","Reckless Charge+1","Ghostly+1","Ghostly+1","Ghostly+1","hubris:InfiniteBlow+478","Warcry+1","Uppercut+1","Pummel+1","StSpp:Succumb+1","Rage+1","Barricade+1","True Grit+1","Evolve+1","Warcry+1","Feel No Pain+1","Heavy Blade+1","Fire Breathing+1","Thunderclap+1","Twin Strike+1","StSpp:Resilience+1","Barricade+1","Exhume+1","Clash+1","Ghostly Armor+1","StSpp:CounterStrike+1","Clothesline+1","Bloodletting+1","conspire:Charge+1","StSpp:Succumb+1","Iron Wave+1","Pommel Strike+1","Crow Ritual+1","Pummel+1","Exhume+1","ReplayTheSpireMod:Echoes of Time+1","Anger+1","StSpp:CounterStrike+1","conspire:HitWhereItHurts+1","Bloodletting+1","StSpp:Succumb+1","Perfected Strike+1","Anger+1","Clothesline+1","Anger+1","Inflame+1","Berserk+1","ReplayUltimateDefense+1","ReplayTheSpireMod:Trickstab+1","Madness+1","Madness+1","Infernal Blade+1","Juggernaut+1","StSpp:Jab","Offering"],"relics":["Burning Blood","Hammer of Thor","Seething Fire","Anvil of the Gods","King of Hearts","infinitespire:Midas Blood","aspiration:Lifesprig","halation:LostSnail","ReplayTheSpireMod:Lightbulb","hubris:TinFlute","Replay:Multitool","Orichalcum","Juzu Bracelet","aspiration:SeaSaltIceCream","halation:PromiseList","Sozu","GremlinMask","Toolbox","halation:SelfBoilingWater","halation:LettersToHer","Snack Pack","halation:SwordOfLegend","Philosopher\u0027s Stone","Ring of Panic","Ring of Hypnosis","infinitespire:Golems Mask","Magic Flower","Bronze Scales","Replay:Baseball","halation:EternalFortune","Counterbalance","Gremlin Horn","Blue Doll","ReplayFunnel","Orrery","MerchantsRug","Pen Nib","Shuriken","ReplayTheSpireMod:Shallot","Replay:Ringing Soul","Turnip","Frozen Egg 2","halation:PinkSoulGem","aspiration:RitualStick","Meat on the Bone","conspire:GiftBox","Happy Flower","Red Mask","ReplayTheSpireMod:Ninjato","infinitespire:EvilPickle","Coffee Dripper","Replay:Bandana","Another Sword","hubris:Towel","Replay:Arrowhead","conspire:BottledYoYo","hubris:CuriousFeather","hubris:MobiusCoin","aspiration:SecretTechniqueScroll","Replay:WaspNest","Quantum Egg"],"acts_visited":["Exordium","TheCity","TheBeyond","Exordium","TheCity","TheBeyond","TheEnding"],"potions_floor_usage":[],"damage_taken":[{"damage":0.0,"enemies":"Cultist","floor":1.0,"turns":2.0},{"damage":9.0,"enemies":"Jaw Worm","floor":2.0,"turns":3.0},{"damage":3.0,"enemies":"2 Louse","floor":4.0,"turns":2.0},{"damage":34.0,"enemies":"Lagavulin","floor":6.0,"turns":4.0},{"damage":7.0,"enemies":"Red Slaver","floor":7.0,"turns":3.0},{"damage":10.0,"enemies":"3 Sentries","floor":8.0,"turns":4.0},{"damage":27.0,"enemies":"Lagavulin","floor":12.0,"turns":5.0},{"damage":21.0,"enemies":"Lots of Slimes","floor":14.0,"turns":3.0},{"damage":0.0,"enemies":"Fading Forest","floor":16.0,"turns":12.0},{"damage":14.0,"enemies":"Shell Parasite","floor":18.0,"turns":4.0},{"damage":14.0,"enemies":"conspire:FuzzyDice","floor":19.0,"turns":2.0},{"damage":65.0,"enemies":"Gremlin Leader","floor":23.0,"turns":5.0},{"damage":1.0,"enemies":"Snecko","floor":27.0,"turns":3.0},{"damage":9.0,"enemies":"Replay:Snechameleon","floor":28.0,"turns":5.0},{"damage":0.0,"enemies":"Shelled Parasite and Fungi","floor":29.0,"turns":1.0},{"damage":1.0,"enemies":"3 Cultists","floor":30.0,"turns":4.0},{"damage":25.0,"enemies":"Gremlin Leader","floor":31.0,"turns":5.0},{"damage":15.0,"enemies":"Champ","floor":33.0,"turns":5.0},{"damage":13.0,"enemies":"Orb Walker","floor":35.0,"turns":3.0},{"damage":17.0,"enemies":"3 Shapes","floor":37.0,"turns":3.0},{"damage":15.0,"enemies":"infinitespire:Three Voidlings","floor":39.0,"turns":3.0},{"damage":85.0,"enemies":"Nightmare_Alpha","floor":39.0,"turns":9.0},{"damage":132.0,"enemies":"Reptomancer","floor":40.0,"turns":4.0},{"damage":0.0,"enemies":"conspire:MimicChest","floor":41.0,"turns":2.0},{"damage":9.0,"enemies":"Giant Head","floor":46.0,"turns":2.0},{"damage":0.0,"enemies":"3 Darklings","floor":47.0,"turns":2.0},{"damage":30.0,"enemies":"Nemesis","floor":48.0,"turns":3.0},{"damage":0.0,"enemies":"hubris:GrandSnecko","floor":50.0,"turns":8.0},{"damage":53.0,"enemies":"conspire:OrnateMirror","floor":51.0,"turns":4.0},{"damage":0.0,"enemies":"Small Slimes","floor":53.0,"turns":1.0},{"damage":0.0,"enemies":"2 Louse","floor":54.0,"turns":1.0},{"damage":0.0,"enemies":"Gremlin Nob","floor":56.0,"turns":2.0},{"damage":0.0,"enemies":"Lagavulin","floor":58.0,"turns":2.0},{"damage":11.0,"enemies":"3 Sentries","floor":60.0,"turns":3.0},{"damage":13.0,"enemies":"Jaw Worm","floor":63.0,"turns":2.0},{"damage":0.0,"enemies":"Replay:BlueRogue","floor":65.0,"turns":1.0},{"damage":3.0,"enemies":"The Guardian","floor":68.0,"turns":3.0},{"damage":0,"enemies":"3 Byrds","floor":70,"turns":3},{"damage":0,"enemies":"Spheric Guardian","floor":72,"turns":1},{"damage":0,"enemies":"conspire:SneckoGhost","floor":75,"turns":2},{"damage":0,"enemies":"conspire:Head Lice","floor":77,"turns":2},{"damage":3,"enemies":"conspire:HollyBat","floor":79,"turns":11},{"damage":0,"enemies":"Masked Bandits","floor":80,"turns":1},{"damage":10,"enemies":"conspire:SneckoGhost","floor":82,"turns":2},{"damage":0,"enemies":"Sentry and Sphere","floor":83,"turns":1},{"damage":2,"enemies":"Pondfish","floor":85,"turns":4},{"damage":0,"enemies":"3 Darklings","floor":87,"turns":1},{"damage":29,"enemies":"3 Shapes","floor":89,"turns":2},{"damage":34,"enemies":"conspire:MimicChest","floor":90,"turns":3},{"damage":0,"enemies":"R_Hoarder","floor":92,"turns":1},{"damage":0,"enemies":"Reptomancer","floor":94,"turns":1},{"damage":0,"enemies":"Spire Growth","floor":100,"turns":1},{"damage":0,"enemies":"hubris:GrandSnecko","floor":102,"turns":1},{"damage":47,"enemies":"Time Eater","floor":103,"turns":4},{"damage":52,"enemies":"Shield and Spear","floor":107,"turns":4},{"damage":96,"enemies":"The Heart","floor":108,"turns":7}],"seed_played":"-6150488410496375902","potions_obtained":[{"floor":2.0,"key":"LifebloodPotion"},{"floor":12.0,"key":"AttackPotion"}],"is_trial":false,"path_per_floor":["M","M","$","M","?","E","M","E","T","$","?","E","$","M","R_BF","B",null,"M","M","?","?","$","E","R","?","T","M","E","M","M","E","R","B",null,"M","$","M","?","?","E","R","?","T","?","?","E","M","E","R","B","B",null,"M","M","?","?","$","E","$","E","T","?","M","R","E","?","R_BF","B",null,"M","?","M","?","?","E","?","E","T","M","?","R","E","M","R","B",null,"M","$","M","?","?","E","R","E","T","?","T","?","?","M","R","B","B",null,"R","$","E","B",null],"character_chosen":"IRONCLAD","items_purchased":["MerchantsRug","BargainBundle","SkillPotion","Violence","Sword Boomerang+1","King of Hearts","Searing Blow","Ghostly Armor","Evolve","ReplayTheSpireMod:Uncanny Aura","halation:LostSnail","ReplayTheSpireMod:Lightbulb","hubris:TinFlute","Replay:Multitool","halation:Thesaurus","Toolbox","Blue Doll","ReplayFunnel","Orrery","MerchantsRug","Cauldron","Crow Ritual+1","Replay:Bandana","Replay:WaspNest"],"campfire_rested":1,"item_purchase_floors":[3,3,3,3,3,3,3,3,3,3,10,10,10,10,13,22,57,57,57,57,59,59,88,106],"current_hp_per_floor":[88,95,105,118,128,110,119,125,135,160,170,159,184,179,189,223,244,246,248,258,268,293,244,164,174,184,194,201,214,224,221,230,235,259,262,272,273,283,212,98,129,139,149,162,172,196,218,216,235,260,235,409,428,450,460,479,489,508,518,529,539,486,492,581,594,607,617,630,640,653,663,676,517,664,692,422,450,460,485,510,767,782,801,811,821,831,844,854,847,835,845,867,913,923,933,946,956,966,805,827,843,868,840,989,1005,1015,994,956],"gold":1557,"neow_bonus":"RANDOM_COLORLESS_2","is_daily":false,"chose_seed":false,"campfire_upgraded":4,"win_rate":0.0,"timestamp":1611880105,"path_taken":["M","M","$","?","?","E","M","E","T","$","?","E","$","M","R_BF","BOSS","M","M","?","?","$","E","R","?","T","M","E","M","M","E","R","BOSS","M","$","M","?","?","E","R","?","T","?","?","E","M","E","R","BOSS","BOSS","M","M","?","?","$","E","$","E","T","?","M","R","E","?","R_BF","BOSS","M","?","M","?","?","E","?","E","T","M","?","R","E","M","R","BOSS","M","$","M","?","?","E","R","E","T","?","?","?","?","M","R","BOSS","BOSS","R","$","E","BOSS"],"items_purchased_type":["Relic","Relic","Potion","Card","Card","Relic","Card","Card","Card","Card","Relic","Relic","Relic","Relic","Relic","Relic","Relic","Relic","Relic","Relic","Relic","Card","Relic","Relic"],"build_version":"2020-12-22","purchased_purges":0,"victory":true,"max_hp_per_floor":[88,98,108,118,128,138,148,158,168,178,188,198,208,218,228,238,248,258,268,278,288,298,308,164,174,184,194,204,214,224,234,244,254,264,274,284,294,304,314,324,334,344,354,367,377,401,411,421,431,441,454,464,474,484,494,504,511,521,531,541,551,561,571,581,594,607,617,630,640,653,663,676,686,696,709,722,735,745,755,765,775,788,801,811,821,831,844,854,867,880,890,903,913,923,933,946,956,966,979,992,1002,1015,1025,1035,1045,1055,1068,1084],"card_choices":[{"not_picked":["Apotheosis","Thinking Ahead"],"picked":"Replay:Dark Deal","floor":0.0},{"not_picked":["ReplayTheSpireMod:LeadingStrike","Replay:Undeath\u0027s Touch"],"picked":"StSpp:MuscleMemory","floor":1.0},{"not_picked":["Cleave","Havoc"],"picked":"Infernal Blade","floor":2.0},{"not_picked":["ReplayTheSpireMod:LeadingStrike","Perfected Strike"],"picked":"Inflame","floor":4.0},{"not_picked":["Thunderclap","Hemokinesis"],"picked":"Twin Strike","floor":6.0},{"not_picked":["Thunderclap","Sword Boomerang"],"picked":"Headbutt","floor":7.0},{"not_picked":["hubris:CleavingFinish","conspire:Purge"],"picked":"StSpp:Succumb","floor":8.0},{"not_picked":["Run Through","Corruption"],"picked":"Heavy Blade","floor":12.0},{"not_picked":["Body Slam","StSpp:CounterStrike"],"picked":"Sword Boomerang","floor":14.0},{"not_picked":["Reaper","Immolate"],"picked":"Replay:Many Hands","floor":16.0},{"not_picked":["conspire:ExplosiveBarrier+1","StSpp:Succumb"],"picked":"Iron Wave","floor":18.0},{"not_picked":["Clothesline","Replay:Undeath\u0027s Touch+1"],"picked":"Sword Boomerang","floor":19.0},{"not_picked":["Battle Trance","Searing Blow"],"picked":"Fire Breathing","floor":21.0},{"not_picked":["Barricade","Impervious"],"picked":"Demon Form","floor":21.0},{"not_picked":["Run Through","Thunderclap+1"],"picked":"Reckless Charge+1","floor":23.0},{"not_picked":["hubris:Rewind","ReplayTheSpireMod:??????????????????????"],"picked":"hubris:InfiniteBlow+234","floor":25.0},{"not_picked":["Replay:Undeath\u0027s Touch","Clash"],"picked":"Warcry+1","floor":27.0},{"not_picked":["Abandon","Twin Strike"],"picked":"Uppercut","floor":28.0},{"not_picked":["ReplayTheSpireMod:Limb From Limb","True Grit"],"picked":"Pummel","floor":29.0},{"not_picked":["Shrug It Off","Armaments"],"picked":"StSpp:Succumb","floor":30.0},{"not_picked":["Dual Wield","Impervious"],"picked":"Rage","floor":31.0},{"not_picked":["Feed","Eclipse"],"picked":"Barricade","floor":33.0},{"not_picked":["Power Through","Thunderclap+1"],"picked":"True Grit+1","floor":35.0},{"not_picked":["Wild Strike","StSpp:Betrayal","Thunderclap"],"picked":"SKIP","floor":37.0},{"not_picked":["ReplayTheSpireMod:Chaos Vortex","infinitespire:Execution"],"picked":"infinitespire:FinalStrike","floor":39.0},{"not_picked":["StSpp:Sprint","Clash"],"picked":"Evolve+1","floor":39.0},{"not_picked":["Second Wind+1","Cleave+1"],"picked":"Warcry","floor":40.0},{"not_picked":["Pommel Strike","Headbutt"],"picked":"Feel No Pain","floor":41.0},{"not_picked":["StSpp:Betrayal","hubris:SharpeningStone"],"picked":"Fire Breathing","floor":46.0},{"not_picked":["Perfected Strike","Abandon"],"picked":"Thunderclap+1","floor":47.0},{"not_picked":["Power Through","Carnage"],"picked":"Twin Strike","floor":48.0},{"not_picked":["Reaper","Feed"],"picked":"Barricade","floor":50.0},{"not_picked":["StSpp:Turnabout","Reaper"],"picked":"Exhume","floor":51.0},{"not_picked":["True Grit","ReplayTheSpireMod:Muscle Training"],"picked":"Clash","floor":53.0},{"not_picked":["Rage","Run Through"],"picked":"Ghostly Armor","floor":54.0},{"not_picked":["ReplayTheSpireMod:Stacked","StSpp:Vengeance"],"picked":"StSpp:CounterStrike","floor":56.0},{"not_picked":["True Grit","Demonic Infusion"],"picked":"Clothesline","floor":57.0},{"not_picked":["Flex","Impervious"],"picked":"Bloodletting","floor":57.0},{"not_picked":["Power Through","Entrench"],"picked":"conspire:Charge","floor":57.0},{"not_picked":["StSpp:Betrayal","Ghostly Armor"],"picked":"StSpp:Succumb","floor":57.0},{"not_picked":["Shockwave","Uppercut"],"picked":"Iron Wave","floor":57.0},{"not_picked":["hubris:ReadiedAction","Replay:Undeath\u0027s Touch"],"picked":"Pommel Strike","floor":58.0},{"not_picked":["True Grit","Replay:Many Hands"],"picked":"Pummel","floor":60.0},{"not_picked":["Clothesline","Ghostly Armor","Replay:Undeath\u0027s Touch"],"picked":"SKIP","floor":63.0},{"not_picked":["Searing Blow","Rage"],"picked":"Sever Soul","floor":65.0},{"not_picked":["Reaper","Eclipse"],"picked":"Exhume","floor":68.0},{"not_picked":["infinitespire:UltimateForm","infinitespire:NeuralNetwork"],"picked":"ReplayTheSpireMod:Echoes of Time","floor":70},{"not_picked":["Sword Boomerang","ReplayTheSpireMod:Corrosion Curse"],"picked":"Anger","floor":70},{"not_picked":["Havoc","Heavy Blade"],"picked":"StSpp:Sprint+1","floor":72},{"not_picked":["StSpp:BladeOfBlood","Feel No Pain+1"],"picked":"StSpp:CounterStrike","floor":75},{"not_picked":["Double Tap","Corruption+1"],"picked":"conspire:HitWhereItHurts","floor":76},{"not_picked":["Wild Strike","Dual Wield"],"picked":"Bloodletting","floor":76},{"not_picked":["ReplayTheSpireMod:Corrosion Curse","Flex"],"picked":"StSpp:Succumb+1","floor":77},{"not_picked":["Clothesline","Iron Wave","Evolve+1"],"picked":"SKIP","floor":79},{"not_picked":["StSpp:CounterStrike","conspire:ExplosiveBarrier"],"picked":"Perfected Strike","floor":82},{"not_picked":["Wild Strike","Thunderclap"],"picked":"Anger","floor":83},{"not_picked":["Bloodletting","StSpp:TheBiggerTheyAre"],"picked":"Clothesline","floor":87},{"not_picked":["Wild Strike+1","StSpp:Succumb"],"picked":"Anger","floor":89},{"not_picked":["Body Slam","Armaments"],"picked":"Inflame+1","floor":90},{"not_picked":["Rampage+1","Sever Soul+1"],"picked":"Berserk+1","floor":92},{"not_picked":["Reaper","Thunderclap","Wild Strike+1"],"picked":"SKIP","floor":94},{"not_picked":["Specialist+1","Survey Options"],"picked":"ReplayUltimateDefense+1","floor":96},{"not_picked":["Apotheosis","Replay:Parry"],"picked":"ReplayTheSpireMod:Trickstab","floor":96},{"not_picked":["True Grit+1","Sword Boomerang"],"picked":"Infernal Blade+1","floor":100},{"not_picked":["Double Tap","Hemogenesis"],"picked":"Juggernaut+1","floor":102},{"not_picked":["Power Through","StSpp:Betrayal+1"],"picked":"StSpp:Jab","floor":107},{"not_picked":["Corruption+1","Hemogenesis"],"picked":"Offering","floor":108}],"player_experience":469440,"relics_obtained":[{"floor":6.0,"key":"infinitespire:Midas Blood"},{"floor":8.0,"key":"aspiration:Lifesprig"},{"floor":11.0,"key":"Orichalcum"},{"floor":12.0,"key":"Juzu Bracelet"},{"floor":15.0,"key":"aspiration:SeaSaltIceCream"},{"floor":23.0,"key":"halation:SelfBoilingWater"},{"floor":26.0,"key":"halation:LettersToHer"},{"floor":28.0,"key":"Snack Pack"},{"floor":31.0,"key":"halation:SwordOfLegend"},{"floor":38.0,"key":"Ring of Panic"},{"floor":38.0,"key":"Ring of Hypnosis"},{"floor":39.0,"key":"infinitespire:Golems Mask"},{"floor":40.0,"key":"Magic Flower"},{"floor":41.0,"key":"Bronze Scales"},{"floor":43.0,"key":"halation:LettersToHer"},{"floor":43.0,"key":"Replay:Baseball"},{"floor":46.0,"key":"Mango"},{"floor":48.0,"key":"Counterbalance"},{"floor":51.0,"key":"halation:EternalFortune"},{"floor":56.0,"key":"Gremlin Horn"},{"floor":58.0,"key":"Pen Nib"},{"floor":60.0,"key":"Shuriken"},{"floor":61.0,"key":"halation:LettersToHer"},{"floor":61.0,"key":"War Paint"},{"floor":65.0,"key":"Turnip"},{"floor":67.0,"key":"aspiration:AnachronicSnailShell"},{"floor":75,"key":"Meat on the Bone"},{"floor":76,"key":"conspire:GiftBox"},{"floor":77,"key":"Replay:Accelerometer"},{"floor":78,"key":"halation:LettersToHer"},{"floor":78,"key":"Happy Flower"},{"floor":80,"key":"Red Mask"},{"floor":82,"key":"ReplayTheSpireMod:Ninjato"},{"floor":90,"key":"Another Sword"},{"floor":92,"key":"Replay:Arrowhead"},{"floor":94,"key":"conspire:BottledYoYo"},{"floor":95,"key":"halation:LettersToHer"},{"floor":95,"key":"hubris:CuriousFeather"},{"floor":97,"key":"halation:LettersToHer"},{"floor":97,"key":"hubris:MobiusCoin"},{"floor":107,"key":"Quantum Egg"},{"floor":108,"key":"halation:EternalFortune"}],"event_choices":[{"damage_healed":0.0,"max_hp_gain":0.0,"max_hp_loss":0.0,"gold_gain":0.0,"event_name":"Big Fish","player_choice":"Box","floor":5.0,"gold_loss":0.0,"damage_taken":0.0,"relics_obtained":["MealTicket"],"cards_obtained":["Regret"]},{"damage_healed":0.0,"max_hp_gain":0.0,"max_hp_loss":0.0,"gold_gain":0.0,"event_name":"FaceTrader","player_choice":"Trade","floor":20.0,"gold_loss":0.0,"damage_taken":0.0,"relics_obtained":["GremlinMask"]},{"damage_healed":0.0,"max_hp_gain":0.0,"max_hp_loss":0.0,"gold_gain":0.0,"event_name":"betterMatch:BetterMatch","player_choice":"1","floor":21.0,"gold_loss":0.0,"damage_taken":0.0,"cards_obtained":["betterMatch:UncommonCard","betterMatch:RareCard"]},{"damage_healed":0.0,"max_hp_gain":0.0,"max_hp_loss":154.0,"gold_gain":0.0,"event_name":"Ghosts","player_choice":"Became a Ghost","floor":24.0,"gold_loss":0.0,"damage_taken":0.0,"cards_obtained":["Ghostly","Ghostly","Ghostly"]},{"damage_healed":0.0,"max_hp_gain":0.0,"max_hp_loss":0.0,"gold_gain":0.0,"event_name":"conspire:Investor","player_choice":"Invest 1","floor":45.0,"gold_loss":0.0,"damage_taken":0.0},{"damage_healed":0.0,"max_hp_gain":0.0,"max_hp_loss":0.0,"gold_gain":0.0,"event_name":"Purifier","player_choice":"Ignored","floor":55.0,"gold_loss":0.0,"damage_taken":0.0},{"damage_healed":0.0,"max_hp_gain":0.0,"max_hp_loss":0.0,"gold_gain":30.0,"event_name":"Dead Adventurer","player_choice":"Searched \u00272\u0027 times","floor":56.0,"gold_loss":0.0,"damage_taken":0.0},{"damage_healed":0.0,"max_hp_gain":0.0,"max_hp_loss":0.0,"gold_gain":1.0,"event_name":"betterThird:BetterScrap","player_choice":"Relic Relic ","floor":62.0,"gold_loss":0.0,"damage_taken":63.0,"cards_obtained":["StSpp:ChainedTrap"]},{"damage_healed":137,"gold_gain":0,"player_choice":"Heal","damage_taken":0,"max_hp_gain":0,"max_hp_loss":0,"event_name":"The Library","floor":74,"gold_loss":0},{"damage_healed":0,"gold_gain":0,"player_choice":"Fought Bandits","damage_taken":0,"max_hp_gain":0,"max_hp_loss":0,"event_name":"Masked Bandits","floor":80,"gold_loss":0},{"damage_healed":0,"gold_gain":6,"player_choice":"1","damage_taken":0,"max_hp_gain":0,"max_hp_loss":0,"event_name":"betterStone:BetterStone","floor":96,"gold_loss":0},{"cards_removed":["infinitespire:FinalStrike"],"damage_healed":0,"gold_gain":0,"player_choice":"Removed Attack","damage_taken":0,"max_hp_gain":0,"max_hp_loss":0,"event_name":"Falling","floor":98,"gold_loss":0},{"damage_healed":0,"gold_gain":0,"player_choice":"Embrace Madness","damage_taken":174,"max_hp_gain":0,"max_hp_loss":0,"event_name":"Winding Halls","floor":99,"gold_loss":0,"cards_obtained":["Madness","Madness"]}],"is_beta":false,"boss_relics":[{"not_picked":["Replay:Drink Me","halation:PlatinumPhoenix"],"picked":"Sozu"},{"not_picked":["energizedSpire:OgreHead","Abe\u0027s Treasure"],"picked":"Philosopher\u0027s Stone"},{"not_picked":["Runic Pyramid","Replay:Wanted Poster"],"picked":"hubris:RunicObelisk"},{"not_picked":["Runic Dome","energizedSpire:StickyHand","Replay:Drink Me"]},{"not_picked":["hubris:BlackHole","Black Blood"],"picked":"Coffee Dripper"},{"not_picked":["halation:LoveArrow","Honey Jar"],"picked":"aspiration:SecretTechniqueScroll"}],"items_purged_floors":[],"is_endless":true,"potions_floor_spawned":[2,4,7,12,14,18,27,30,33,37,39,48,50,54,63,65,70,77,82,83,90,92,94,100],"ascension_level":20}}