{"host":"Tonhão","time":1611935010,"event":{"mods":["Aspiration","BaseMod","Conspire","Downfall","Friendly Minions","Halation","Hermit","Highlight Path","Hubris","Infinite Spire","Jedi Mod","Minty Spire (QoL Compilation)","Relic Sorter","Replay The Spire","Spicy Shops","StSLib","The Animator","The Construct","The Cursed","The Jester","The Senshi","The Servant 0.9.4"],"gold_per_floor":[119,40,40,40,54,84,84,96,120,154,167,186,216,228,228,330,330,348,361,361,0,11,11,11,11,11,11,37,54,54,65,65,162,162,175,186,186,206,206,206,226,246,298,340,352,376,39,39,39,135,135,144,144,162,162,175,186,194,194,194,214,214,214,214,220,220,288,288,295,255,262,362,362,362,374,374,374,395,395,399,414,422,422,506,506,517,523,523,592,592,599,601,615,628,638,663,663,664,711,734,734,748,748,766,766,855,855,860,873,881,881,891,904,904,904,904,912,912,925,925,924,924,1001,1001,1000,598,603,609,621,621,637,637,637,650,644,643,643,649,649,598,598],"floor_reached":140,"language":"ENG","playtime":6314,"items_purged":["Hallucinations","Defend_B","Strike_B+1"],"score":3667,"play_id":"d63ef2e3-2490-486a-8f6a-67eba37c711e","local_time":"20210129124330","is_ascension_mode":true,"campfire_choices":[{"data":"hubris:SpecializedCircuitry","floor":7,"key":"SMITH"},{"floor":15,"key":"DIG"},{"floor":23,"key":"REST"},{"floor":25,"key":"REST"},{"data":"jedi:bruteforce","floor":27,"key":"SMITH"},{"floor":32,"key":"REST"},{"data":"Electrodynamics","floor":40,"key":"SMITH"},{"floor":49,"key":"REST"},{"data":"ReplayTheSpireMod:Chaos Vortex","floor":59,"key":"SMITH"},{"data":"Fission","floor":64,"key":"SMITH"},{"floor":66,"key":"REST"},{"data":"infinitespire:Oblivion","floor":74,"key":"SMITH"},{"floor":76,"key":"REST"},{"data":"infinitespire:UltimateForm","floor":79,"key":"SMITH"},{"data":"ReplayTheSpireMod:Calculation Training","floor":83,"key":"SMITH"},{"data":"Zap","floor":97,"key":"SMITH"},{"floor":101,"key":"RECALL"},{"data":"infinitespire:Collect","floor":103,"key":"SMITH"},{"data":"jedi:BurstLightning","floor":105,"key":"SMITH"},{"data":"Dualcast","floor":118,"key":"SMITH"},{"data":"Rainbow","floor":122,"key":"SMITH"},{"data":"hubris:DoWhile","floor":130,"key":"SMITH"}],"circlet_count":0,"master_deck":["Defend_B","Defend_B","Defend_B","Zap+1","Dualcast+1","hubris:SpecializedCircuitry+1","jedi:BurstLightning+1","ReplayTheSpireMod:Calculation Training+1","Cold Snap+1","jedi:bruteforce+1","infinitespire:Collect+1","ReplayTheSpireMod:Chaos Vortex+1","Cold Snap+1","Time Bomb","Rainbow+1","Electrodynamics+1","Thunder Strike+1","hubris:PowerSurge+1","Fission+1","infinitespire:Oblivion+1","jedi:readyaimfire","Double Energy+1","infinitespire:UltimateForm+1","Static Discharge+1","Time Bomb","hubris:DoWhile+1","hubris:Fate"],"relics":["Cracked Core","aspiration:ArtOfWarUpgrade","ReplayTheSpireMod:EnergyBall","halation:PinkSoulGem","hubris:Icosahedron","NeowsBlessing","ReplayTheSpireMod:CursedCoin","halation:EternalFortune","Mummified Hand","construct:FoamFinger","Geode","Happy Flower","Strawberry","Ring of Chaos","DataDisk","halation:Toothbrush","Pen Nib","Replay:Bronze Core","Toy Ornithopter","Membership Card","Guardian:PocketSentry","HornCleat","Replay:Grab Bag","hubris:RunicObelisk","jedi:hotpepper","conspire:SpecialSausage","ReplayTheSpireMod:Lightbulb","infinitespire:ShieldingShard","hubris:ToyBattleship","aspiration:RitualDagger","Black Star","hubris:TinFlute","infinitespire:Satchel","Bottled Tornado","infinitespire:Lucky Rock","conspire:TopHat","Busted Crown","Empty Cage","Anchor","Smiling Mask","Snack Pack","Vajra","aspiration:EnhancedActuators","Dream Catcher","Replay:Wax Seal","StoneCalendar","Lantern","jedi:laserpointer","Inserter","Nloth\u0027s Gift","jedi:firstaidkit","Whetstone","Pear","Blue Candle","jedi:battlestandard","conspire:GlowingRock","aspiration:TomeofQuesting","infinitespire:Midas Blood","Replay:Accelerometer","Singing Bowl","Darkstone Periapt","infinitespire:EmpoweringShard","Replay:Multitool","hexamod:BolsterEngine"],"acts_visited":["Exordium","TheCity","TheBeyond","Exordium","TheCity","TheBeyond","Exordium","TheCity","TheBeyond"],"potions_floor_usage":[10,16,16,22,22,33,36,44,44,50,65,67,67,71,78,81,82,84,86,89,89,89,95,98,98,110,113,117,121,123,123,127,134,135,138,140,140],"damage_taken":[{"damage":0,"enemies":"Cultist","floor":1,"turns":1},{"damage":0,"enemies":"Jaw Worm","floor":5,"turns":1},{"damage":0,"enemies":"Gremlin Nob","floor":6,"turns":1},{"damage":0,"enemies":"2 Louse","floor":8,"turns":2},{"damage":12,"enemies":"3 Sentries","floor":10,"turns":5},{"damage":17,"enemies":"Gremlin Gang","floor":11,"turns":3},{"damage":7,"enemies":"3 Louse","floor":12,"turns":3},{"damage":2,"enemies":"Exordium Wildlife","floor":14,"turns":3},{"damage":25,"enemies":"The Guardian","floor":16,"turns":8},{"damage":5,"enemies":"Chosen","floor":18,"turns":3},{"damage":35,"enemies":"2 Thieves","floor":19,"turns":3},{"damage":0,"enemies":"Chosen and Byrds","floor":22,"turns":2},{"damage":17,"enemies":"Nightmare","floor":28,"turns":6},{"damage":18,"enemies":"Shelled Parasite and Fungi","floor":29,"turns":2},{"damage":0,"enemies":"Centurion and Healer","floor":31,"turns":3},{"damage":20,"enemies":"Champ","floor":33,"turns":5},{"damage":0,"enemies":"Orb Walker","floor":35,"turns":3},{"damage":31,"enemies":"3 Darklings","floor":36,"turns":3},{"damage":2,"enemies":"Transient","floor":38,"turns":5},{"damage":2,"enemies":"Sphere and 2 Shapes","floor":41,"turns":2},{"damage":10,"enemies":"Maw","floor":42,"turns":5},{"damage":9,"enemies":"Reptomancer","floor":44,"turns":4},{"damage":0,"enemies":"3 Darklings","floor":46,"turns":2},{"damage":67,"enemies":"Awakened One","floor":50,"turns":6},{"damage":0,"enemies":"Small Slimes","floor":52,"turns":1},{"damage":0,"enemies":"2 Louse","floor":54,"turns":1},{"damage":11,"enemies":"Jaw Worm","floor":56,"turns":2},{"damage":22,"enemies":"Lagavulin","floor":57,"turns":4},{"damage":0,"enemies":"Lots of Slimes","floor":58,"turns":1},{"damage":0,"enemies":"Gremlin Nob","floor":61,"turns":2},{"damage":7,"enemies":"Large Slime","floor":63,"turns":2},{"damage":0,"enemies":"Exordium Wildlife","floor":65,"turns":2},{"damage":2,"enemies":"Fading Forest","floor":67,"turns":6},{"damage":20,"enemies":"Chosen","floor":69,"turns":2},{"damage":24,"enemies":"Shell Parasite","floor":71,"turns":2},{"damage":24,"enemies":"Centurion and Healer","floor":75,"turns":2},{"damage":12,"enemies":"Book of Stabbing","floor":78,"turns":2},{"damage":0,"enemies":"3 Cultists","floor":80,"turns":2},{"damage":0,"enemies":"Gremlin Leader","floor":81,"turns":2},{"damage":0,"enemies":"Snecko","floor":82,"turns":2},{"damage":0,"enemies":"hubris:MusketHawk","floor":84,"turns":2},{"damage":5,"enemies":"3 Darklings","floor":86,"turns":2},{"damage":0,"enemies":"3 Shapes","floor":87,"turns":1},{"damage":126,"enemies":"infinitespire:MassOfShapes","floor":89,"turns":5},{"damage":0,"enemies":"Small Slimes","floor":91,"turns":1},{"damage":0,"enemies":"Jaw Worm","floor":92,"turns":2},{"damage":0,"enemies":"2 Louse","floor":93,"turns":1},{"damage":0,"enemies":"Blue Slaver","floor":94,"turns":1},{"damage":0,"enemies":"Gremlin Gang","floor":95,"turns":1},{"damage":0,"enemies":"3 Sentries","floor":96,"turns":1},{"damage":64,"enemies":"Nightmare_Alpha","floor":98,"turns":3},{"damage":0,"enemies":"Lagavulin","floor":100,"turns":2},{"damage":0,"enemies":"conspire:MimicChest","floor":102,"turns":2},{"damage":0,"enemies":"Gremlin Nob","floor":104,"turns":2},{"damage":69,"enemies":"Hexaghost","floor":106,"turns":3},{"damage":0,"enemies":"Chosen","floor":108,"turns":1},{"damage":0,"enemies":"2 Thieves","floor":109,"turns":1},{"damage":0,"enemies":"Snecko","floor":110,"turns":1},{"damage":4,"enemies":"Chosen and Byrds","floor":112,"turns":1},{"damage":0,"enemies":"Gremlin Leader","floor":113,"turns":2},{"damage":0,"enemies":"Centurion and Healer","floor":117,"turns":1},{"damage":0,"enemies":"Snake Plant","floor":119,"turns":1},{"damage":0,"enemies":"Snecko","floor":121,"turns":2},{"damage":17,"enemies":"hubris:MusketHawk","floor":123,"turns":3},{"damage":0,"enemies":"3 Darklings","floor":125,"turns":1},{"damage":0,"enemies":"Orb Walker","floor":127,"turns":1},{"damage":0,"enemies":"3 Darklings","floor":128,"turns":1},{"damage":0,"enemies":"4 Shapes","floor":129,"turns":1},{"damage":0,"enemies":"R_Hoarder","floor":131,"turns":3},{"damage":121,"enemies":"Nightmare_Alpha","floor":134,"turns":4},{"damage":0,"enemies":"Maw","floor":135,"turns":2},{"damage":0,"enemies":"Jaw Worm Horde","floor":136,"turns":1},{"damage":0,"enemies":"Giant Head","floor":138,"turns":3},{"damage":292,"enemies":"infinitespire:LordOfFortification","floor":140,"turns":5}],"seed_played":"-6607025225250860651","potions_obtained":[{"floor":1,"key":"jedi:coolantleak"},{"floor":8,"key":"AttackPotion"},{"floor":11,"key":"Energy Potion"},{"floor":16,"key":"Energy Potion"},{"floor":19,"key":"jedi:coolantleak"},{"floor":29,"key":"FocusPotion"},{"floor":31,"key":"SpeedPotion"},{"floor":36,"key":"hexamod:SoulburnPotion"},{"floor":42,"key":"FocusPotion"},{"floor":46,"key":"jedi:coolantleak"},{"floor":57,"key":"champ:CounterPotion"},{"floor":58,"key":"Slimebound:ThreeZeroPotion"},{"floor":63,"key":"bronze:BurnAndBuffPotion"},{"floor":70,"key":"LifebloodPotion"},{"floor":70,"key":"conspire:TimeTravelPotion"},{"floor":70,"key":"Doom Potion"},{"floor":78,"key":"Reflective Coating"},{"floor":80,"key":"Regen Potion"},{"floor":81,"key":"SpeedPotion"},{"floor":82,"key":"Fire Potion"},{"floor":84,"key":"jedi:StrikingPotion"},{"floor":87,"key":"Fire Potion"},{"floor":92,"key":"Regen Potion"},{"floor":93,"key":"Adrenaline Potion"},{"floor":95,"key":"SteroidPotion"},{"floor":96,"key":"jedi:coolantleak"},{"floor":109,"key":"Swift Potion"},{"floor":110,"key":"Dexterity Potion"},{"floor":112,"key":"Venom Potion"},{"floor":117,"key":"SteroidPotion"},{"floor":119,"key":"Regen Potion"},{"floor":127,"key":"Fire Potion"},{"floor":135,"key":"jedi:tentaclejuice"},{"floor":136,"key":"Doom Potion"},{"floor":138,"key":"FocusPotion"}],"is_trial":false,"path_per_floor":["M","$","?","T","M","E","R","M","T","E","M","M","?","M","R","B",null,"M","M","AVR","?","M","R","?","R","T","R","NM","M","?","M","R","B",null,"M","M","?","M","?","R","M","M","T","E","?","M","$","$","R","B",null,"M","?","M","?","M","E","M","R","T","E","?","M","R","M","R","B",null,"M","?","M","?","AVR","R","M","R","T","E","R","M","E","M","R","B",null,"M","M","?","B",null,"M","M","M","M","M","E","R","NM","T","E","R","?","R","E","R","B",null,"M","M","M","?","M","E","?","?","T","M","R","M","?","M","R","B",null,"M","$","M","M","M","R","E","R","T","NM","M","M","?","E","R","B"],"character_chosen":"DEFECT","items_purchased":["ReplayTheSpireMod:CursedCoin","hubris:SpecializedCircuitry","Membership Card","Guardian:PocketSentry","HornCleat","conspire:GlowingRock","aspiration:TomeofQuesting","infinitespire:Midas Blood","Flashbang","Adrenaline Potion"],"campfire_rested":6,"item_purchase_floors":[2,2,47,47,47,126,126,126,126,126],"current_hp_per_floor":[75,75,78,78,78,78,78,78,78,66,49,42,42,40,47,25,88,83,48,48,48,51,78,60,88,88,88,71,53,53,53,81,61,96,99,68,93,91,91,91,89,79,79,73,73,76,76,76,105,38,78,78,78,78,78,67,56,56,56,56,56,58,51,51,56,80,78,80,60,60,65,65,65,65,41,65,65,58,58,58,68,75,75,82,84,79,81,81,72,90,90,92,92,92,92,92,92,57,57,86,86,94,94,94,94,32,94,94,94,94,94,94,94,96,98,103,103,103,103,98,103,103,103,103,103,105,105,107,109,109,109,109,109,103,111,112,114,115,115,0,0],"gold":598,"neow_bonus":"THREE_ENEMY_KILL","is_daily":false,"chose_seed":false,"campfire_upgraded":14,"win_rate":0.0,"timestamp":1611935010,"path_taken":["M","?","?","?","?","E","R","M","T","E","?","?","?","M","R","BOSS","M","M","AVR","?","M","R","?","R","T","R","NM","M","?","M","R","BOSS","M","M","?","M","?","R","?","M","T","E","?","M","?","$","R","BOSS","M","?","M","?","?","E","M","R","T","E","?","M","R","M","R","BOSS","M","?","?","?","AVR","R","?","R","T","E","R","M","E","M","R","BOSS","M","M","?","BOSS","M","?","M","M","M","E","R","NM","T","E","R","?","R","E","R","BOSS","M","M","M","?","?","E","?","?","T","?","R","M","?","M","R","BOSS","M","$","M","M","M","R","E","R","T","NM","M","M","?","E","R","BOSS"],"items_purchased_type":["Relic","Card","Relic","Relic","Relic","Relic","Relic","Relic","Potion","Potion"],"build_version":"2020-11-17","purchased_purges":3,"victory":false,"max_hp_per_floor":[75,75,78,78,78,78,78,78,78,78,78,78,78,78,85,88,88,88,88,88,88,91,91,96,96,96,96,96,96,96,96,96,96,96,99,99,99,99,99,99,99,99,99,102,102,105,105,105,105,105,78,78,78,78,78,78,78,78,78,78,78,80,80,80,80,80,80,80,80,80,80,80,80,80,80,80,80,80,80,80,80,82,82,84,84,84,86,86,86,90,90,92,92,92,92,92,92,92,92,94,94,94,94,94,94,94,94,94,94,94,94,94,94,96,98,103,103,103,103,103,103,103,103,103,103,105,105,107,109,109,109,109,109,110,111,112,114,115,115,115,115],"card_choices":[{"not_picked":["Coolheaded","Go for the Eyes","Gash"],"picked":"SKIP","floor":1},{"not_picked":["Reprogram","jedi:BurstFrost","Double Energy"],"picked":"SKIP","floor":5},{"not_picked":["Panic Button","Machine Learning","Self Repair"],"picked":"SKIP","floor":6},{"not_picked":["conspire:Rain","Conserve Battery"],"picked":"jedi:BurstLightning","floor":8},{"not_picked":["Conserve Battery","jedi:locknload"],"picked":"ReplayTheSpireMod:Calculation Training","floor":10},{"not_picked":["Rebound","Redo","Panic Button"],"picked":"SKIP","floor":11},{"not_picked":["jedi:BurstFrost","Panic Button"],"picked":"Cold Snap","floor":12},{"not_picked":["Streamline","Ball Lightning","Consume"],"picked":"SKIP","floor":14},{"not_picked":["Meteor Strike","hubris:DoWhile"],"picked":"jedi:bruteforce","floor":16},{"not_picked":["Rebound+1","jedi:blockon+1","jedi:BurstFrost+1"],"picked":"SKIP","floor":18},{"not_picked":["Leap","Beam Cell","jedi:blockon"],"picked":"SKIP","floor":19},{"not_picked":["Conserve Battery","Leap"],"picked":"Cold Snap+1","floor":22},{"not_picked":["Doom and Gloom","jedi:BurstLightning+1"],"picked":"Time Bomb","floor":28},{"not_picked":["Beam Cell","Go for the Eyes","BasicCrystalCard"],"picked":"SKIP","floor":29},{"not_picked":["jedi:BurstLightning","Self Repair"],"picked":"Rainbow","floor":31},{"not_picked":["Creative AI","Mirror Shield"],"picked":"Electrodynamics","floor":33},{"not_picked":["jedi:BurstLightning","jedi:overflow","Gash+1"],"picked":"SKIP","floor":35},{"not_picked":["Self Repair+1","Streamline","Barrage+1"],"picked":"SKIP","floor":36},{"not_picked":["Stack+1","Doom and Gloom+1"],"picked":"Ball Lightning+1","floor":38},{"not_picked":["Lockon","jedi:BurstFrost+1","Hologram"],"picked":"SKIP","floor":41},{"not_picked":["Self Repair","Undo+1"],"picked":"Thunder Strike","floor":42},{"not_picked":["jedi:BurstFrost+1","Double Energy","Gash"],"picked":"SKIP","floor":44},{"not_picked":["jedi:BurstFrost+1","Conserve Battery"],"picked":"hubris:PowerSurge+1","floor":46},{"not_picked":["Ball Lightning","ReplayGash","jedi:BurstFrost"],"picked":"SKIP","floor":52},{"not_picked":["Ball Lightning","Beam Cell","Sweeping Beam"],"picked":"SKIP","floor":54},{"not_picked":["ReplayTheSpireMod:Repulse","Stack","Turbo"],"picked":"SKIP","floor":56},{"not_picked":["Heatsinks","Machine Learning","Darkness"],"picked":"SKIP","floor":57},{"not_picked":["Double Energy","Go for the Eyes","BasicCrystalCard"],"picked":"SKIP","floor":58},{"not_picked":["Beam Cell","BasicCrystalCard","Leap"],"picked":"SKIP","floor":61},{"not_picked":["Stack","Static Discharge"],"picked":"Fission","floor":63},{"not_picked":["Leap","Barrage","Redo"],"picked":"SKIP","floor":65},{"not_picked":["hubris:InfiniteBlow","Replay:Fractal Strike"],"picked":"infinitespire:Oblivion","floor":67},{"not_picked":["Machine Learning","Mirror Shield"],"picked":"jedi:readyaimfire","floor":67},{"not_picked":["Turbo","Static Discharge","Go for the Eyes"],"picked":"SKIP","floor":69},{"not_picked":["BootSequence+1","Sweeping Beam"],"picked":"Double Energy+1","floor":71},{"not_picked":["Blizzard","Recycle","Turbo"],"picked":"SKIP","floor":75},{"not_picked":["Sunder","Conserve Battery","Tempest"],"picked":"SKIP","floor":78},{"not_picked":["Rip and Tear","Turbo","Conserve Battery"],"picked":"SKIP","floor":80},{"not_picked":["Compile Driver","Undo","FTL"],"picked":"SKIP","floor":81},{"not_picked":["jedi:sharpshooter","Steam"],"picked":"Static Discharge+1","floor":82},{"not_picked":["Steam"],"picked":"SKIP","floor":86},{"not_picked":["jedi:BurstLightning+1"],"picked":"SKIP","floor":87},{"not_picked":["Time Bomb"],"picked":"SKIP","floor":91},{"not_picked":[],"picked":"Time Bomb","floor":91},{"not_picked":["jedi:blockon"],"picked":"SKIP","floor":92},{"not_picked":["Panic Button"],"picked":"SKIP","floor":93},{"not_picked":["jedi:blockon"],"picked":"SKIP","floor":94},{"not_picked":["Rebound"],"picked":"SKIP","floor":95},{"not_picked":["jedi:hex"],"picked":"SKIP","floor":96},{"not_picked":["Hologram"],"picked":"SKIP","floor":98},{"not_picked":["BootSequence"],"picked":"SKIP","floor":100},{"not_picked":["jedi:sharpshooter"],"picked":"SKIP","floor":104},{"not_picked":["Conserve Battery"],"picked":"SKIP","floor":108},{"not_picked":["Glacier"],"picked":"SKIP","floor":109},{"not_picked":["Blizzard"],"picked":"SKIP","floor":110},{"not_picked":["jedi:spotbugs"],"picked":"SKIP","floor":112},{"not_picked":["jedi:meditation"],"picked":"SKIP","floor":113},{"not_picked":["jedi:blockon"],"picked":"SKIP","floor":117},{"not_picked":["Tempest"],"picked":"SKIP","floor":119},{"not_picked":["Hologram"],"picked":"SKIP","floor":121},{"not_picked":[],"picked":"hubris:DoWhile","floor":123},{"not_picked":["Storm"],"picked":"SKIP","floor":125},{"not_picked":["Turbo+1"],"picked":"SKIP","floor":127},{"not_picked":["Go for the Eyes"],"picked":"SKIP","floor":128},{"not_picked":["Go for the Eyes"],"picked":"SKIP","floor":128},{"not_picked":["BasicCrystalCard+1"],"picked":"SKIP","floor":129},{"not_picked":["Core Surge"],"picked":"SKIP","floor":131},{"not_picked":["infinitespire:TheBestDefense","ReplayTheSpireMod:Book of Names"],"picked":"hubris:Fate","floor":134},{"not_picked":["Static Discharge"],"picked":"Singing Bowl","floor":134},{"not_picked":["Steam+1"],"picked":"Singing Bowl","floor":135},{"not_picked":["Redo+1"],"picked":"Singing Bowl","floor":136},{"not_picked":["jedi:BurstLightning+1"],"picked":"Singing Bowl","floor":138}],"player_experience":108064,"relics_obtained":[{"floor":4,"key":"Mummified Hand"},{"floor":6,"key":"construct:FoamFinger"},{"floor":9,"key":"Geode"},{"floor":10,"key":"Happy Flower"},{"floor":15,"key":"Strawberry"},{"floor":16,"key":"halation:EternalFortune"},{"floor":22,"key":"halation:EternalFortune"},{"floor":26,"key":"halation:Toothbrush"},{"floor":28,"key":"Pen Nib"},{"floor":35,"key":"halation:EternalFortune"},{"floor":43,"key":"MawBank"},{"floor":44,"key":"halation:EternalFortune"},{"floor":44,"key":"Toy Ornithopter"},{"floor":46,"key":"halation:EternalFortune"},{"floor":57,"key":"ReplayTheSpireMod:Lightbulb"},{"floor":60,"key":"infinitespire:ShieldingShard"},{"floor":61,"key":"hubris:ToyBattleship"},{"floor":77,"key":"hubris:TinFlute"},{"floor":78,"key":"infinitespire:Satchel"},{"floor":78,"key":"Bottled Tornado"},{"floor":81,"key":"infinitespire:Lucky Rock"},{"floor":81,"key":"conspire:TopHat"},{"floor":82,"key":"halation:EternalFortune"},{"floor":84,"key":"halation:EternalFortune"},{"floor":87,"key":"halation:EternalFortune"},{"floor":92,"key":"halation:EternalFortune"},{"floor":96,"key":"Anchor"},{"floor":96,"key":"Smiling Mask"},{"floor":98,"key":"Snack Pack"},{"floor":98,"key":"Vajra"},{"floor":99,"key":"aspiration:EnhancedActuators"},{"floor":100,"key":"halation:EternalFortune"},{"floor":100,"key":"Dream Catcher"},{"floor":100,"key":"Replay:Wax Seal"},{"floor":102,"key":"StoneCalendar"},{"floor":104,"key":"Lantern"},{"floor":104,"key":"jedi:laserpointer"},{"floor":113,"key":"jedi:firstaidkit"},{"floor":113,"key":"Whetstone"},{"floor":116,"key":"Pear"},{"floor":128,"key":"halation:EternalFortune"},{"floor":129,"key":"halation:EternalFortune"},{"floor":131,"key":"Replay:Accelerometer"},{"floor":131,"key":"Art of War"},{"floor":133,"key":"Singing Bowl"},{"floor":134,"key":"Darkstone Periapt"},{"floor":134,"key":"infinitespire:EmpoweringShard"},{"floor":138,"key":"Replay:Multitool"},{"floor":138,"key":"hexamod:BolsterEngine"}],"event_choices":[{"damage_healed":0,"gold_gain":30,"player_choice":"Searched \u00271\u0027 times","damage_taken":0,"max_hp_gain":0,"max_hp_loss":0,"event_name":"Dead Adventurer","floor":13,"gold_loss":0},{"damage_healed":0,"gold_gain":0,"player_choice":"Paid Fearfully","damage_taken":0,"max_hp_gain":0,"max_hp_loss":0,"event_name":"Masked Bandits","floor":21,"gold_loss":361},{"damage_healed":0,"gold_gain":0,"player_choice":"Shed Blood","damage_taken":23,"max_hp_gain":5,"max_hp_loss":0,"event_name":"Forgotten Altar","floor":24,"gold_loss":0},{"damage_healed":25,"gold_gain":0,"player_choice":"Writhe","damage_taken":0,"max_hp_gain":0,"max_hp_loss":0,"event_name":"Winding Halls","floor":37,"gold_loss":0,"cards_obtained":["Writhe"]},{"damage_healed":0,"gold_gain":0,"player_choice":"Leave","damage_taken":0,"max_hp_gain":0,"max_hp_loss":0,"event_name":"conspire:Investor","floor":53,"gold_loss":0},{"damage_healed":0,"gold_gain":0,"player_choice":"Forge","damage_taken":0,"max_hp_gain":0,"max_hp_loss":0,"event_name":"Accursed Blacksmith","floor":55,"gold_loss":0,"cards_upgraded":["Thunder Strike"]},{"cards_removed":["Strike_B"],"damage_healed":0,"gold_gain":0,"player_choice":"Forget","damage_taken":0,"max_hp_gain":0,"max_hp_loss":0,"event_name":"Living Wall","floor":62,"gold_loss":0},{"damage_healed":0,"gold_gain":0,"player_choice":"Bought 3 Potions","damage_taken":0,"max_hp_gain":0,"max_hp_loss":0,"event_name":"The Woman in Blue","floor":70,"gold_loss":0},{"damage_healed":0,"gold_gain":100,"player_choice":"Pray","damage_taken":0,"max_hp_gain":0,"max_hp_loss":0,"event_name":"Golden Shrine","floor":72,"gold_loss":0},{"damage_healed":0,"gold_gain":0,"player_choice":"Took Portal","damage_taken":0,"max_hp_gain":0,"max_hp_loss":0,"event_name":"SecretPortal","floor":88,"gold_loss":0},{"damage_healed":0,"gold_gain":0,"player_choice":"Traded Relic","damage_taken":0,"relics_obtained":["Nloth\u0027s Gift"],"max_hp_gain":0,"max_hp_loss":0,"event_name":"N\u0027loth","floor":111,"relics_lost":["MawBank"],"gold_loss":0},{"cards_removed":["Writhe"],"damage_healed":0,"gold_gain":0,"player_choice":"Card Removal","damage_taken":0,"max_hp_gain":0,"max_hp_loss":0,"event_name":"Wheel of Change","floor":115,"gold_loss":0},{"cards_removed":["Ball Lightning"],"damage_healed":0,"gold_gain":0,"player_choice":"Removed Attack","damage_taken":0,"max_hp_gain":0,"max_hp_loss":0,"event_name":"Falling","floor":137,"gold_loss":0}],"is_beta":true,"boss_relics":[{"not_picked":["Replay:Wanted Poster","Black Star"],"picked":"Ring of Chaos"},{"not_picked":["halation:MonkeysPaw","Coffee Dripper"],"picked":"Replay:Bronze Core"},{"not_picked":["Tiny House","aspiration:ServantSkillbook"],"picked":"Replay:Grab Bag"},{"not_picked":["hubris:VirtuousBlindfold","infinitespire:Cupcake"],"picked":"hubris:RunicObelisk"},{"not_picked":["Painkiller Herb","jedi:battlestandard"],"picked":"jedi:hotpepper"},{"not_picked":["Runic Pyramid","ReplayTheSpireMod:SealedPack"],"picked":"conspire:SpecialSausage"},{"not_picked":["halation:CatFaceCupcake","Fusion Hammer"],"picked":"aspiration:RitualDagger"},{"not_picked":["Replay:Drink Me","aspiration:FutureDiary"],"picked":"Busted Crown"},{"not_picked":["Runic Pyramid","halation:LoveArrow"],"picked":"Empty Cage"},{"not_picked":["halation:SmartPhone","aspiration:SecretTechniqueScroll"],"picked":"Inserter"},{"not_picked":["ChewingGum","conspire:RunicOctahedron"],"picked":"jedi:battlestandard"}],"items_purged_floors":[2,20,126],"is_endless":true,"potions_floor_spawned":[1,8,11,16,19,29,31,36,42,46,57,58,63,78,80,81,82,84,87,92,93,95,96,109,110,112,117,119,127,135,136,138],"killed_by":"infinitespire:LordOfFortification","ascension_level":1}}