{"host":"1zjc08c6hob33401","time":1611952691,"event":{"mods":["AchievementEnabler","Act Like it!","Aspiration","BaseMod","Downfall","Elementarium","Energized Spire","Evolution","Friendly Minions","Gensokyo","GifTheSpireLib","Hubris","Infinite Spire","Jedi Mod","Menagerie","Minty Spire (QoL Compilation)","Pale of the Ancients","Quick Restart","Reliquary","Replay The Spire","Retaliation","Shop Mod","Spicy Shops","Spire Arcade","StS++","StSLib","Stuff the Spire","The Blue Laboratory","Wandering Minibosses","??????REMEMod"],"gold_per_floor":[118,118,134,144,163,163,188,202,202,227,227,256,256,266,266,343,343,356,356,58,71,71,71],"floor_reached":22,"language":"RUS","playtime":1007,"items_purged":["Parasite"],"score":464,"play_id":"35603392-fa4c-43c5-8db1-9e2f3a122f56","local_time":"20210129223811","is_ascension_mode":true,"campfire_choices":[{"data":"Gash","floor":6.0,"key":"SMITH"},{"floor":15.0,"key":"REST"}],"circlet_count":0,"master_deck":["AscendersBane","jedi:BurstLightning","jedi:BurstLightning","jedi:BurstLightning","jedi:BurstLightning","Defend_B","Defend_B","Defend_B","Zap","Dualcast","Master of Strategy","Gash+1","Lockon","StuffTheSpire:Plugnplay","Gash","Gash","REME_DataAnalysis","ReplayTheSpireMod:Calculation Training","Leap","Thunder Strike","Leap","Barrage+1"],"relics":["Cracked Core","EVO:Axolotl","REME_ComplimentaryCards","reliquary:SilkGlove","Question Card","Oddly Smooth Stone","aspiration:EnhancedActuators","jedi:hotpepper","MutagenicStrength","Membership Card","Boot"],"acts_visited":["Exordium","TheCity"],"potions_floor_usage":[21,21],"damage_taken":[{"damage":1.0,"enemies":"Cultist","floor":1.0,"turns":3.0},{"damage":8.0,"enemies":"Small Slimes","floor":3.0,"turns":3.0},{"damage":0.0,"enemies":"2 Louse","floor":4.0,"turns":2.0},{"damage":5.0,"enemies":"2 Fungi Beasts","floor":5.0,"turns":3.0},{"damage":25.0,"enemies":"Lagavulin","floor":7.0,"turns":4.0},{"damage":20.0,"enemies":"Lots of Slimes","floor":8.0,"turns":3.0},{"damage":11.0,"enemies":"Gremlin Nob","floor":10.0,"turns":3.0},{"damage":0.0,"enemies":"Lagavulin","floor":12.0,"turns":5.0},{"damage":7.0,"enemies":"3 Louse","floor":14.0,"turns":2.0},{"damage":32.0,"enemies":"Hexaghost","floor":16.0,"turns":8.0},{"damage":15,"enemies":"Spheric Guardian","floor":18,"turns":4},{"damage":7,"enemies":"Shell Parasite","floor":21,"turns":3},{"damage":26,"enemies":"Snake Plant","floor":22,"turns":2}],"seed_played":"-7025497647222730916","potions_obtained":[{"floor":5.0,"key":"blueLaboratory:SystemWipe"},{"floor":7.0,"key":"SkillPotion"},{"floor":8.0,"key":"blueLaboratory:BottleOfVodka"},{"floor":10.0,"key":"jedi:StrikingPotion"},{"floor":16.0,"key":"Toxic Potion"},{"floor":18,"key":"Weak Potion"}],"is_trial":false,"path_per_floor":["M","?","M","M","M","R","E","M","T","E","?","E","?","M","R","B",null,"M","?","$","M","M"],"character_chosen":"DEFECT","items_purchased":["Membership Card","Boot"],"campfire_rested":1,"item_purchase_floors":[20,20],"current_hp_per_floor":[70,70,62,62,57,57,32,12,12,1,1,1,20,13,36,4,45,30,30,30,23,0,0],"gold":71,"neow_bonus":"TEN_PERCENT_HP_BONUS","is_daily":false,"chose_seed":false,"campfire_upgraded":1,"win_rate":0.0,"timestamp":1611952691,"path_taken":["M","?","M","?","M","R","E","M","T","E","?","E","?","M","R","BOSS","M","?","$","M","M"],"items_purchased_type":["Relic","Relic"],"build_version":"2020-12-22","purchased_purges":1,"victory":false,"max_hp_per_floor":[78,78,78,78,78,78,78,78,78,78,78,78,78,78,78,78,58,58,58,55,55,55,55],"card_choices":[{"not_picked":["Melter","Conserve Battery"],"picked":"Gash","floor":1.0},{"not_picked":["Barrage","Loop"],"picked":"Lockon","floor":3.0},{"not_picked":["Sweeping Beam","Streamline"],"picked":"StuffTheSpire:Plugnplay","floor":4.0},{"not_picked":["jedi:BurstFrost","Cold Snap"],"picked":"Gash","floor":5.0},{"not_picked":["Beam Cell","Rebound"],"picked":"Gash","floor":7.0},{"not_picked":["jedi:blockon","Compile Driver"],"picked":"REME_DataAnalysis","floor":8.0},{"not_picked":["Sunder","StuffTheSpire:LoadUp","Rip and Tear"],"picked":"ReplayTheSpireMod:Calculation Training","floor":10.0},{"not_picked":["jedi:BurstFrost","Static Discharge","jedi:blockon","Blizzard"],"picked":"SKIP","floor":12.0},{"not_picked":["StuffTheSpire:SnapShoot","Streamline","Compile Driver"],"picked":"Leap","floor":14.0},{"not_picked":["hubris:Prefetch","Amplify","jedi:BurstDark"],"picked":"Thunder Strike","floor":16.0},{"not_picked":["StuffTheSpire:GlassShard","REME_Compress","Turbo"],"picked":"Leap","floor":18},{"not_picked":["jedi:blockon","Leap","Hologram"],"picked":"Barrage+1","floor":21}],"player_experience":717090,"relics_obtained":[{"floor":7.0,"key":"reliquary:SilkGlove"},{"floor":9.0,"key":"Question Card"},{"floor":10.0,"key":"Oddly Smooth Stone"},{"floor":12.0,"key":"aspiration:EnhancedActuators"}],"event_choices":[{"cards_removed":["Defend_B"],"damage_healed":0.0,"max_hp_gain":0.0,"max_hp_loss":0.0,"gold_gain":0.0,"event_name":"Bonfire Elementals","player_choice":"Offered Basic","floor":2.0,"gold_loss":0.0,"damage_taken":0.0},{"damage_healed":0.0,"max_hp_gain":0.0,"max_hp_loss":0.0,"gold_gain":0.0,"event_name":"Golden Wing","player_choice":"Ignored","floor":11.0,"gold_loss":0.0,"damage_taken":0.0},{"damage_healed":19.0,"max_hp_gain":0.0,"max_hp_loss":0.0,"gold_gain":0.0,"event_name":"Mushrooms","player_choice":"Healed and dodged fight","floor":13.0,"gold_loss":0.0,"damage_taken":0.0,"cards_obtained":["Parasite"]},{"damage_healed":0,"gold_gain":0,"player_choice":"Inject Mutagens","damage_taken":0,"relics_obtained":["MutagenicStrength"],"max_hp_gain":0,"max_hp_loss":0,"event_name":"Drug Dealer","floor":19,"gold_loss":0}],"is_beta":false,"boss_relics":[{"not_picked":["REME_DemonsWealth","Black Star"],"picked":"jedi:hotpepper"}],"items_purged_floors":[20],"is_endless":false,"potions_floor_spawned":[5,7,8,10,16,18],"killed_by":"Snake Plant","ascension_level":18}}