{"host":"36t3qd3wjvajtu1z","time":1611890963,"event":{"mods":["AchievementEnabler","BaseMod","Block Reminder","Colored Powertips","Minty Spire (QoL Compilation)","Permanent Neow","Quick Restart","Random Character Button","Rare Cards Sparkle","Relic Stats","Slay-I","StSLib"],"gold_per_floor":[118,131,131,151,170,196,196,221,221,233,233,261,271,287,287,391,391,402,437,352,364,381,407,407,439,439,458,458,458,468,496,496,593,593,611,63,81,97,319,346,356,385,385,402,428,428,7,27,27,27,27,27,3,30,30],"floor_reached":56,"language":"ENG","playtime":4609,"items_purged":["Strike_G","Strike_G"],"score":2270,"play_id":"c99880e4-97b6-4367-869f-83263c8fe0e4","local_time":"20210128192923","is_ascension_mode":true,"campfire_choices":[{"data":"A Thousand Cuts","floor":7,"key":"SMITH"},{"data":"Adrenaline","floor":11,"key":"SMITH"},{"floor":15,"key":"REST"},{"data":"Venomology","floor":24,"key":"SMITH"},{"data":"Cloak And Dagger","floor":28,"key":"SMITH"},{"data":"Infinite Blades","floor":32,"key":"SMITH"},{"floor":46,"key":"RECALL"},{"data":"After Image","floor":49,"key":"SMITH"},{"data":"Adrenaline","floor":52,"key":"SMITH"}],"circlet_count":0,"master_deck":["AscendersBane","Strike_G","Strike_G","Defend_G","Defend_G","Defend_G+1","Defend_G+1","Defend_G","Survivor","Neutralize","A Thousand Cuts+1","Blade Dance","Dash","Slice","Blade Dance","Choke","Adrenaline+1","Endless Agony","Blur","Infinite Blades+1","Cloak And Dagger+1","Adrenaline+1","PiercingWail+1","Deflect+1","PiercingWail+1","Venomology+1","Parasite","Acrobatics+1","A Thousand Cuts+1","Distraction+1","Venomology","Well Laid Plans+1","After Image","Backflip","Backflip+1","Footwork","Parasite","After Image+1","Infinite Blades","Dagger Throw+1","Acrobatics","Leg Sweep+1"],"relics":["Ring of the Snake","Vajra","War Paint","Strawberry","Gremlin Horn","Cursed Key","Red Mask","Ornamental Fan","PreservedInsect","Matryoshka","InkBottle","Bag of Marbles","Lantern","HoveringKite","TungstenRod","Art of War","Pen Nib","Regal Pillow","Potion Belt","Strange Spoon","Toy Ornithopter"],"acts_visited":["Exordium","TheCity","TheBeyond","TheEnding"],"potions_floor_usage":[6,6,16,19,19,27,31,33,35,37,38,38,40,41,42,42,48,50,50,50,54,54,54,55,55,55,55],"damage_taken":[{"damage":7,"enemies":"Small Slimes","floor":1,"turns":4},{"damage":0,"enemies":"Cultist","floor":2,"turns":4},{"damage":0,"enemies":"Jaw Worm","floor":4,"turns":4},{"damage":3,"enemies":"2 Fungi Beasts","floor":5,"turns":4},{"damage":6,"enemies":"Lagavulin","floor":6,"turns":8},{"damage":17,"enemies":"3 Sentries","floor":8,"turns":6},{"damage":2,"enemies":"3 Louse","floor":10,"turns":3},{"damage":27,"enemies":"Lagavulin","floor":12,"turns":6},{"damage":0,"enemies":"Lots of Slimes","floor":13,"turns":2},{"damage":0,"enemies":"Gremlin Gang","floor":14,"turns":1},{"damage":0,"enemies":"Hexaghost","floor":16,"turns":7},{"damage":2,"enemies":"Shell Parasite","floor":18,"turns":4},{"damage":0,"enemies":"Masked Bandits","floor":19,"turns":3},{"damage":0,"enemies":"Chosen","floor":21,"turns":3},{"damage":13,"enemies":"Snake Plant","floor":22,"turns":3},{"damage":0,"enemies":"Book of Stabbing","floor":23,"turns":5},{"damage":0,"enemies":"Slavers","floor":25,"turns":2},{"damage":0,"enemies":"Shelled Parasite and Fungi","floor":27,"turns":1},{"damage":0,"enemies":"Centurion and Healer","floor":30,"turns":2},{"damage":0,"enemies":"Book of Stabbing","floor":31,"turns":3},{"damage":0,"enemies":"Collector","floor":33,"turns":5},{"damage":0,"enemies":"Orb Walker","floor":35,"turns":2},{"damage":0,"enemies":"3 Shapes","floor":37,"turns":2},{"damage":0,"enemies":"3 Darklings","floor":38,"turns":3},{"damage":4,"enemies":"Nemesis","floor":40,"turns":4},{"damage":0,"enemies":"Sphere and 2 Shapes","floor":41,"turns":3},{"damage":0,"enemies":"Giant Head","floor":42,"turns":5},{"damage":5,"enemies":"Maw","floor":44,"turns":7},{"damage":0,"enemies":"Reptomancer","floor":45,"turns":5},{"damage":0,"enemies":"Transient","floor":48,"turns":5},{"damage":15,"enemies":"Awakened One","floor":50,"turns":9},{"damage":0,"enemies":"Shield and Spear","floor":54,"turns":5},{"damage":37,"enemies":"The Heart","floor":55,"turns":9}],"seed_played":"5274933789451337155","potions_obtained":[{"floor":2,"key":"CunningPotion"},{"floor":5,"key":"SkillPotion"},{"floor":6,"key":"EssenceOfSteel"},{"floor":10,"key":"Ancient Potion"},{"floor":16,"key":"Poison Potion"},{"floor":22,"key":"CunningPotion"},{"floor":23,"key":"GamblersBrew"},{"floor":25,"key":"LiquidMemories"},{"floor":38,"key":"DuplicationPotion"}],"is_trial":false,"path_per_floor":["M","M","?","M","M","E","R","E","T","M","R","E","M","M","R","B",null,"M","?","?","M","M","E","R","E","T","M","R","?","M","E","R","B",null,"M","$","M","M","?","E","M","E","T","M","E","R","$","M","R","B",null,"R","$","E","B",null],"character_chosen":"THE_SILENT","items_purchased":["After Image","TungstenRod","Strange Spoon","Infinite Blades","FearPotion","PowerPotion","Acrobatics"],"campfire_rested":1,"item_purchase_floors":[36,36,47,47,47,47,53],"current_hp_per_floor":[56,56,56,56,53,47,47,30,37,35,35,8,8,8,31,31,66,64,64,64,64,51,51,51,51,51,51,51,51,51,51,51,51,71,71,71,71,71,71,67,67,67,67,62,62,62,62,62,62,47,70,70,70,70,47],"gold":30,"neow_bonus":"ONE_RANDOM_RARE_CARD","is_daily":false,"chose_seed":false,"campfire_upgraded":7,"win_rate":0.0,"timestamp":1611890963,"path_taken":["M","M","?","M","M","E","R","E","T","M","R","E","?","M","R","BOSS","M","?","?","M","M","E","R","E","T","M","R","?","?","E","R","BOSS","M","$","M","?","?","E","M","E","T","M","E","R","$","M","R","BOSS","R","$","E","BOSS"],"items_purchased_type":["Card","Relic","Relic","Card","Potion","Potion","Card"],"build_version":"2020-12-22","purchased_purges":2,"victory":true,"max_hp_per_floor":[70,70,70,70,70,70,70,70,77,77,77,77,77,77,77,77,77,77,77,77,77,77,77,77,77,77,77,77,77,77,77,77,77,77,77,77,77,77,77,77,77,77,77,77,77,77,77,77,77,77,77,77,77,77,77],"relic_stats":{"Regal Pillow":0,"Gremlin Horn":[29,29],"counters":[33,139],"HoveringKite":[25],"PreservedInsect":401,"Pen Nib":[18],"War Paint":["Defend_G","Defend_G"],"Cursed Key":2,"Strange Spoon":[66],"Ornamental Fan":[400],"Art of War":[2],"obtain_stats":[{"Potion Belt":45,"Lantern":31,"Regal Pillow":43,"Gremlin Horn":12,"Vajra":6,"HoveringKite":34,"PreservedInsect":23,"Pen Nib":42,"War Paint":8,"Cursed Key":17,"Strange Spoon":47,"Matryoshka":25,"Ornamental Fan":20,"Strawberry":9,"Red Mask":19,"Bag of Marbles":26,"Art of War":40,"InkBottle":26,"TungstenRod":36,"Toy Ornithopter":54,"Ring of the Snake":0},{"Potion Belt":29,"Lantern":20,"Regal Pillow":27,"Gremlin Horn":8,"Vajra":5,"HoveringKite":21,"PreservedInsect":16,"Pen Nib":27,"War Paint":6,"Cursed Key":11,"Strange Spoon":29,"Matryoshka":17,"Ornamental Fan":13,"Strawberry":6,"Red Mask":13,"Bag of Marbles":17,"Art of War":25,"InkBottle":17,"TungstenRod":22,"Toy Ornithopter":32,"Ring of the Snake":0},{"Potion Belt":111,"Lantern":75,"Regal Pillow":99,"Gremlin Horn":39,"Vajra":24,"HoveringKite":80,"PreservedInsect":67,"Pen Nib":99,"War Paint":30,"Cursed Key":49,"Strange Spoon":111,"Matryoshka":69,"Ornamental Fan":56,"Strawberry":30,"Red Mask":56,"Bag of Marbles":69,"Art of War":91,"InkBottle":69,"TungstenRod":82,"Toy Ornithopter":130,"Ring of the Snake":0}],"InkBottle":[67],"TungstenRod":10,"Toy Ornithopter":14,"Ring of the Snake":[66]},"card_choices":[{"not_picked":["Cloak And Dagger","Skewer"],"picked":"Blade Dance","floor":1},{"not_picked":["Calculated Gamble","Blur"],"picked":"Dash","floor":2},{"not_picked":["Dagger Throw","Dodge and Roll"],"picked":"Slice","floor":4},{"not_picked":["Slice","Acrobatics"],"picked":"Blade Dance","floor":5},{"not_picked":["Escape Plan","Dash"],"picked":"Choke","floor":6},{"not_picked":["Quick Slash","Glass Knife"],"picked":"Adrenaline","floor":8},{"not_picked":["Quick Slash","Sucker Punch"],"picked":"Endless Agony","floor":10},{"not_picked":["Riddle With Holes","Backstab"],"picked":"Blur","floor":12},{"not_picked":["Deadly Poison","Setup"],"picked":"Infinite Blades","floor":13},{"not_picked":["Quick Slash","Endless Agony"],"picked":"Cloak And Dagger","floor":14},{"not_picked":["Venomology","Wraith Form v2"],"picked":"Adrenaline","floor":16},{"not_picked":["Deflect","Acrobatics"],"picked":"PiercingWail+1","floor":18},{"not_picked":["Flechettes+1","Expertise"],"picked":"Deflect+1","floor":19},{"not_picked":["Underhanded Strike","Poisoned Stab","Expertise"],"picked":"SKIP","floor":21},{"not_picked":["Deflect","Bane+1"],"picked":"PiercingWail+1","floor":22},{"not_picked":["Deflect","Deadly Poison+1"],"picked":"Venomology","floor":23},{"not_picked":["Deadly Poison","Dagger Throw","Flying Knee+1"],"picked":"SKIP","floor":25},{"not_picked":["Bane+1","Finisher+1"],"picked":"Acrobatics+1","floor":27},{"not_picked":["Outmaneuver","Choke"],"picked":"Distraction+1","floor":30},{"not_picked":["Reflex","Cloak And Dagger","Slice+1"],"picked":"SKIP","floor":31},{"not_picked":["Unload","Grand Finale"],"picked":"Venomology","floor":33},{"not_picked":["Dash+1","Finisher"],"picked":"Well Laid Plans+1","floor":35},{"not_picked":["Deflect+1","Cloak And Dagger"],"picked":"Backflip","floor":37},{"not_picked":["Slice","Well Laid Plans"],"picked":"Backflip+1","floor":38},{"not_picked":["Quick Slash+1","Sucker Punch+1","Glass Knife"],"picked":"SKIP","floor":40},{"not_picked":["Infinite Blades","Eviscerate+1"],"picked":"Footwork","floor":41},{"not_picked":["All Out Attack","Quick Slash+1","Dagger Spray"],"picked":"SKIP","floor":42},{"not_picked":["All Out Attack","Quick Slash+1","Dagger Spray"],"picked":"SKIP","floor":42},{"not_picked":["Flying Knee","Predator+1","Bouncing Flask"],"picked":"SKIP","floor":44},{"not_picked":["Terror","Flechettes+1"],"picked":"After Image","floor":45},{"not_picked":["Deflect+1","All Out Attack+1"],"picked":"Dagger Throw+1","floor":48},{"not_picked":["Doppelganger","Quick Slash+1"],"picked":"Leg Sweep+1","floor":54}],"player_experience":362398,"relics_obtained":[{"floor":6,"key":"Vajra"},{"floor":8,"key":"War Paint"},{"floor":9,"key":"Strawberry"},{"floor":12,"key":"Gremlin Horn"},{"floor":19,"key":"Red Mask"},{"floor":23,"key":"PreservedInsect"},{"floor":25,"key":"Matryoshka"},{"floor":26,"key":"InkBottle"},{"floor":26,"key":"Bag of Marbles"},{"floor":31,"key":"Lantern"},{"floor":40,"key":"Art of War"},{"floor":42,"key":"Pen Nib"},{"floor":43,"key":"Regal Pillow"},{"floor":45,"key":"Potion Belt"},{"floor":54,"key":"Toy Ornithopter"}],"event_choices":[{"cards_removed":["Strike_G"],"damage_healed":0,"gold_gain":0,"player_choice":"Offered Basic","damage_taken":0,"max_hp_gain":0,"max_hp_loss":0,"event_name":"Bonfire Elementals","floor":3,"gold_loss":0},{"damage_healed":0,"gold_gain":0,"player_choice":"Fought Bandits","damage_taken":0,"max_hp_gain":0,"max_hp_loss":0,"event_name":"Masked Bandits","floor":19,"gold_loss":0},{"damage_healed":0,"gold_gain":0,"player_choice":"Obtained Relic","damage_taken":0,"relics_obtained":["Ornamental Fan"],"max_hp_gain":0,"max_hp_loss":0,"event_name":"Addict","floor":20,"gold_loss":85},{"damage_healed":0,"gold_gain":0,"player_choice":"Copied","damage_taken":0,"max_hp_gain":0,"max_hp_loss":0,"event_name":"Duplicator","floor":29,"gold_loss":0,"cards_obtained":["A Thousand Cuts"]},{"damage_healed":0,"gold_gain":222,"player_choice":"Wore Mask","damage_taken":0,"max_hp_gain":0,"max_hp_loss":0,"event_name":"Tomb of Lord Red Mask","floor":39,"gold_loss":0}],"is_beta":false,"boss_relics":[{"not_picked":["Philosopher\u0027s Stone","Astrolabe"],"picked":"Cursed Key"},{"not_picked":["Black Star","Coffee Dripper"],"picked":"HoveringKite"}],"items_purged_floors":[36,47],"is_endless":false,"potions_floor_spawned":[2,5,6,10,16,22,23,25,30,38,41,44],"ascension_level":11}}