{"host":"April","time":1611887315,"event":{"mods":["BaseMod","Minty Spire (QoL Compilation)"],"gold_per_floor":[212,69,69,69,79,79,104,104,104,131,149,181,181,181,181,311,311,325,341,341,56,56,96,131,143,155,211,223,270,295,325,337,474,486,523,229,252,109,134,134,174,199,199,217,217,255,270,290,290,290],"floor_reached":51,"language":"ENG","playtime":3778,"items_purged":[],"score":925,"play_id":"9f2061e1-b143-401f-a57a-631a94c42e95","local_time":"20210128182835","is_ascension_mode":true,"campfire_choices":[{"data":"Fusion","floor":6.0,"key":"SMITH"},{"floor":8.0,"key":"REST"},{"floor":15.0,"key":"REST"},{"floor":25.0,"key":"REST"},{"floor":32.0,"key":"REST"},{"data":"Chill","floor":40.0,"key":"SMITH"},{"data":"Darkness","floor":49,"key":"SMITH"}],"circlet_count":0,"master_deck":["Strike_B","Strike_B","Strike_B","Strike_B","Defend_B","Defend_B","Defend_B","Defend_B+1","Zap","Dualcast+1","Rebound","Fusion+1","Undo","Reinforced Body","Ball Lightning","Core Surge","Electrodynamics","Turbo+1","Static Discharge","White Noise","Chill+1","Consume+1","Redo","Defragment","Creative AI","Compile Driver","Capacitor","Sunder+1","Chill","Parasite","Machine Learning","FTL+1","Darkness+1"],"relics":["FrozenCore","Happy Flower","Anchor","Omamori","Pen Nib","Darkstone Periapt","Golden Idol","Philosopher\u0027s Stone","Emotion Chip","WarpedTongs","MawBank","FossilizedHelix","MealTicket","Bag of Preparation","Mummified Hand","Runic Capacitor","Shuriken","Regal Pillow","Kunai","Unceasing Top"],"acts_visited":["Exordium","TheCity","TheBeyond"],"potions_floor_usage":[48,48,48,50,50],"damage_taken":[{"damage":1.0,"enemies":"Cultist","floor":1.0,"turns":3.0},{"damage":0.0,"enemies":"2 Louse","floor":5.0,"turns":1.0},{"damage":23.0,"enemies":"3 Sentries","floor":7.0,"turns":7.0},{"damage":27.0,"enemies":"Gremlin Nob","floor":10.0,"turns":4.0},{"damage":0.0,"enemies":"Small Slimes","floor":11.0,"turns":2.0},{"damage":5.0,"enemies":"Lagavulin","floor":12.0,"turns":6.0},{"damage":6.0,"enemies":"The Guardian","floor":16.0,"turns":13.0},{"damage":7.0,"enemies":"Spheric Guardian","floor":18.0,"turns":4.0},{"damage":7.0,"enemies":"2 Thieves","floor":19.0,"turns":3.0},{"damage":34.0,"enemies":"Gremlin Leader","floor":23.0,"turns":5.0},{"damage":9.0,"enemies":"Sentry and Sphere","floor":24.0,"turns":4.0},{"damage":23.0,"enemies":"Slavers","floor":27.0,"turns":5.0},{"damage":10.0,"enemies":"Book of Stabbing","floor":29.0,"turns":5.0},{"damage":14.0,"enemies":"Cultist and Chosen","floor":30.0,"turns":6.0},{"damage":0.0,"enemies":"Snecko","floor":31.0,"turns":5.0},{"damage":28.0,"enemies":"Automaton","floor":33.0,"turns":11.0},{"damage":25.0,"enemies":"3 Darklings","floor":35.0,"turns":5.0},{"damage":0.0,"enemies":"Orb Walker","floor":37.0,"turns":4.0},{"damage":0.0,"enemies":"Jaw Worm Horde","floor":39.0,"turns":5.0},{"damage":16.0,"enemies":"Reptomancer","floor":41.0,"turns":7.0},{"damage":0.0,"enemies":"Writhing Mass","floor":44.0,"turns":6.0},{"damage":0.0,"enemies":"Nemesis","floor":46.0,"turns":7.0},{"damage":0.0,"enemies":"3 Darklings","floor":47.0,"turns":4.0},{"damage":0,"enemies":"Transient","floor":48,"turns":5},{"damage":0,"enemies":"Awakened One","floor":50,"turns":10}],"seed_played":"-5889737018944857588","potions_obtained":[{"floor":5.0,"key":"DuplicationPotion"},{"floor":7.0,"key":"Energy Potion"},{"floor":11.0,"key":"DuplicationPotion"},{"floor":12.0,"key":"Fruit Juice"},{"floor":16.0,"key":"LiquidBronze"},{"floor":20.0,"key":"Fruit Juice"},{"floor":20.0,"key":"LiquidBronze"},{"floor":20.0,"key":"BlessingOfTheForge"},{"floor":27.0,"key":"LiquidMemories"},{"floor":29.0,"key":"Strength Potion"},{"floor":30.0,"key":"LiquidMemories"},{"floor":31.0,"key":"LiquidMemories"},{"floor":35.0,"key":"EntropicBrew"},{"floor":41.0,"key":"ColorlessPotion"},{"floor":44.0,"key":"Strength Potion"},{"floor":46.0,"key":"EntropicBrew"},{"floor":48,"key":"PowerPotion"}],"is_trial":false,"path_per_floor":["M","$","?","?","M","R","E","R","T","E","M","E","?","?","R","B",null,"M","M","?","$","?","E","M","R","T","E","$","E","M","M","R","B",null,"M","$","M","$","M","R","E","T","T","M","?","E","M","M","R","B",null],"character_chosen":"DEFECT","items_purchased":["Happy Flower","Emotion Chip","Mummified Hand","Capacitor","Runic Capacitor"],"campfire_rested":4,"item_purchase_floors":[2,21,36,36,38],"current_hp_per_floor":[74,74,59,59,59,59,36,58,58,31,31,26,26,26,48,47,80,73,66,71,71,71,37,28,53,53,30,45,35,21,21,46,18,85,60,75,75,85,85,85,69,69,69,75,75,75,75,75,75,75],"gold":290,"neow_bonus":"HUNDRED_GOLD","is_daily":false,"chose_seed":false,"campfire_upgraded":3,"win_rate":0.0,"timestamp":1611887315,"path_taken":["M","$","?","?","M","R","E","R","T","E","M","E","?","?","R","BOSS","M","M","?","?","?","E","M","R","T","E","$","E","M","M","R","BOSS","M","?","M","$","M","R","E","?","T","M","?","E","M","?","R","BOSS"],"items_purchased_type":["Relic","Relic","Relic","Card","Relic"],"build_version":"2020-12-18","purchased_purges":0,"victory":true,"max_hp_per_floor":[75,75,75,75,75,75,75,75,75,75,75,75,75,75,75,80,80,80,80,85,85,85,85,85,85,85,85,85,85,85,85,85,85,85,85,85,85,85,85,85,85,85,85,91,91,91,91,91,91,91],"card_choices":[{"not_picked":["Coolheaded","Steam"],"picked":"Rebound","floor":1.0},{"not_picked":["Turbo","Recycle"],"picked":"Fusion","floor":5.0},{"not_picked":["Double Energy","Steam"],"picked":"Beam Cell","floor":7.0},{"not_picked":["Turbo","Leap"],"picked":"Undo","floor":10.0},{"not_picked":["Stack","Gash"],"picked":"Reinforced Body","floor":11.0},{"not_picked":["Steam Power","Barrage"],"picked":"Ball Lightning","floor":12.0},{"not_picked":["Fission","Seek"],"picked":"Electrodynamics","floor":16.0},{"not_picked":["Redo","Steam Power"],"picked":"Turbo+1","floor":18.0},{"not_picked":["Force Field","Aggregate+1"],"picked":"Static Discharge","floor":19.0},{"not_picked":["Steam","Loop"],"picked":"White Noise","floor":23.0},{"not_picked":["Leap+1","Cold Snap"],"picked":"Chill","floor":24.0},{"not_picked":["Sunder","Beam Cell"],"picked":"Consume+1","floor":27.0},{"not_picked":["BootSequence","Barrage+1"],"picked":"Redo","floor":29.0},{"not_picked":["Barrage","Reprogram+1"],"picked":"Defragment","floor":30.0},{"not_picked":["Beam Cell+1","Rip and Tear","Scrape"],"picked":"SKIP","floor":31.0},{"not_picked":["Multi-Cast","All For One"],"picked":"Creative AI","floor":33.0},{"not_picked":["Aggregate","Go for the Eyes+1"],"picked":"Compile Driver","floor":35.0},{"not_picked":["White Noise+1","Go for the Eyes"],"picked":"Sunder+1","floor":37.0},{"not_picked":["Beam Cell+1","Sunder","Go for the Eyes+1"],"picked":"SKIP","floor":39.0},{"not_picked":["Beam Cell","Go for the Eyes"],"picked":"Chill","floor":41.0},{"not_picked":["Leap+1","Fusion+1","Go for the Eyes+1"],"picked":"SKIP","floor":44.0},{"not_picked":["Steam+1","Amplify"],"picked":"FTL+1","floor":46.0},{"not_picked":["Gash+1","Rebound+1"],"picked":"Darkness","floor":47.0},{"not_picked":["Stack+1","Streamline+1","Leap+1"],"picked":"SKIP","floor":48}],"player_experience":2621523,"relics_obtained":[{"floor":7.0,"key":"Anchor"},{"floor":9.0,"key":"Omamori"},{"floor":10.0,"key":"Pen Nib"},{"floor":12.0,"key":"Darkstone Periapt"},{"floor":23.0,"key":"MawBank"},{"floor":26.0,"key":"FossilizedHelix"},{"floor":27.0,"key":"MealTicket"},{"floor":29.0,"key":"Bag of Preparation"},{"floor":41.0,"key":"Shuriken"},{"floor":42.0,"key":"Regal Pillow"},{"floor":43.0,"key":"Kunai"},{"floor":46.0,"key":"Unceasing Top"}],"event_choices":[{"damage_healed":0.0,"max_hp_gain":0.0,"max_hp_loss":0.0,"gold_gain":0.0,"event_name":"Shining Light","player_choice":"Entered Light","floor":3.0,"gold_loss":0.0,"damage_taken":15.0,"cards_upgraded":["Dualcast","Defend_B"]},{"damage_healed":0.0,"max_hp_gain":0.0,"max_hp_loss":0.0,"gold_gain":0.0,"event_name":"The Cleric","player_choice":"Leave","floor":4.0,"gold_loss":0.0,"damage_taken":0.0},{"damage_healed":0.0,"max_hp_gain":0.0,"max_hp_loss":0.0,"gold_gain":0.0,"event_name":"Golden Idol","player_choice":"Take Wound","floor":13.0,"gold_loss":0.0,"damage_taken":0.0,"relics_obtained":["Golden Idol"],"cards_obtained":["Injury"]},{"damage_healed":0.0,"max_hp_gain":0.0,"max_hp_loss":0.0,"gold_gain":0.0,"cards_transformed":["Beam Cell"],"event_name":"Living Wall","player_choice":"Change","floor":14.0,"gold_loss":0.0,"damage_taken":0.0,"cards_obtained":["Core Surge"]},{"damage_healed":0.0,"max_hp_gain":0.0,"max_hp_loss":0.0,"gold_gain":0.0,"event_name":"Lab","player_choice":"Got Potions","floor":20.0,"gold_loss":0.0,"damage_taken":0.0},{"damage_healed":0.0,"max_hp_gain":0.0,"max_hp_loss":0.0,"gold_gain":0.0,"event_name":"Accursed Blacksmith","player_choice":"Rummage","floor":22.0,"gold_loss":0.0,"damage_taken":0.0,"relics_obtained":["WarpedTongs"],"cards_obtained":["Pain"]},{"damage_healed":0.0,"max_hp_gain":0.0,"max_hp_loss":0.0,"gold_gain":0.0,"event_name":"Match and Keep!","player_choice":"1 cards matched","floor":45.0,"gold_loss":0.0,"damage_taken":0.0,"cards_obtained":["Machine Learning"]}],"is_beta":true,"boss_relics":[{"not_picked":["Coffee Dripper","Empty Cage"],"picked":"Philosopher\u0027s Stone"},{"not_picked":["Velvet Choker","Runic Dome"],"picked":"FrozenCore"}],"items_purged_floors":[],"is_endless":false,"potions_floor_spawned":[5,7,11,12,16,27,29,30,31,35,41,44,46,48],"ascension_level":1}}