{"host":"8d3fefv2347kqkpz","time":1611922517,"event":{"mods":["AchievementEnabler","Act Like it!","Aspiration","BaseMod","Better Vampires","Colored Map","Colored Powertips","Conspire","GifTheSpireLib","Highlight Path","Hubris","Mimic Mod","Minty Spire (QoL Compilation)","Quick Restart","Rare Cards Sparkle","Relic Stats","Replay The Spire","Spicy Shops","StSLib","The Jungle","Waifu the Spire"],"gold_per_floor":[112,130,144,69,69,69,82,82,159,334,334,334],"floor_reached":11,"language":"ZHS","playtime":376,"items_purged":["Spreading Infection"],"score":63,"play_id":"b7c88e54-527d-44c7-aadb-f6d9d668b512","local_time":"20210129201517","is_ascension_mode":false,"campfire_choices":[{"data":"Neutralize","floor":6.0,"key":"SMITH"}],"circlet_count":0,"master_deck":["Strike_G","Strike_G+1","Strike_G","Strike_G","Defend_G","Defend_G","Defend_G","Defend_G","Defend_G","Survivor+1","Neutralize+1","Malaise","Doubt"],"relics":["Ring of the Snake","conspire:InfiniteJournal","Blue Candle"],"acts_visited":[],"potions_floor_usage":[],"damage_taken":[{"damage":4.0,"enemies":"Cultist","floor":1.0,"turns":5.0},{"damage":0.0,"enemies":"2 Louse","floor":2.0,"turns":3.0},{"damage":6.0,"enemies":"Jaw Worm","floor":3.0,"turns":5.0},{"damage":7,"enemies":"Large Slime","floor":7,"turns":13},{"damage":18,"enemies":"Lagavulin","floor":11,"turns":10}],"seed_played":"-4895977295737180219","potions_obtained":[{"floor":1.0,"key":"Reflective Coating"},{"floor":3.0,"key":"LiquidMemories"},{"floor":7,"key":"Languid Potion"}],"is_trial":false,"path_per_floor":["M","M","M","$","?","R","M","?","T","?","E"],"character_chosen":"THE_SILENT","items_purchased":[],"campfire_rested":0,"item_purchase_floors":[],"current_hp_per_floor":[66,66,60,60,46,46,39,32,32,32,14,14],"gold":334,"neow_bonus":"ONE_RARE_RELIC","is_daily":false,"chose_seed":false,"campfire_upgraded":1,"win_rate":0.0,"timestamp":1611922517,"path_taken":["M","M","M","$","?","R","M","?","T","?","E"],"items_purchased_type":[],"build_version":"2020-12-22","purchased_purges":1,"victory":false,"max_hp_per_floor":[70,70,70,70,70,70,70,70,70,70,70,70],"relic_stats":{"counters":[5,36],"Blue Candle":[0],"obtain_stats":[{"Blue Candle":9,"Ring of the Snake":0,"conspire:InfiniteJournal":0},{"Blue Candle":4,"Ring of the Snake":0,"conspire:InfiniteJournal":0},{"Blue Candle":26,"Ring of the Snake":0,"conspire:InfiniteJournal":0}],"Ring of the Snake":[10]},"card_choices":[{"not_picked":["Backflip","Choke","ReplayTheSpireMod:Speed Training"],"picked":"SKIP","floor":1.0},{"not_picked":["Bane","Sucker Punch","Masterful Stab"],"picked":"SKIP","floor":2.0},{"not_picked":["Predator","All Out Attack","Underhanded Strike"],"picked":"SKIP","floor":3.0},{"not_picked":["Setup","Poisoned Stab"],"picked":"Malaise","floor":7}],"player_experience":224465,"relics_obtained":[{"floor":9,"key":"Blue Candle"}],"event_choices":[{"damage_healed":0.0,"max_hp_gain":0.0,"max_hp_loss":0.0,"gold_gain":0.0,"event_name":"Shining Light","player_choice":"Entered Light","floor":5.0,"gold_loss":0.0,"damage_taken":14.0,"cards_upgraded":["Strike_G","Survivor"]},{"cards_removed":["Strike_G"],"damage_healed":0,"gold_gain":0,"player_choice":"Card Removal","damage_taken":7,"max_hp_gain":0,"max_hp_loss":0,"event_name":"Golden Wing","floor":8,"gold_loss":0},{"damage_healed":0,"gold_gain":175,"player_choice":"AGREE","damage_taken":0,"max_hp_gain":0,"max_hp_loss":0,"event_name":"Liars Game","floor":10,"gold_loss":0,"cards_obtained":["Doubt"]}],"is_beta":false,"boss_relics":[],"items_purged_floors":[4],"is_endless":false,"potions_floor_spawned":[1,3,7],"killed_by":"Lagavulin","ascension_level":0}}