{"host":"9slw7l0ws16384qq","time":1611902428,"event":{"mods":["A Penny For Your Troubles","BaseMod","Colored Map","Downfall","Evolution","Hubris","Minty Spire (QoL Compilation)","Replay The Spire","StS++","StSLib"],"gold_per_floor":[99,112,131,68,79,79,379,379,407,407,243,243,243,258,270,375,375,375,386,402,419,438,237,237,263,13,32,32,210,210,225,245,345,345,345,355,655,674,774,791,844,860,740,768,778,778,792,792,804,805],"floor_reached":51,"language":"FRA","playtime":4273,"items_purged":["Guardian:Defend_Guardian","Guardian:Defend_Guardian","Guardian:Strike_Guardian","Guardian:Gem_White"],"score":728,"play_id":"198c6d6d-3887-4b7a-922e-68fde7688d9f","local_time":"20210129074028","is_ascension_mode":false,"campfire_choices":[{"data":"Guardian:CurlUp","floor":1.0,"key":"SMITH"},{"data":"Guardian:TwinSlam","floor":6.0,"key":"SMITH"},{"data":"Guardian:DecasProtection","floor":10.0,"key":"SMITH"},{"data":"Guardian:SentryBeam","floor":13.0,"key":"SMITH"},{"data":"Guardian:ExploitGems","floor":18.0,"key":"SMITH"},{"data":"Guardian:CompilePackage","floor":28.0,"key":"SMITH"},{"data":"Guardian:PiercingHide","floor":35.0,"key":"SMITH"},{"data":"Guardian:PiercingHide","floor":48,"key":"SMITH"}],"circlet_count":0,"master_deck":["expansioncontent:QuickStudy+1","Guardian:Strike_Guardian","Guardian:Strike_Guardian","Guardian:Defend_Guardian","Guardian:Defend_Guardian","Guardian:CurlUp+1","Guardian:TwinSlam+1","Guardian:DecasProtection+1","Guardian:SentryBeam+1","Guardian:SentryBeam","Guardian:PiercingHide+1","Guardian:ExploitGems+1","Guardian:PiercingHide+1","expansioncontent:PolyBeam+1","Guardian:CompilePackage+1"],"relics":["Guardian:ModeShifter","EVO:Axolotl","Old Coin","Blood Vial","CultistMask","SlaversCollar","The Courier","hubris:SphereOfDissonance","Thread and Needle","SacredBark","Akabeko","Onion Ring"],"acts_visited":["Exordium","TheCity","TheBeyond"],"potions_floor_usage":[50,50],"damage_taken":[{"damage":0.0,"enemies":"Cultist","floor":2.0,"turns":3.0},{"damage":0.0,"enemies":"Jaw Worm","floor":3.0,"turns":2.0},{"damage":0.0,"enemies":"downfall:FleeingMerchant","floor":4.0,"turns":4.0},{"damage":0.0,"enemies":"Small Slimes","floor":5.0,"turns":3.0},{"damage":18.0,"enemies":"Lagavulin","floor":9.0,"turns":7.0},{"damage":3.0,"enemies":"downfall:FleeingMerchant","floor":11.0,"turns":4.0},{"damage":7.0,"enemies":"3 Louse","floor":14.0,"turns":3.0},{"damage":0.0,"enemies":"Gremlin Gang","floor":15.0,"turns":5.0},{"damage":20.0,"enemies":"IC_STATUS_ARCHETYPE","floor":16.0,"turns":10.0},{"damage":0.0,"enemies":"Shell Parasite","floor":19.0,"turns":6.0},{"damage":0.0,"enemies":"Chosen","floor":20.0,"turns":4.0},{"damage":6.0,"enemies":"Shelled Parasite and Fungi","floor":21.0,"turns":5.0},{"damage":11.0,"enemies":"Snake Plant","floor":22.0,"turns":5.0},{"damage":2.0,"enemies":"downfall:FleeingMerchant","floor":23.0,"turns":4.0},{"damage":5.0,"enemies":"Book of Stabbing","floor":25.0,"turns":5.0},{"damage":9.0,"enemies":"downfall:FleeingMerchant","floor":26.0,"turns":4.0},{"damage":0.0,"enemies":"Snecko","floor":27.0,"turns":5.0},{"damage":0.0,"enemies":"downfall:FleeingMerchant","floor":29.0,"turns":3.0},{"damage":6.0,"enemies":"3 Cultists","floor":31.0,"turns":3.0},{"damage":0.0,"enemies":"Snake Plant","floor":32.0,"turns":3.0},{"damage":3.0,"enemies":"SI_MIRROR_ARCHETYPE","floor":33.0,"turns":12.0},{"damage":0.0,"enemies":"3 Shapes","floor":36.0,"turns":4.0},{"damage":16.0,"enemies":"3 Darklings","floor":38.0,"turns":3.0},{"damage":0.0,"enemies":"4 Shapes","floor":40.0,"turns":4.0},{"damage":1,"enemies":"Writhing Mass","floor":42,"turns":7},{"damage":0,"enemies":"R_Hoarder","floor":44,"turns":14},{"damage":1,"enemies":"Maw","floor":45,"turns":8},{"damage":0,"enemies":"Spire Growth","floor":47,"turns":4},{"damage":0,"enemies":"Jaw Worm Horde","floor":49,"turns":4},{"damage":17,"enemies":"WA_ARCHETYPE_DIVINITY","floor":50,"turns":20}],"seed_played":"-8119417359300602150","potions_obtained":[{"floor":5.0,"key":"Languid Potion"},{"floor":9.0,"key":"Block Potion"},{"floor":16.0,"key":"sneckomod:MuddlingPotion"},{"floor":19.0,"key":"Explosive Potion"},{"floor":22.0,"key":"FearPotion"},{"floor":31.0,"key":"Explosive Potion"},{"floor":32.0,"key":"FairyPotion"},{"floor":45,"key":"Dexterity Potion"}],"is_trial":false,"path_per_floor":["R","M","M","$","M","R","T","?","E","R","$","?","R","M","M","B",null,"R","M","M","M","M","$","T","E","$","M","R","$","?","M","M","B",null,"R","M","?","M","?","M","T","M","$","E","M","?","M","R","M","B",null],"character_chosen":"GUARDIAN","items_purchased":["Guardian:Gem_Cyan","Guardian:SentryBeam","expansioncontent:PolyBeam","Thread and Needle","Doom Potion"],"campfire_rested":0,"item_purchase_floors":[4,11,23,26,29],"current_hp_per_floor":[80,80,80,80,80,80,80,80,62,62,61,61,61,56,58,40,80,80,80,80,74,65,65,65,62,55,57,57,59,59,55,57,56,80,80,80,80,64,64,66,66,67,67,69,70,70,72,72,74,59],"gold":805,"neow_bonus":"REMOVE_CARD","is_daily":false,"chose_seed":false,"campfire_upgraded":8,"win_rate":0.0,"timestamp":1611902428,"path_taken":["R","M","?","$","M","R","T","?","E","R","$","?","R","?","M","BOSS","R","M","M","M","M","$","T","E","$","M","R","$","?","M","M","BOSS","R","M","?","?","?","?","T","?","$","E","M","?","M","R","M","BOSS"],"items_purchased_type":["Card","Card","Card","Relic","Potion"],"build_version":"2020-12-22","purchased_purges":4,"victory":true,"max_hp_per_floor":[80,80,80,80,80,80,80,80,80,80,80,80,80,80,80,80,80,80,80,80,80,80,80,80,80,80,80,80,80,80,80,80,80,80,80,80,80,80,80,80,80,80,80,80,80,80,80,80,80,80],"card_choices":[{"not_picked":["Guardian:Incinerate","Guardian:Suspension"],"picked":"Guardian:Gem_White","floor":2.0},{"not_picked":["Guardian:Gem_Red","Guardian:ShieldCharger","Guardian:TemporalShield"],"picked":"SKIP","floor":3.0},{"not_picked":["Guardian:BronzeOrb","Guardian:Suspension"],"picked":"Guardian:Gem_Purple","floor":4.0},{"not_picked":["Guardian:Planning","Guardian:Emergency","Guardian:CrystalBeam"],"picked":"SKIP","floor":5.0},{"not_picked":["Guardian:MultiBeam","Guardian:ShieldCharger"],"picked":"Guardian:DecasProtection","floor":9.0},{"not_picked":["Guardian:ShieldCharger","Guardian:RollAttack"],"picked":"Guardian:SentryBeam","floor":11.0},{"not_picked":["Guardian:CrystalBeam","Guardian:ChargeUp"],"picked":"Guardian:Gem_Cyan","floor":14.0},{"not_picked":["Guardian:VentSteam","Guardian:ShieldCharger"],"picked":"Guardian:PiercingHide","floor":15.0},{"not_picked":["Guardian:StasisEngine","Guardian:StasisField"],"picked":"Guardian:ExploitGems","floor":16.0},{"not_picked":["Guardian:WalkerClaw+1","Guardian:ChargeCore"],"picked":"Guardian:PiercingHide","floor":19.0},{"not_picked":["Guardian:VentSteam","Guardian:Preprogram"],"picked":"Guardian:Gem_Lightblue","floor":20.0},{"not_picked":["Guardian:ChargeCore","Guardian:Clone"],"picked":"Guardian:Gem_Cyan","floor":21.0},{"not_picked":["Guardian:Planning","Guardian:DonusPower"],"picked":"Guardian:Gem_White","floor":22.0},{"not_picked":["Guardian:Gem_Green","Guardian:TemporalShield","Guardian:PrismaticBeam"],"picked":"SKIP","floor":23.0},{"not_picked":["Guardian:CompilePackage","Guardian:GatlingBeam"],"picked":"Guardian:Gem_Fragmented","floor":25.0},{"not_picked":["Guardian:WalkerClaw","Guardian:RollAttack+1"],"picked":"Guardian:CompilePackage","floor":26.0},{"not_picked":["Guardian:CrystalBeam","Guardian:Incinerate","Guardian:ShieldCharger"],"picked":"SKIP","floor":27.0},{"not_picked":["Guardian:AncientConstruct","Guardian:Gem_Yellow","Guardian:Incinerate+1"],"picked":"SKIP","floor":29.0},{"not_picked":["Guardian:DecasProtection+1","Guardian:BodySlam","Guardian:RefractedBeam+1"],"picked":"SKIP","floor":31.0},{"not_picked":["Guardian:DecasProtection+1","Guardian:BodySlam","Guardian:RefractedBeam+1"],"picked":"SKIP","floor":31.0},{"not_picked":["Guardian:PrimingBeam","Guardian:Gem_Red","Guardian:RefractedBeam"],"picked":"SKIP","floor":32.0},{"not_picked":["Guardian:BronzeArmor","Guardian:WalkerClaw+1","Guardian:Gem_Red"],"picked":"SKIP","floor":36.0},{"not_picked":["Guardian:Gem_Lightblue","Guardian:Gem_Cyan","Guardian:Planning"],"picked":"SKIP","floor":38.0},{"not_picked":["Guardian:Repulse+1","Guardian:Gem_Purple","Guardian:PiercingHide+1"],"picked":"SKIP","floor":40.0},{"not_picked":["Guardian:WalkerClaw+1","Guardian:PrimingBeam+1","Guardian:Preprogram+1"],"picked":"SKIP","floor":42},{"not_picked":["Guardian:ArmoredProtocol","Guardian:Recover+1","Guardian:ChargeCore+1"],"picked":"SKIP","floor":44},{"not_picked":["Guardian:PiercingHide","Guardian:Gem_Green","Guardian:PrimingBeam+1"],"picked":"SKIP","floor":45},{"not_picked":["Guardian:TimeBomb+1","Guardian:Planning","Guardian:Emergency"],"picked":"SKIP","floor":47},{"not_picked":["Guardian:Reroute+1","Guardian:Orbwalk","Guardian:Gem_Green"],"picked":"SKIP","floor":49}],"player_experience":1520317,"relics_obtained":[{"floor":7.0,"key":"Old Coin"},{"floor":9.0,"key":"Blood Vial"},{"floor":24.0,"key":"The Courier"},{"floor":25.0,"key":"hubris:SphereOfDissonance"},{"floor":41.0,"key":"Akabeko"},{"floor":44,"key":"Onion Ring"}],"event_choices":[{"damage_healed":0.0,"max_hp_gain":0.0,"max_hp_loss":0.0,"gold_gain":0.0,"event_name":"FaceTrader","player_choice":"Trade","floor":12.0,"gold_loss":0.0,"damage_taken":0.0,"relics_obtained":["CultistMask"]},{"damage_healed":0.0,"max_hp_gain":0.0,"max_hp_loss":0.0,"gold_gain":300.0,"event_name":"Wheel of Change","player_choice":"Gold","floor":37.0,"gold_loss":0.0,"damage_taken":0.0}],"is_beta":false,"boss_relics":[{"not_picked":["Philosopher\u0027s Stone","ChewingGum"],"picked":"SlaversCollar"},{"not_picked":["Ring of Chaos","ReplayTheSpireMod:DimensionalGlitch"],"picked":"SacredBark"}],"items_purged_floors":[11,23,29,43],"is_endless":false,"potions_floor_spawned":[5,9,16,19,22,31,32,33,36,38,45,47,49],"ascension_level":0}}