{"host":"aj7el8l5kufbk20z","time":1611890643,"event":{"mods":["AchievementEnabler","BaseMod","Colored Map","Colored Powertips","Curses Come First","Highlight Path","Minty Spire (QoL Compilation)","Permanent Neow","Poor People Problems","Quick Restart","Rare Cards Sparkle","Relic Stats","StSLib","SuperFastMode","Waifu the Spire"],"gold_per_floor":[109,128,585,585,599,599,626,644,717,717,735,764,774,193,193,294,294,306,130,140,358,378,378,378,412,438,450,738,753,491,509,509,609,609,628,628,639,217,235,235,270,283,283,315,322,334,334,363,363,363],"floor_reached":51,"language":"ZHS","playtime":3589,"items_purged":["Strike_G","Strike_G","Defend_G","Strike_G+1","Defend_G","Well Laid Plans+1","Defend_G"],"score":986,"play_id":"c7e49f9c-359e-49a7-a9a8-6b894b0c9420","local_time":"20210129112403","is_ascension_mode":true,"campfire_choices":[{"data":"Footwork","floor":6.0,"key":"SMITH"},{"data":"Cloak And Dagger","floor":15.0,"key":"SMITH"},{"data":"Bouncing Flask","floor":23.0,"key":"SMITH"},{"data":"Storm of Steel","floor":32,"key":"SMITH"},{"data":"Catalyst","floor":40,"key":"SMITH"},{"data":"Dodge and Roll","floor":49,"key":"SMITH"}],"circlet_count":0,"master_deck":["Defend_G","Survivor","Footwork+1","Blade Dance+1","Noxious Fumes+1","Deflect","Crippling Poison","Bouncing Flask+1","Slice+1","Caltrops+1","Cloak And Dagger+1","Backflip","PiercingWail+1","Prepared","Noxious Fumes+1","A Thousand Cuts+1","Blade Dance+1","Cloak And Dagger+1","Infinite Blades+1","PiercingWail","Tactician+1","Caltrops+1","Backflip+1","Storm of Steel+1","PiercingWail+1","A Thousand Cuts+1","Catalyst+1","Dodge and Roll+1","Escape Plan","After Image+1","Prepared"],"relics":["WristBlade","Frozen Egg 2","Snake Skull","Prayer Wheel","Sundial","Lantern","Bottled Tornado","Whetstone","Runic Pyramid","Gremlin Horn","TwistedFunnel","Ginger","Boot","Juzu Bracelet","PreservedInsect","Ornamental Fan","HandDrill","Black Star","Omamori","FossilizedHelix","TheAbacus","Pear","War Paint","White Beast Statue","Dream Catcher","Potion Belt","Mummified Hand","Torii","Lee\u0027s Waffle","Art of War","Bottled Lightning"],"acts_visited":["Exordium","TheCity","TheBeyond"],"potions_floor_usage":[33,50,50,50,50,50,50,50,50],"damage_taken":[{"damage":0.0,"enemies":"Cultist","floor":1.0,"turns":4.0},{"damage":8.0,"enemies":"Jaw Worm","floor":2.0,"turns":6.0},{"damage":0.0,"enemies":"Small Slimes","floor":5.0,"turns":3.0},{"damage":0.0,"enemies":"Lagavulin","floor":7.0,"turns":6.0},{"damage":5.0,"enemies":"2 Fungi Beasts","floor":8.0,"turns":4.0},{"damage":0.0,"enemies":"Red Slaver","floor":11.0,"turns":3.0},{"damage":27.0,"enemies":"Gremlin Nob","floor":12.0,"turns":4.0},{"damage":9.0,"enemies":"Blue Slaver","floor":13.0,"turns":3.0},{"damage":4.0,"enemies":"Slime Boss","floor":16.0,"turns":7.0},{"damage":0.0,"enemies":"3 Byrds","floor":18.0,"turns":3.0},{"damage":0.0,"enemies":"Spheric Guardian","floor":20.0,"turns":3.0},{"damage":19.0,"enemies":"Shelled Parasite and Fungi","floor":22.0,"turns":3.0},{"damage":14.0,"enemies":"Book of Stabbing","floor":25.0,"turns":4.0},{"damage":0.0,"enemies":"Snecko","floor":27.0,"turns":4.0},{"damage":3.0,"enemies":"Centurion and Healer","floor":29.0,"turns":4.0},{"damage":0,"enemies":"Chosen and Byrds","floor":31,"turns":3},{"damage":0,"enemies":"Collector","floor":33,"turns":5},{"damage":8,"enemies":"3 Shapes","floor":35,"turns":3},{"damage":13,"enemies":"3 Darklings","floor":37,"turns":3},{"damage":0,"enemies":"Spire Growth","floor":39,"turns":4},{"damage":0,"enemies":"Giant Head","floor":41,"turns":6},{"damage":0,"enemies":"4 Shapes","floor":42,"turns":3},{"damage":9,"enemies":"Reptomancer","floor":44,"turns":4},{"damage":10,"enemies":"Jaw Worm Horde","floor":46,"turns":3},{"damage":0,"enemies":"Nemesis","floor":48,"turns":3},{"damage":48,"enemies":"Awakened One","floor":50,"turns":6}],"seed_played":"298256343891708034","potions_obtained":[{"floor":5.0,"key":"LiquidBronze"},{"floor":7.0,"key":"BlessingOfTheForge"},{"floor":11.0,"key":"ColorlessPotion"},{"floor":18.0,"key":"Dexterity Potion"},{"floor":33,"key":"PowerPotion"},{"floor":44,"key":"Ancient Potion"},{"floor":46,"key":"DuplicationPotion"},{"floor":48,"key":"EntropicBrew"}],"is_trial":false,"path_per_floor":["M","M","$","?","M","R","E","M","T","?","M","E","M","$","R","B",null,"M","$","M","$","M","R","?","E","T","M","$","M","$","M","R","B",null,"M","T","M","$","M","R","E","M","T","E","$","M","?","E","R","B",null],"character_chosen":"THE_SILENT","items_purchased":["Frozen Egg 2","Snake Skull","Noxious Fumes+1","Noxious Fumes+1","Bottled Tornado","Whetstone","Infinite Blades+1","Gremlin Horn","TwistedFunnel","PowerPotion","Ginger","PreservedInsect","A Thousand Cuts+1","Ornamental Fan","HandDrill","Catalyst","After Image+1","FossilizedHelix","TheAbacus","Mummified Hand","Torii","Lee\u0027s Waffle"],"campfire_rested":0,"item_purchase_floors":[3,3,3,14,14,14,19,19,19,21,21,28,30,30,30,30,38,38,38,45,45,45],"current_hp_per_floor":[70,62,62,62,62,62,62,57,57,57,57,30,21,21,21,17,70,70,70,70,70,51,51,51,37,37,37,37,34,34,34,34,34,70,62,62,70,70,70,70,80,80,80,100,87,77,77,77,77,29],"gold":363,"neow_bonus":"BOSS_RELIC","is_daily":false,"chose_seed":false,"campfire_upgraded":6,"win_rate":0.0,"timestamp":1611890643,"path_taken":["M","?","$","?","M","R","E","M","T","?","M","E","M","$","R","BOSS","M","$","M","?","M","R","?","E","T","M","$","M","$","M","R","BOSS","M","?","M","$","M","R","E","M","T","E","$","M","?","E","R","BOSS"],"items_purchased_type":["Relic","Relic","Card","Card","Relic","Relic","Card","Relic","Relic","Potion","Relic","Relic","Card","Relic","Relic","Card","Card","Relic","Relic","Relic","Relic","Relic"],"build_version":"2020-12-22","purchased_purges":7,"victory":true,"max_hp_per_floor":[70,70,70,70,70,70,70,70,70,70,70,70,70,70,70,70,70,70,70,70,70,70,70,70,70,70,70,70,70,70,70,70,70,70,70,70,70,70,70,70,80,80,80,80,87,87,87,87,87,87],"relic_stats":{"Lee\u0027s Waffle":-13,"Gremlin Horn":[21,21],"Torii":0,"counters":[26,104],"Snake Skull":[148],"PreservedInsect":230,"Juzu Bracelet":0,"Whetstone":["Strike_G","Slice"],"Ginger":[6],"War Paint":["Blade Dance","PiercingWail"],"Boot":[29],"Dream Catcher":0,"TheAbacus":[6],"Sundial":[2],"Ornamental Fan":[148],"Mummified Hand":[19],"Prayer Wheel":14,"HandDrill":[12],"Black Star":3,"Art of War":[0],"obtain_stats":[{"TwistedFunnel":19,"Lantern":12,"Gremlin Horn":19,"Torii":45,"Snake Skull":3,"Juzu Bracelet":26,"Whetstone":14,"Ginger":21,"Bottled Tornado":14,"Boot":25,"Dream Catcher":44,"TheAbacus":38,"WristBlade":0,"Sundial":9,"Mummified Hand":45,"Prayer Wheel":7,"HandDrill":30,"Ring of the Snake":0,"Runic Pyramid":17,"Potion Belt":44,"Lee\u0027s Waffle":45,"Pear":41,"PreservedInsect":28,"Omamori":36,"Frozen Egg 2":3,"War Paint":41,"White Beast Statue":43,"Ornamental Fan":30,"Black Star":34,"Art of War":48,"Bottled Lightning":48,"FossilizedHelix":38},{"TwistedFunnel":10,"Lantern":7,"Gremlin Horn":10,"Torii":23,"Snake Skull":2,"Juzu Bracelet":13,"Whetstone":8,"Ginger":11,"Bottled Tornado":8,"Boot":13,"Dream Catcher":23,"TheAbacus":19,"WristBlade":0,"Sundial":5,"Mummified Hand":23,"Prayer Wheel":4,"HandDrill":15,"Ring of the Snake":0,"Runic Pyramid":9,"Potion Belt":23,"Lee\u0027s Waffle":23,"Pear":21,"PreservedInsect":14,"Omamori":18,"Frozen Egg 2":2,"War Paint":21,"White Beast Statue":22,"Ornamental Fan":15,"Black Star":17,"Art of War":25,"Bottled Lightning":25,"FossilizedHelix":19},{"TwistedFunnel":43,"Lantern":30,"Gremlin Horn":43,"Torii":92,"Snake Skull":10,"Juzu Bracelet":53,"Whetstone":33,"Ginger":46,"Bottled Tornado":33,"Boot":53,"Dream Catcher":92,"TheAbacus":75,"WristBlade":0,"Sundial":23,"Mummified Hand":92,"Prayer Wheel":19,"HandDrill":61,"Ring of the Snake":0,"Runic Pyramid":40,"Potion Belt":92,"Lee\u0027s Waffle":92,"Pear":85,"PreservedInsect":57,"Omamori":72,"Frozen Egg 2":10,"War Paint":85,"White Beast Statue":88,"Ornamental Fan":61,"Black Star":69,"Art of War":98,"Bottled Lightning":98,"FossilizedHelix":75}]},"card_choices":[{"not_picked":["PiercingWail","Backflip"],"picked":"Footwork","floor":1.0},{"not_picked":["Poisoned Stab","Endless Agony"],"picked":"Blade Dance","floor":2.0},{"not_picked":["Prepared","Masterful Stab"],"picked":"Well Laid Plans+1","floor":5.0},{"not_picked":["Masterful Stab","Malaise"],"picked":"Deflect","floor":7.0},{"not_picked":["Deflect","Acrobatics"],"picked":"Crippling Poison","floor":8.0},{"not_picked":["Flying Knee","Sucker Punch"],"picked":"Bouncing Flask","floor":8.0},{"not_picked":["Sucker Punch","Escape Plan"],"picked":"Caltrops+1","floor":11.0},{"not_picked":["PiercingWail","Tactician"],"picked":"Cloak And Dagger","floor":11.0},{"not_picked":["Crippling Poison","Acrobatics"],"picked":"Backflip","floor":12.0},{"not_picked":["Underhanded Strike","Wraith Form v2+1"],"picked":"PiercingWail","floor":13.0},{"not_picked":["Underhanded Strike","Blur"],"picked":"Prepared","floor":13.0},{"not_picked":["Corpse Explosion","Venomology"],"picked":"A Thousand Cuts+1","floor":16.0},{"not_picked":["Underhanded Strike","Quick Slash"],"picked":"Blade Dance+1","floor":18.0},{"not_picked":["Sucker Punch","Dagger Spray"],"picked":"Cloak And Dagger+1","floor":18.0},{"not_picked":["Dagger Throw","Cloak And Dagger"],"picked":"PiercingWail","floor":20.0},{"not_picked":["Bane","Leg Sweep","Flying Knee"],"picked":"SKIP","floor":20.0},{"not_picked":["Blade Dance","Leg Sweep"],"picked":"Tactician+1","floor":22.0},{"not_picked":["Distraction","Finisher","Bane"],"picked":"SKIP","floor":22.0},{"not_picked":["Expertise","Backstab"],"picked":"Backflip+1","floor":25.0},{"not_picked":["Cloak And Dagger","Crippling Poison"],"picked":"Storm of Steel","floor":27.0},{"not_picked":["Deadly Poison","Blade Dance","Acrobatics"],"picked":"SKIP","floor":27.0},{"not_picked":["Quick Slash+1","Deflect"],"picked":"PiercingWail+1","floor":29.0},{"not_picked":["Prepared+1","Masterful Stab+1","Flechettes"],"picked":"SKIP","floor":29.0},{"not_picked":["Sucker Punch","Poisoned Stab"],"picked":"Dodge and Roll","floor":31},{"not_picked":["Dodge and Roll+1","Distraction"],"picked":"Escape Plan","floor":31},{"not_picked":["Concentrate+1","Quick Slash","Prepared+1"],"picked":"SKIP","floor":35},{"not_picked":["Cloak And Dagger","Leg Sweep+1","Sucker Punch+1"],"picked":"SKIP","floor":35},{"not_picked":["Outmaneuver+1","Predator+1","Dodge and Roll+1"],"picked":"SKIP","floor":37},{"not_picked":["Sucker Punch","Flechettes+1","Slice+1"],"picked":"SKIP","floor":37},{"not_picked":["Flying Knee","Well Laid Plans+1"],"picked":"Prepared","floor":39},{"not_picked":["Acrobatics+1","Flying Knee+1","Backflip+1"],"picked":"SKIP","floor":39},{"not_picked":["Slice+1","Doppelganger","Backstab+1"],"picked":"SKIP","floor":41},{"not_picked":["Dagger Throw+1","Caltrops+1","Cloak And Dagger"],"picked":"SKIP","floor":42},{"not_picked":["Prepared","Dagger Spray+1","Masterful Stab"],"picked":"SKIP","floor":42},{"not_picked":["Sucker Punch","Prepared","Flying Knee+1"],"picked":"SKIP","floor":44},{"not_picked":["Underhanded Strike+1","Deflect","Bullet Time"],"picked":"SKIP","floor":46},{"not_picked":["Predator+1","Dagger Spray+1","Prepared+1"],"picked":"SKIP","floor":46},{"not_picked":["Dagger Throw","Blade Dance","Concentrate+1"],"picked":"SKIP","floor":48}],"player_experience":292473,"relics_obtained":[{"floor":7.0,"key":"Prayer Wheel"},{"floor":9.0,"key":"Sundial"},{"floor":12.0,"key":"Lantern"},{"floor":25.0,"key":"Boot"},{"floor":26.0,"key":"Juzu Bracelet"},{"floor":36,"key":"Omamori"},{"floor":41,"key":"Pear"},{"floor":41,"key":"War Paint"},{"floor":43,"key":"White Beast Statue"},{"floor":44,"key":"Dream Catcher"},{"floor":44,"key":"Potion Belt"},{"floor":48,"key":"Art of War"},{"floor":48,"key":"Bottled Lightning"}],"event_choices":[{"cards_removed":["Strike_G"],"damage_healed":0.0,"max_hp_gain":0.0,"max_hp_loss":0.0,"gold_gain":0.0,"event_name":"Living Wall","player_choice":"Forget","floor":4.0,"gold_loss":0.0,"damage_taken":0.0},{"damage_healed":0.0,"max_hp_gain":0.0,"max_hp_loss":0.0,"gold_gain":0.0,"cards_transformed":["Strike_G"],"event_name":"Transmorgrifier","player_choice":"Transformed","floor":10.0,"gold_loss":0.0,"damage_taken":0.0,"cards_obtained":["Slice"]},{"damage_healed":0.0,"max_hp_gain":0.0,"max_hp_loss":0.0,"gold_gain":0.0,"cards_transformed":["Defend_G"],"event_name":"Transmorgrifier","player_choice":"Transformed","floor":24.0,"gold_loss":0.0,"damage_taken":0.0,"cards_obtained":["Caltrops"]},{"cards_removed":["Neutralize"],"damage_healed":0,"gold_gain":0,"player_choice":"Removed Attack","damage_taken":0,"max_hp_gain":0,"max_hp_loss":0,"event_name":"Falling","floor":47,"gold_loss":0}],"is_beta":false,"boss_relics":[{"not_picked":["Velvet Choker","Runic Dome"],"picked":"Runic Pyramid"},{"not_picked":["Astrolabe","SacredBark"],"picked":"Black Star"}],"items_purged_floors":[3,14,19,28,30,38,45],"is_endless":false,"potions_floor_spawned":[5,7,11,13,18,27,31,33,39,44,46,48],"ascension_level":1}}