{"host":"jo2hy1cuyjtes46m","time":1611959148,"event":{"mods":["BaseMod","Challenge The Spire","Downfall","Minty Spire (QoL Compilation)","Quick Restart","StSLib"],"gold_per_floor":[99,99,99,99,99,99,99,99,124,136,152,179,179,195,207,311,311,211,228,238,148,248,248,248,248,248,276,276,276,46,66,86,188,188,188,203,215,235,248,248,248,248,275,175,188,35,35,35,54,54],"floor_reached":51,"language":"ENG","playtime":3388,"items_purged":["champ:Haymaker","downfall:Aged"],"score":778,"play_id":"f07525dc-dc89-4739-a02d-8805e41306e9","local_time":"20210129222548","is_ascension_mode":false,"campfire_choices":[{"data":"champ:Taunt","floor":1,"key":"SMITH"},{"data":"champ:IronFortress","floor":6,"key":"SMITH"},{"data":"champ:CheapShot","floor":18,"key":"SMITH"},{"data":"champ:EnragedBash","floor":26,"key":"SMITH"},{"data":"champ:Improvising","floor":35,"key":"SMITH"},{"data":"champ:StanceDance","floor":40,"key":"SMITH"},{"floor":44,"key":"RECALL"}],"circlet_count":0,"master_deck":["champ:Strike","champ:Strike","champ:Strike","champ:Defend","champ:Defend","champ:Defend","champ:Defend","champ:Execute","champ:Taunt+1","champ:Circumvent","champ:Duel","champ:FaceSlap","champ:Taunt","Jack Of All Trades","champ:EnragedBash+1","champ:CheapShot+1","champ:FlashCut","champ:Shatter+1","champ:StanceDance+1","champ:DancingMaster","champ:CheapShot+1","champ:Encircle+1","champ:Improvising+1"],"relics":["champ:ChampionCrown","downfall:HeartsMalice","champ:LiftRelic","Ice Cream","Vajra","Black Star","downfall:HeartBlessingBlue","champ:BlackKnightHelmet","Mercury Hourglass","Ornamental Fan","Matryoshka","Omamori","champ:GladiatorsBookOfMartialProwess","downfall:ExtraCursedBell","PreservedInsect","InkBottle","Bird Faced Urn","DollysMirror","TungstenRod","Coffee Dripper","Sundial","Happy Flower","Blood Vial","hexamod:CandleOfCauterizing","Torii","Pantograph","downfall:HeartBlessingGreen","Anchor"],"acts_visited":["Exordium","TheCity","TheBeyond"],"potions_floor_usage":[11,16,22,27,30,30,38,39,43,45,50],"damage_taken":[{"damage":0,"enemies":"Jaw Worm","floor":2,"turns":1},{"damage":0,"enemies":"Small Slimes","floor":3,"turns":1},{"damage":0,"enemies":"Cultist","floor":4,"turns":1},{"damage":25,"enemies":"Lagavulin","floor":9,"turns":10},{"damage":10,"enemies":"Exordium Wildlife","floor":10,"turns":3},{"damage":0,"enemies":"3 Louse","floor":11,"turns":2},{"damage":54,"enemies":"3 Sentries","floor":12,"turns":9},{"damage":19,"enemies":"2 Fungi Beasts","floor":14,"turns":3},{"damage":4,"enemies":"Red Slaver","floor":15,"turns":2},{"damage":110,"enemies":"WA_ARCHETYPE_RETAIN","floor":16,"turns":14},{"damage":29,"enemies":"Spheric Guardian","floor":19,"turns":5},{"damage":15,"enemies":"Chosen","floor":20,"turns":4},{"damage":25,"enemies":"downfall:FleeingMerchant","floor":21,"turns":5},{"damage":67,"enemies":"downfall:FleeingMerchant","floor":22,"turns":7},{"damage":38,"enemies":"Book of Stabbing","floor":27,"turns":5},{"damage":35,"enemies":"downfall:FleeingMerchant","floor":30,"turns":5},{"damage":8,"enemies":"Snake Plant","floor":31,"turns":3},{"damage":10,"enemies":"Chosen and Byrds","floor":32,"turns":5},{"damage":79,"enemies":"IC_MUSHROOM_ARCHETYPE","floor":33,"turns":7},{"damage":37,"enemies":"3 Shapes","floor":36,"turns":4},{"damage":8,"enemies":"Orb Walker","floor":37,"turns":3},{"damage":38,"enemies":"Transient","floor":38,"turns":5},{"damage":25,"enemies":"Sphere and 2 Shapes","floor":39,"turns":5},{"damage":10,"enemies":"Reptomancer","floor":43,"turns":3},{"damage":31,"enemies":"Writhing Mass","floor":45,"turns":3},{"damage":17,"enemies":"Transient","floor":49,"turns":5},{"damage":81,"enemies":"SI_POISON_ARCHETYPE","floor":50,"turns":7}],"seed_played":"-7274244767045239696","potions_obtained":[{"floor":9,"key":"Explosive Potion"},{"floor":11,"key":"Weak Potion"},{"floor":14,"key":"LiquidBronze"},{"floor":15,"key":"SneckoOil"},{"floor":16,"key":"champ:CounterPotion"},{"floor":22,"key":"AttackPotion"},{"floor":27,"key":"Block Potion"},{"floor":33,"key":"DistilledChaos"},{"floor":37,"key":"ColorlessPotion"},{"floor":38,"key":"DuplicationPotion"},{"floor":39,"key":"SkillPotion"},{"floor":45,"key":"SpeedPotion"}],"is_trial":false,"path_per_floor":["R","M","M","M","?","R","T","?","E","M","M","E","?","M","M","B",null,"R","M","M","$","?","?","T","?","R","E","?","?","$","M","M","B",null,"R","M","M","M","M","R","T","T","E","R","M","$","?","$","M","B",null],"character_chosen":"THE_CHAMP","items_purchased":["DollysMirror","TungstenRod","Anchor"],"campfire_rested":0,"item_purchase_floors":[30,30,46],"current_hp_per_floor":[90,90,90,90,90,90,90,90,80,80,80,66,66,57,53,20,90,100,96,96,96,79,79,79,79,79,71,71,71,73,75,77,19,100,100,80,79,75,69,69,69,69,75,75,80,80,80,80,89,76],"gold":54,"neow_bonus":"THREE_ENEMY_KILL","is_daily":false,"chose_seed":false,"campfire_upgraded":6,"win_rate":0.0,"timestamp":1611959148,"path_taken":["R","M","M","M","?","R","T","?","E","M","M","E","?","?","M","BOSS","R","M","M","$","?","?","T","?","R","E","?","?","?","M","M","BOSS","R","M","M","M","M","R","T","?","E","R","?","$","?","?","M","BOSS"],"items_purchased_type":["Relic","Relic","Relic"],"build_version":"2020-12-22","purchased_purges":2,"victory":true,"max_hp_per_floor":[90,90,90,90,90,90,90,90,90,90,90,90,90,90,90,90,90,100,100,100,100,100,100,100,100,100,100,100,100,100,100,100,100,100,100,100,100,100,100,100,100,100,100,100,100,100,100,100,100,100],"card_choices":[{"not_picked":["champ:RapidStrikes","champ:FanOfKnives"],"picked":"champ:IronFortress","floor":2},{"not_picked":["champ:CrownThrow","champ:Shatter"],"picked":"champ:Circumvent","floor":3},{"not_picked":["champ:PerfectedStrike","champ:BringItOn"],"picked":"champ:Duel","floor":4},{"not_picked":["champ:IronFortress","champ:BringItOn","champ:CrookedStrike"],"picked":"SKIP","floor":9},{"not_picked":["champ:FocusedBerserking","champ:Parry"],"picked":"champ:FaceSlap","floor":10},{"not_picked":["champ:BladeFlurry","champ:ShieldThrow","champ:DeathBlow"],"picked":"SKIP","floor":11},{"not_picked":["champ:CalledShot","champ:CrownThrow"],"picked":"champ:Haymaker","floor":12},{"not_picked":["champ:EndlessRage","champ:EnGarde"],"picked":"champ:EnragedBash","floor":14},{"not_picked":["champ:BringItOn","champ:BerserkersShout","champ:Shatter"],"picked":"SKIP","floor":15},{"not_picked":["champ:SwordThrow","champ:DancingMaster"],"picked":"champ:CheapShot","floor":16},{"not_picked":["champ:Endure","champ:BerserkersShout+1","champ:Lariat+1"],"picked":"SKIP","floor":19},{"not_picked":["champ:FocusedBerserking","champ:RapidStrikes+1"],"picked":"champ:FlashCut","floor":20},{"not_picked":["champ:BerserkersShout","champ:AdrenalArmor+1","champ:FlashCut"],"picked":"SKIP","floor":21},{"not_picked":["champ:FocusedDefense","champ:TornadoPunch"],"picked":"champ:Shatter+1","floor":22},{"not_picked":["champ:CalledShot","champ:AdrenalArmor"],"picked":"champ:StanceDance","floor":27},{"not_picked":["champ:Endure","champ:Haymaker","champ:GladiatorForm"],"picked":"SKIP","floor":30},{"not_picked":["champ:SetATrap","champ:Parry+1","champ:RapidStrikes"],"picked":"SKIP","floor":31},{"not_picked":["champ:ShieldWall+1","champ:StanceDance"],"picked":"champ:Encircle+1","floor":32},{"not_picked":["champ:IgnorePain","champ:GladiatorForm"],"picked":"champ:Improvising","floor":33},{"not_picked":["champ:EnGarde","champ:FalseCounter","champ:FanOfKnives"],"picked":"SKIP","floor":36},{"not_picked":["champ:StanceDance","champ:TornadoPunch","champ:PreemptiveStrike"],"picked":"SKIP","floor":37},{"not_picked":["champ:RisingSlash+1","champ:Shatter","champ:RecklessLeap+1"],"picked":"SKIP","floor":38},{"not_picked":["champ:FocusedBerserking","champ:AdrenalArmor+1","champ:Shatter+1"],"picked":"SKIP","floor":39},{"not_picked":["champ:DancingMaster","champ:AdrenalArmor","champ:Shatter+1"],"picked":"SKIP","floor":43},{"not_picked":["champ:FanOfKnives","champ:FalseCounter","champ:AdrenalArmor+1"],"picked":"SKIP","floor":45},{"not_picked":["champ:BringItOn+1","champ:SkillfulDodge","champ:CrownThrow+1"],"picked":"SKIP","floor":49}],"player_experience":298151,"relics_obtained":[{"floor":9,"key":"Ice Cream"},{"floor":12,"key":"Vajra"},{"floor":22,"key":"champ:BlackKnightHelmet"},{"floor":22,"key":"Mercury Hourglass"},{"floor":24,"key":"Ornamental Fan"},{"floor":27,"key":"Matryoshka"},{"floor":27,"key":"Omamori"},{"floor":29,"key":"PreservedInsect"},{"floor":29,"key":"InkBottle"},{"floor":29,"key":"Bird Faced Urn"},{"floor":41,"key":"Sundial"},{"floor":41,"key":"Happy Flower"},{"floor":42,"key":"Blood Vial"},{"floor":42,"key":"hexamod:CandleOfCauterizing"},{"floor":43,"key":"Torii"},{"floor":43,"key":"Pantograph"}],"event_choices":[{"cards_removed":["champ:Strike"],"damage_healed":0,"gold_gain":0,"player_choice":"Card Removal","damage_taken":0,"max_hp_gain":0,"max_hp_loss":0,"event_name":"The Cleric","floor":8,"gold_loss":0},{"cards_removed":["champ:IronFortress"],"damage_healed":0,"gold_gain":0,"player_choice":"Removed Power","damage_taken":0,"max_hp_gain":0,"max_hp_loss":0,"event_name":"Falling","floor":47,"gold_loss":0}],"is_beta":false,"boss_relics":[{"not_picked":["bronze:MakeshiftBattery","Pandora\u0027s Box"],"picked":"Black Star"},{"not_picked":["Sozu","SlaversCollar"],"picked":"Coffee Dripper"}],"items_purged_floors":[21,30],"is_endless":false,"potions_floor_spawned":[9,11,14,15,16,22,27,33,37,38,39,45],"ascension_level":0}}