{"host":"vl29iwkwnyytuw8q","time":1611934646,"event":{"mods":["BaseMod","Minty Spire (QoL Compilation)","Permanent Neow","Relic Stats","StSLib"],"gold_per_floor":[116,116,140,140,154,195,232,262,274,286,329,341,371,401,413,519,531,559,486,50,75,75,127,45,45,45],"floor_reached":25,"language":"ENG","playtime":965,"items_purged":["Strike_G"],"score":516,"play_id":"2aaba62d-ef2e-4016-a272-113ca5927380","local_time":"20210129163726","is_ascension_mode":true,"campfire_choices":[{"data":"Cloak And Dagger","floor":10.0,"key":"SMITH"},{"floor":12.0,"key":"REST"},{"data":"Neutralize","floor":15.0,"key":"SMITH"}],"circlet_count":0,"master_deck":["AscendersBane","Strike_G+1","Strike_G+1","Strike_G+1","Strike_G+1","Defend_G+1","Defend_G+1","Defend_G+1","Defend_G+1","Defend_G+1","Survivor","Neutralize+1","CurseOfTheBell","Cloak And Dagger+1","Slice+1","PiercingWail","Endless Agony","Deflect","Leg Sweep","Burst","Backflip","Deflect","A Thousand Cuts","Blade Dance","Escape Plan","Terror","Backflip","Cloak And Dagger","Blade Dance"],"relics":["Calling Bell","Anchor","Kunai","Ice Cream","Golden Idol","MawBank","Smiling Mask","Whetstone","Black Star","Letter Opener","Ginger","Unceasing Top","CeramicFish"],"acts_visited":["Exordium","TheCity"],"potions_floor_usage":[],"damage_taken":[{"damage":2.0,"enemies":"2 Louse","floor":1.0,"turns":4.0},{"damage":15.0,"enemies":"Jaw Worm","floor":3.0,"turns":6.0},{"damage":0.0,"enemies":"Small Slimes","floor":5.0,"turns":4.0},{"damage":0.0,"enemies":"Lagavulin","floor":6.0,"turns":8.0},{"damage":1.0,"enemies":"3 Louse","floor":7.0,"turns":6.0},{"damage":0.0,"enemies":"Exordium Thugs","floor":8.0,"turns":7.0},{"damage":18.0,"enemies":"3 Sentries","floor":11.0,"turns":15.0},{"damage":9.0,"enemies":"Exordium Wildlife","floor":13.0,"turns":4.0},{"damage":3.0,"enemies":"3 Louse","floor":14.0,"turns":4.0},{"damage":18.0,"enemies":"The Guardian","floor":16.0,"turns":21.0},{"damage":34.0,"enemies":"Spheric Guardian","floor":18.0,"turns":7.0},{"damage":4.0,"enemies":"Shell Parasite","floor":21.0,"turns":7.0},{"damage":14.0,"enemies":"Book of Stabbing","floor":23.0,"turns":6.0},{"damage":3,"enemies":"Shelled Parasite and Fungi","floor":25,"turns":2}],"seed_played":"-4008590453124084666","potions_obtained":[{"floor":5.0,"key":"ColorlessPotion"},{"floor":6.0,"key":"GamblersBrew"},{"floor":7.0,"key":"Block Potion"},{"floor":14.0,"key":"Fruit Juice"},{"floor":18.0,"key":"CunningPotion"},{"floor":23.0,"key":"Ancient Potion"}],"is_trial":false,"path_per_floor":["M","?","M","?","M","E","M","M","T","R","E","R","M","M","R","B",null,"M","?","$","M","?","E","$","M"],"character_chosen":"THE_SILENT","items_purchased":["Ginger","Escape Plan","Cloak And Dagger","Blade Dance"],"campfire_rested":1,"item_purchase_floors":[20,20,24,24],"current_hp_per_floor":[57,57,42,42,42,42,41,41,41,41,23,41,32,34,34,16,53,19,19,19,15,15,1,1,0,0],"gold":45,"neow_bonus":"BOSS_RELIC","is_daily":false,"chose_seed":false,"campfire_upgraded":2,"win_rate":0.0,"timestamp":1611934646,"path_taken":["M","?","M","?","M","E","?","M","T","R","E","R","M","M","R","BOSS","M","?","$","M","?","E","$","M"],"items_purchased_type":["Relic","Card","Card","Card"],"build_version":"2020-12-22","purchased_purges":1,"victory":false,"max_hp_per_floor":[66,60,60,60,60,60,60,60,60,60,60,60,60,65,65,65,65,65,65,65,65,65,65,65,65,65],"relic_stats":{"counters":[14,101],"Golden Idol":75,"CeramicFish":27,"Black Star":1,"Kunai":[46],"Whetstone":["Slice","Strike_G"],"Letter Opener":[36],"Ginger":[0],"MawBank":168,"Smiling Mask":25,"obtain_stats":[{"Ice Cream":0,"Golden Idol":2,"CeramicFish":23,"Whetstone":11,"Letter Opener":19,"Ginger":20,"MawBank":6,"Smiling Mask":9,"Calling Bell":0,"Anchor":0,"Black Star":17,"Kunai":0,"Unceasing Top":23,"Ring of the Snake":0},{"Ice Cream":0,"Golden Idol":1,"CeramicFish":13,"Whetstone":7,"Letter Opener":11,"Ginger":11,"MawBank":4,"Smiling Mask":6,"Calling Bell":0,"Anchor":0,"Black Star":10,"Kunai":0,"Unceasing Top":13,"Ring of the Snake":0},{"Ice Cream":0,"Golden Idol":4,"CeramicFish":99,"Whetstone":50,"Letter Opener":86,"Ginger":86,"MawBank":22,"Smiling Mask":35,"Calling Bell":0,"Anchor":0,"Black Star":79,"Kunai":0,"Unceasing Top":99,"Ring of the Snake":0}],"Unceasing Top":[2]},"card_choices":[{"not_picked":["Well Laid Plans","PiercingWail"],"picked":"Cloak And Dagger","floor":1.0},{"not_picked":["Tactician","Backstab"],"picked":"Slice","floor":3.0},{"not_picked":["Masterful Stab","Heel Hook"],"picked":"PiercingWail","floor":5.0},{"not_picked":["Concentrate","Skewer"],"picked":"Endless Agony","floor":6.0},{"not_picked":["Flying Knee","Sucker Punch"],"picked":"Deflect","floor":7.0},{"not_picked":["Footwork","Crippling Poison"],"picked":"Leg Sweep","floor":8.0},{"not_picked":["Footwork","Sucker Punch"],"picked":"Burst","floor":11.0},{"not_picked":["Dagger Spray","Setup"],"picked":"Backflip","floor":13.0},{"not_picked":["Dodge and Roll","Bane"],"picked":"Deflect","floor":14.0},{"not_picked":["Wraith Form v2","Adrenaline"],"picked":"A Thousand Cuts","floor":16.0},{"not_picked":["Concentrate+1","Quick Slash"],"picked":"Blade Dance","floor":18.0},{"not_picked":["Deadly Poison","Deflect"],"picked":"Terror","floor":21.0},{"not_picked":["Flying Knee","Dash"],"picked":"Backflip","floor":23.0}],"player_experience":647319,"relics_obtained":[{"floor":0.0,"key":"Anchor"},{"floor":0.0,"key":"Kunai"},{"floor":0.0,"key":"Ice Cream"},{"floor":6.0,"key":"MawBank"},{"floor":9.0,"key":"Smiling Mask"},{"floor":11.0,"key":"Whetstone"},{"floor":23.0,"key":"Unceasing Top"},{"floor":23.0,"key":"CeramicFish"}],"event_choices":[{"damage_healed":0.0,"max_hp_gain":0.0,"max_hp_loss":6.0,"gold_gain":0.0,"event_name":"Golden Idol","player_choice":"Lose Max HP","floor":2.0,"gold_loss":0.0,"damage_taken":0.0,"relics_obtained":["Golden Idol"]},{"damage_healed":0.0,"max_hp_gain":0.0,"max_hp_loss":0.0,"gold_gain":0.0,"event_name":"Golden Wing","player_choice":"Ignored","floor":4.0,"gold_loss":0.0,"damage_taken":0.0},{"damage_healed":0.0,"max_hp_gain":0.0,"max_hp_loss":0.0,"gold_gain":0.0,"event_name":"Addict","player_choice":"Obtained Relic","floor":19.0,"gold_loss":85.0,"damage_taken":0.0,"relics_obtained":["Letter Opener"]},{"damage_healed":0.0,"max_hp_gain":0.0,"max_hp_loss":0.0,"gold_gain":0.0,"event_name":"Back to Basics","player_choice":"Simplicity","floor":22.0,"gold_loss":0.0,"damage_taken":0.0,"cards_upgraded":["Strike_G","Strike_G","Strike_G","Defend_G","Defend_G","Defend_G","Defend_G","Defend_G"]}],"is_beta":false,"boss_relics":[{"not_picked":["Sozu","Velvet Choker"],"picked":"Black Star"}],"items_purged_floors":[20],"is_endless":false,"potions_floor_spawned":[5,6,7,14,18,23],"killed_by":"Shelled Parasite and Fungi","ascension_level":20}}