{"host":"opg65mucj6ra7dr1","time":1611948376,"event":{"mods":["BaseMod","DeckTracker","Keyboard Shortcuts","Minty Spire (QoL Compilation)","Permanent Neow","Quick Restart","everything is the same but u backflip on backflip"],"gold_per_floor":[118,118,68,82,96,96,43,58,110,142,142,142,142,152,152,254,254,265,43,53,17,32,62,62,62,62,89,89,4,4,32,32,135,135,148,148,159,179,191,218,67,102,128,140,202,214,226,262,274,286,286],"floor_reached":50,"language":"KOR","playtime":1828,"items_purged":["Strike_G","Defend_G"],"score":847,"play_id":"699b970c-40ca-438d-b124-9d835bad2379","local_time":"20210130042616","is_ascension_mode":true,"campfire_choices":[{"data":"Quick Slash","floor":6.0,"key":"SMITH"},{"floor":13.0,"key":"REST"},{"data":"Terror","floor":15.0,"key":"SMITH"},{"floor":25.0,"key":"REST"},{"data":"Calculated Gamble","floor":28.0,"key":"SMITH"},{"data":"Dagger Throw","floor":30.0,"key":"SMITH"},{"floor":32.0,"key":"REST"},{"floor":44,"key":"REST"},{"data":"Reflex","floor":46,"key":"SMITH"},{"data":"Acrobatics","floor":49,"key":"SMITH"}],"circlet_count":0,"master_deck":["Strike_G","Strike_G","Defend_G+1","Defend_G+1","Defend_G+1","Survivor+1","Neutralize","Reflex","Prepared","Slice","Quick Slash+1","Backflip","Blur","Terror+1","Acrobatics+1","Blade Dance+1","Reflex+1","Dagger Throw+1","Calculated Gamble+1","Flying Knee+1","Tactician+1","Cloak And Dagger+1","Dagger Spray+1","Calculated Gamble+1","Deflect","Prepared","Tactician+1","Tactician"],"relics":["Ring of the Snake","Strawberry","Art of War","Ginger","SlaversCollar","War Paint","InkBottle","Ninja Scroll","Oddly Smooth Stone","Bird Faced Urn","Lizard Tail","WristBlade","Vajra","Bottled Lightning","MawBank","TungstenRod","Toy Ornithopter"],"acts_visited":["Exordium","TheCity","TheBeyond"],"potions_floor_usage":[42,42,50],"damage_taken":[{"damage":0.0,"enemies":"2 Louse","floor":1.0,"turns":4.0},{"damage":8.0,"enemies":"Jaw Worm","floor":4.0,"turns":6.0},{"damage":2.0,"enemies":"Small Slimes","floor":5.0,"turns":4.0},{"damage":0.0,"enemies":"2 Fungi Beasts","floor":8.0,"turns":4.0},{"damage":24.0,"enemies":"Lagavulin","floor":10.0,"turns":9.0},{"damage":0.0,"enemies":"Exordium Wildlife","floor":14.0,"turns":3.0},{"damage":11.0,"enemies":"The Guardian","floor":16.0,"turns":16.0},{"damage":12.0,"enemies":"Chosen","floor":18.0,"turns":5.0},{"damage":6.0,"enemies":"3 Byrds","floor":20.0,"turns":6.0},{"damage":12.0,"enemies":"Snake Plant","floor":22.0,"turns":4.0},{"damage":7.0,"enemies":"Slavers","floor":23.0,"turns":9.0},{"damage":14.0,"enemies":"Book of Stabbing","floor":31.0,"turns":4.0},{"damage":30.0,"enemies":"Automaton","floor":33.0,"turns":11.0},{"damage":36.0,"enemies":"3 Darklings","floor":35.0,"turns":5.0},{"damage":0.0,"enemies":"Orb Walker","floor":37.0,"turns":1.0},{"damage":25.0,"enemies":"4 Shapes","floor":38.0,"turns":6.0},{"damage":0.0,"enemies":"Sphere and 2 Shapes","floor":39.0,"turns":3.0},{"damage":0.0,"enemies":"Reptomancer","floor":40.0,"turns":3.0},{"damage":2,"enemies":"Nemesis","floor":42,"turns":5},{"damage":0,"enemies":"Mind Bloom Boss Battle","floor":45,"turns":3},{"damage":109,"enemies":"Time Eater","floor":50,"turns":8}],"seed_played":"2955880325827959295","potions_obtained":[{"floor":4.0,"key":"Energy Potion"},{"floor":8.0,"key":"LiquidBronze"},{"floor":16.0,"key":"SkillPotion"},{"floor":20.0,"key":"SkillPotion"},{"floor":23.0,"key":"Explosive Potion"},{"floor":37.0,"key":"LiquidMemories"},{"floor":39.0,"key":"Regen Potion"},{"floor":45,"key":"Weak Potion"}],"is_trial":false,"path_per_floor":["M","?","?","M","M","R","$","M","T","E","?","?","R","M","R","B",null,"M","$","M","$","M","E","?","R","T","T","R","?","R","E","R","B",null,"M","?","M","M","M","E","$","E","T","R","?","R","?","T","R","B"],"character_chosen":"THE_SILENT","items_purchased":["Backflip","War Paint","Reflex","Prepared"],"campfire_rested":4,"item_purchase_floors":[7,19,21,41],"current_hp_per_floor":[63,49,49,41,39,39,39,39,46,22,4,4,27,27,27,16,62,50,50,44,44,32,25,25,48,48,48,48,48,48,34,57,27,65,29,29,29,4,4,4,4,16,16,39,39,39,39,39,39,0,0],"gold":286,"neow_bonus":"TRANSFORM_CARD","is_daily":false,"chose_seed":false,"campfire_upgraded":6,"win_rate":0.0,"timestamp":1611948376,"path_taken":["M","?","?","M","M","R","$","M","T","E","?","?","R","M","R","BOSS","M","$","M","$","M","E","?","R","T","?","R","?","R","E","R","BOSS","M","?","?","M","M","E","$","E","T","R","?","R","?","?","R","BOSS"],"items_purchased_type":["Card","Relic","Card","Card"],"build_version":"2020-12-22","purchased_purges":2,"victory":false,"max_hp_per_floor":[70,70,70,70,70,70,70,70,77,77,77,77,77,77,77,77,77,77,77,77,77,77,77,77,77,77,77,77,77,77,77,77,77,77,77,77,77,77,77,77,77,77,77,77,77,77,77,77,77,77,77],"card_choices":[{"not_picked":["Choke","PiercingWail"],"picked":"Prepared","floor":1.0},{"not_picked":["Bane","Prepared"],"picked":"Slice","floor":4.0},{"not_picked":["Slice","Flying Knee"],"picked":"Quick Slash","floor":5.0},{"not_picked":["Endless Agony","Outmaneuver"],"picked":"Blur","floor":8.0},{"not_picked":["Night Terror","Eviscerate"],"picked":"Terror","floor":10.0},{"not_picked":["Prepared","Poisoned Stab"],"picked":"Acrobatics","floor":14.0},{"not_picked":["Slice","Sucker Punch"],"picked":"Blade Dance+1","floor":18.0},{"not_picked":["Outmaneuver","Deadly Poison","Slice"],"picked":"SKIP","floor":20.0},{"not_picked":["Underhanded Strike","Cloak And Dagger"],"picked":"Dagger Throw","floor":22.0},{"not_picked":["Acrobatics","Blur"],"picked":"Calculated Gamble","floor":23.0},{"not_picked":["Outmaneuver","Poisoned Stab"],"picked":"Flying Knee+1","floor":31.0},{"not_picked":["Deflect+1","Infinite Blades"],"picked":"Tactician+1","floor":35.0},{"not_picked":["Dagger Throw+1","Quick Slash+1"],"picked":"Cloak And Dagger+1","floor":37.0},{"not_picked":["Bane","Heel Hook+1"],"picked":"Dagger Spray+1","floor":38.0},{"not_picked":["Poisoned Stab+1","PiercingWail+1"],"picked":"Calculated Gamble+1","floor":39.0},{"not_picked":["PiercingWail+1","Deadly Poison+1"],"picked":"Deflect","floor":40.0},{"not_picked":["Catalyst+1","Flying Knee+1"],"picked":"Tactician+1","floor":42},{"not_picked":["A Thousand Cuts","Poisoned Stab"],"picked":"Tactician","floor":45}],"player_experience":156587,"relics_obtained":[{"floor":9.0,"key":"Strawberry"},{"floor":10.0,"key":"Art of War"},{"floor":23.0,"key":"InkBottle"},{"floor":26.0,"key":"Ninja Scroll"},{"floor":27.0,"key":"Oddly Smooth Stone"},{"floor":31.0,"key":"Lizard Tail"},{"floor":40.0,"key":"Vajra"},{"floor":42,"key":"Bottled Lightning"},{"floor":43,"key":"MawBank"},{"floor":45,"key":"TungstenRod"},{"floor":48,"key":"Toy Ornithopter"}],"event_choices":[{"damage_healed":0.0,"max_hp_gain":0.0,"max_hp_loss":0.0,"gold_gain":0.0,"event_name":"Shining Light","player_choice":"Entered Light","floor":2.0,"gold_loss":0.0,"damage_taken":14.0,"cards_upgraded":["Defend_G","Defend_G"]},{"cards_removed":["Strike_G"],"damage_healed":0.0,"max_hp_gain":0.0,"max_hp_loss":0.0,"gold_gain":0.0,"event_name":"The Cleric","player_choice":"Card Removal","floor":3.0,"gold_loss":50.0,"damage_taken":0.0},{"damage_healed":0.0,"max_hp_gain":0.0,"max_hp_loss":0.0,"gold_gain":0.0,"event_name":"Scrap Ooze","player_choice":"Success","floor":11.0,"gold_loss":0.0,"damage_taken":18.0,"relics_obtained":["Ginger"]},{"damage_healed":0.0,"max_hp_gain":0.0,"max_hp_loss":0.0,"gold_gain":0.0,"event_name":"Dead Adventurer","player_choice":"Searched \u00270\u0027 times","floor":12.0,"gold_loss":0.0,"damage_taken":0.0},{"damage_healed":0.0,"max_hp_gain":0.0,"max_hp_loss":0.0,"gold_gain":0.0,"event_name":"The Mausoleum","player_choice":"Ignored","floor":24.0,"gold_loss":0.0,"damage_taken":0.0},{"damage_healed":0.0,"max_hp_gain":0.0,"max_hp_loss":0.0,"gold_gain":0.0,"event_name":"Addict","player_choice":"Obtained Relic","floor":29.0,"gold_loss":85.0,"damage_taken":0.0,"relics_obtained":["Bird Faced Urn"]},{"cards_removed":["Defend_G"],"damage_healed":0.0,"max_hp_gain":0.0,"max_hp_loss":0.0,"gold_gain":0.0,"event_name":"Purifier","player_choice":"Purged","floor":36.0,"gold_loss":0.0,"damage_taken":0.0},{"damage_healed":0,"gold_gain":0,"player_choice":"Fight","damage_taken":0,"max_hp_gain":0,"max_hp_loss":0,"event_name":"MindBloom","floor":45,"gold_loss":0},{"damage_healed":0,"gold_gain":0,"player_choice":"Memory 1","damage_taken":0,"max_hp_gain":0,"max_hp_loss":0,"event_name":"SensoryStone","floor":47,"gold_loss":0}],"is_beta":false,"boss_relics":[{"not_picked":["Calling Bell","Astrolabe"],"picked":"SlaversCollar"},{"not_picked":["Fusion Hammer","Coffee Dripper"],"picked":"WristBlade"}],"items_purged_floors":[19,41],"is_endless":false,"potions_floor_spawned":[4,8,16,20,23,37,39,45],"killed_by":"Time Eater","ascension_level":9}}