{"host":"4nqeo0vu1vuav7gg","time":1611940446,"event":{"mods":["AchievementEnabler","BaseMod","Block Reminder","Colored Map","Colored Powertips","Highlight Path","Minty Spire (QoL Compilation)","Quick Restart","Rare Cards Sparkle","Relic Relevance Reorder","StSLib"],"gold_per_floor":[109,109,259,26,39,39,73,73,73,103,116,130,130,130,130],"floor_reached":14,"language":"ENG","playtime":396,"items_purged":["Doubt"],"score":191,"play_id":"0ea69194-a266-4e55-990f-350fb9e21442","local_time":"20210129181406","is_ascension_mode":true,"campfire_choices":[{"data":"Static Discharge","floor":6,"key":"SMITH"},{"data":"Zap","floor":8,"key":"SMITH"}],"circlet_count":0,"master_deck":["AscendersBane","Strike_B","Strike_B","Strike_B","Strike_B","Defend_B","Defend_B","Defend_B","Defend_B","Zap+1","Dualcast","Blizzard","Capacitor","Melter","Static Discharge+1","Force Field","Genetic Algorithm","Rebound","Undo"],"relics":["Cracked Core","Emotion Chip","Bronze Scales","CultistMask","The Courier","Mango"],"acts_visited":["Exordium"],"potions_floor_usage":[7],"damage_taken":[{"damage":0,"enemies":"2 Louse","floor":1,"turns":2},{"damage":2,"enemies":"Jaw Worm","floor":5,"turns":2},{"damage":30,"enemies":"3 Sentries","floor":7,"turns":4},{"damage":25,"enemies":"Lagavulin","floor":10,"turns":6},{"damage":1,"enemies":"Cultist","floor":11,"turns":3},{"damage":18,"enemies":"Exordium Wildlife","floor":12,"turns":3},{"damage":20,"enemies":"Gremlin Nob","floor":14,"turns":3}],"seed_played":"-6964877777824796463","potions_obtained":[{"floor":1,"key":"DuplicationPotion"},{"floor":12,"key":"PotionOfCapacity"}],"is_trial":false,"path_per_floor":["M","?","?","$","M","R","E","R","T","E","M","M","?","E"],"character_chosen":"DEFECT","items_purchased":["Capacitor","Melter"],"campfire_rested":0,"item_purchase_floors":[4,4],"current_hp_per_floor":[46,69,69,69,67,67,51,51,51,26,25,7,7,0,0],"gold":130,"neow_bonus":"ONE_RARE_RELIC","is_daily":false,"chose_seed":false,"campfire_upgraded":2,"win_rate":0.0,"timestamp":1611940446,"path_taken":["M","?","?","?","M","R","E","R","T","E","M","M","?","E"],"items_purchased_type":["Card","Card"],"build_version":"2020-12-22","purchased_purges":1,"victory":false,"max_hp_per_floor":[71,71,71,71,71,71,85,85,85,85,85,85,85,85,85],"card_choices":[{"not_picked":["Turbo","Gash"],"picked":"Blizzard","floor":1},{"not_picked":["Conserve Battery","Hologram"],"picked":"Static Discharge","floor":5},{"not_picked":["Leap","Heatsinks"],"picked":"Force Field","floor":7},{"not_picked":["Conserve Battery","Skim"],"picked":"Genetic Algorithm","floor":10},{"not_picked":["Redo","Sweeping Beam"],"picked":"Rebound","floor":11},{"not_picked":["Force Field","Hologram"],"picked":"Undo","floor":12}],"player_experience":1084740,"relics_obtained":[{"floor":7,"key":"Mango"},{"floor":9,"key":"Bronze Scales"},{"floor":10,"key":"The Courier"}],"event_choices":[{"damage_healed":23,"gold_gain":0,"player_choice":"Banana","damage_taken":0,"max_hp_gain":0,"max_hp_loss":0,"event_name":"Big Fish","floor":2,"gold_loss":0},{"damage_healed":0,"gold_gain":150,"player_choice":"AGREE","damage_taken":0,"max_hp_gain":0,"max_hp_loss":0,"event_name":"Liars Game","floor":3,"gold_loss":0,"cards_obtained":["Doubt"]},{"damage_healed":0,"gold_gain":0,"player_choice":"Trade","damage_taken":0,"relics_obtained":["CultistMask"],"max_hp_gain":0,"max_hp_loss":0,"event_name":"FaceTrader","floor":13,"gold_loss":0}],"is_beta":false,"boss_relics":[],"items_purged_floors":[4],"is_endless":false,"potions_floor_spawned":[1,12],"killed_by":"Gremlin Nob","ascension_level":19}}