{"host":"Ryley","time":1611886317,"event":{"mods":["BaseMod","Downfall","Minty Spire (QoL Compilation)","StSLib"],"gold_per_floor":[99,109,94,86,110,110,110,150,150,169,169,186,186,43,56,154,154,154,181,181,205,205,222,247,257,310,333,333,347,347,207,223,223,223,223],"floor_reached":33,"language":"ENG","playtime":1562,"items_purged":["downfall:Icky"],"score":249,"play_id":"f553589e-59ff-457d-b14d-0af469668bec","local_time":"20210128201157","is_ascension_mode":false,"campfire_choices":[{"data":"hexamod:Sear","floor":1,"key":"SMITH"},{"data":"hexamod:HauntingEcho","floor":6,"key":"SMITH"},{"floor":9,"key":"REST"},{"data":"hexamod:VolcanoVisage","floor":18,"key":"SMITH"},{"floor":30,"key":"REST"}],"circlet_count":0,"master_deck":["hexamod:Strike","hexamod:Strike","hexamod:Strike","hexamod:Strike","hexamod:Defend","hexamod:Defend","hexamod:Defend","hexamod:Defend","hexamod:Sear+1","hexamod:Float","hexamod:FlamesFromBeyond","hexamod:HauntingEcho+1","hexamod:SecondSeal","hexamod:StepThrough","hexamod:ChargedBarrage","hexamod:SkipABeat","hexamod:Sear","hexamod:GiftsFromTheDead","hexamod:EmpoweredFlame","hexamod:Firestarter","hexamod:SearingWound","hexamod:VolcanoVisage+1","hexamod:VolcanoVisage","hexamod:InspiringFlames","Parasite","hexamod:RadiantFlame","hexamod:ThermalTransfer+1","hexamod:Hexaguard","hexamod:ThermalTransfer"],"relics":["hexamod:SpiritBrand","Bottled Tornado","Letter Opener","Cursed Key","MutagenicStrength","downfall:RedIOU","Anchor","Centennial Puzzle"],"acts_visited":["Exordium","TheCity"],"potions_floor_usage":[8,16,33],"damage_taken":[{"damage":0,"enemies":"Small Slimes","floor":2,"turns":3},{"damage":0,"enemies":"downfall:FleeingMerchant","floor":3,"turns":4},{"damage":11,"enemies":"Jaw Worm","floor":5,"turns":3},{"damage":28,"enemies":"3 Sentries","floor":8,"turns":9},{"damage":0,"enemies":"Cultist","floor":10,"turns":3},{"damage":11,"enemies":"Exordium Wildlife","floor":12,"turns":4},{"damage":5,"enemies":"downfall:FleeingMerchant","floor":14,"turns":4},{"damage":6,"enemies":"Large Slime","floor":15,"turns":3},{"damage":14,"enemies":"WA_ARCHETYPE_RETAIN","floor":16,"turns":6},{"damage":20,"enemies":"3 Byrds","floor":19,"turns":4},{"damage":24,"enemies":"Shell Parasite","floor":21,"turns":4},{"damage":29,"enemies":"Shelled Parasite and Fungi","floor":23,"turns":6},{"damage":9,"enemies":"Centurion and Healer","floor":25,"turns":6},{"damage":16,"enemies":"3 Cultists","floor":27,"turns":4},{"damage":23,"enemies":"Snecko","floor":29,"turns":5},{"damage":15,"enemies":"downfall:FleeingMerchant","floor":31,"turns":4},{"damage":5,"enemies":"Centurion and Healer","floor":32,"turns":4},{"damage":10,"enemies":"IC_MUSHROOM_ARCHETYPE","floor":33,"turns":3}],"seed_played":"-410219873363389892","potions_obtained":[{"floor":5,"key":"ColorlessPotion"},{"floor":8,"key":"Dexterity Potion"},{"floor":12,"key":"champ:CounterPotion"},{"floor":16,"key":"FairyPotion"},{"floor":23,"key":"LiquidBronze"},{"floor":27,"key":"Guardian:BlockOnCardUsePotion"}],"is_trial":false,"path_per_floor":["R","M","$","?","M","R","T","E","R","M","?","M","?","$","M","B",null,"R","M","?","M","?","M","T","M","T","M","?","M","R","$","M","B"],"character_chosen":"THE_SPIRIT","items_purchased":["hexamod:SearingWound","hexamod:Hexaguard"],"campfire_rested":2,"item_purchase_floors":[14,31],"current_hp_per_floor":[77,77,77,77,66,66,66,38,61,61,61,50,43,38,32,18,77,77,57,57,33,33,4,4,21,21,5,30,7,30,15,10,0,0,0],"gold":223,"neow_bonus":"TEN_PERCENT_HP_BONUS","is_daily":false,"chose_seed":false,"campfire_upgraded":3,"win_rate":0.0,"timestamp":1611886317,"path_taken":["R","M","$","?","M","R","T","E","R","M","?","?","?","$","M","BOSS","R","M","?","M","?","M","T","M","?","?","?","M","R","$","M","BOSS"],"items_purchased_type":["Card","Card"],"build_version":"2020-12-18","purchased_purges":1,"victory":false,"max_hp_per_floor":[77,77,77,77,77,77,77,77,77,77,77,77,77,77,77,77,77,77,77,77,77,77,77,77,77,77,77,77,77,77,77,77,77,77,77],"card_choices":[{"not_picked":["hexamod:InspiringFlames","hexamod:HeatMetal"],"picked":"hexamod:FlamesFromBeyond","floor":2},{"not_picked":["hexamod:FastForward","hexamod:GhostLash"],"picked":"hexamod:HauntingEcho","floor":3},{"not_picked":["hexamod:FastForward","hexamod:GhostShield"],"picked":"hexamod:StepThrough","floor":5},{"not_picked":["hexamod:EtherealExpedition","hexamod:GhostOfSpireFuture"],"picked":"hexamod:ChargedBarrage","floor":8},{"not_picked":["hexamod:InspiringFlames","hexamod:HeatMetal"],"picked":"hexamod:SkipABeat","floor":10},{"not_picked":["hexamod:HauntingEcho","hexamod:ShieldOfDarkness"],"picked":"hexamod:EmpoweredFlame","floor":12},{"not_picked":["hexamod:HeatMetal","hexamod:RetreatToShadows"],"picked":"hexamod:Firestarter","floor":14},{"not_picked":["hexamod:HauntingEcho","hexamod:Hexaguard"],"picked":"hexamod:VolcanoVisage","floor":15},{"not_picked":["hexamod:UnlimitedPower","hexamod:FifthSeal"],"picked":"hexamod:VolcanoVisage","floor":16},{"not_picked":["hexamod:Incineration","hexamod:BacktrackSmack"],"picked":"hexamod:InspiringFlames","floor":19},{"not_picked":["hexamod:SwordOfDarkness","hexamod:BacktrackSmack","hexamod:HauntingEcho"],"picked":"SKIP","floor":21},{"not_picked":["hexamod:NightmareGuise","hexamod:EmpoweredFlame","hexamod:Firestarter"],"picked":"SKIP","floor":23},{"not_picked":["hexamod:SpectralAdrenaline+1","hexamod:BacktrackSmack","hexamod:HauntingEcho"],"picked":"SKIP","floor":25},{"not_picked":["hexamod:SpectersWail","hexamod:BacktrackSmack+1"],"picked":"hexamod:RadiantFlame","floor":27},{"not_picked":["hexamod:Haunt+1","hexamod:WildfireWeapon","hexamod:FlamesFromBeyond"],"picked":"SKIP","floor":29},{"not_picked":["hexamod:NightmareGuise","hexamod:SwordOfDarkness"],"picked":"hexamod:ThermalTransfer+1","floor":31},{"not_picked":["hexamod:Firestarter+1","hexamod:PowerFromBeyond"],"picked":"hexamod:ThermalTransfer","floor":32}],"player_experience":348119,"relics_obtained":[{"floor":7,"key":"Bottled Tornado"},{"floor":8,"key":"Letter Opener"},{"floor":24,"key":"Anchor"},{"floor":26,"key":"Centennial Puzzle"}],"event_choices":[{"damage_healed":0,"gold_gain":0,"player_choice":"Success","damage_taken":7,"relics_obtained":["Omamori"],"max_hp_gain":0,"max_hp_loss":0,"event_name":"Scrap Ooze","floor":13,"gold_loss":0},{"damage_healed":0,"gold_gain":0,"player_choice":"Inject Mutagens","damage_taken":0,"relics_obtained":["MutagenicStrength"],"max_hp_gain":0,"max_hp_loss":0,"event_name":"Drug Dealer","floor":20,"gold_loss":0},{"damage_healed":25,"gold_gain":0,"player_choice":"Heal","damage_taken":0,"max_hp_gain":0,"max_hp_loss":0,"event_name":"The Library","floor":28,"gold_loss":0}],"is_beta":true,"boss_relics":[{"not_picked":["Snecko Eye","hexamod:IceCube"],"picked":"Cursed Key"}],"items_purged_floors":[31],"is_endless":false,"potions_floor_spawned":[5,8,12,16,23,27,29],"killed_by":"IC_MUSHROOM_ARCHETYPE","ascension_level":0}}