{"host":"pdsyh71gl8fwuuoe","time":1611892409,"event":{"mods":["AchievementEnabler","BaseMod","Bestiary","Colored Powertips","Curses Come First","Custom Start","Highlight Path","Minty Spire (QoL Compilation)","Permanent Neow","Quick Restart","Relic Stats","StSLib"],"gold_per_floor":[114,130,130,130,140,140,168,185,185,185,204,204,231,242,242,339,339,357,370,380,380,380,415,442,135,209,209,209,239,239,257,257,356,356,372,318,334,354,370,370,397,1,73,88,88,114,128,148,148,148],"floor_reached":51,"language":"ENG","playtime":1994,"items_purged":[],"score":1359,"play_id":"ee312063-4666-47b8-8d8c-f51c7fcaa2bd","local_time":"20210128225329","daily_mods":["Binary"],"is_ascension_mode":false,"campfire_choices":[{"data":"1","floor":6,"key":"LIFT"},{"data":"2","floor":10,"key":"LIFT"},{"data":"3","floor":12,"key":"LIFT"},{"data":"Flash of Steel","floor":15,"key":"SMITH"},{"floor":30,"key":"REST"},{"floor":32,"key":"REST"},{"data":"Heavy Blade","floor":40,"key":"SMITH"},{"floor":45,"key":"REST"},{"floor":49,"key":"REST"}],"circlet_count":0,"master_deck":["Finesse+1","Flash of Steel+1","Heavy Blade+1"],"relics":["Burning Blood","Busted Crown","Kunai","Ornamental Fan","Calipers","ClockworkSouvenir","Ninja Scroll","Nunchaku","Shuriken","TwistedFunnel","Bag of Marbles","Anchor","CaptainsWheel","Girya","HornCleat","Vajra","Oddly Smooth Stone","MealTicket","Toy Ornithopter","Peace Pipe","Philosopher\u0027s Stone","Omamori","Red Mask","TheAbacus","Pen Nib","Toxic Egg 2","War Paint","SacredBark","Regal Pillow","Letter Opener","Sling","Eternal Feather","Meat on the Bone"],"acts_visited":["Exordium","TheCity","TheBeyond"],"potions_floor_usage":[50],"damage_taken":[{"damage":0,"enemies":"Small Slimes","floor":1,"turns":1},{"damage":0,"enemies":"Jaw Worm","floor":2,"turns":1},{"damage":0,"enemies":"2 Louse","floor":5,"turns":1},{"damage":0,"enemies":"Gremlin Nob","floor":7,"turns":1},{"damage":0,"enemies":"Large Slime","floor":8,"turns":1},{"damage":0,"enemies":"Lots of Slimes","floor":11,"turns":1},{"damage":0,"enemies":"Lagavulin","floor":13,"turns":1},{"damage":0,"enemies":"Exordium Thugs","floor":14,"turns":1},{"damage":0,"enemies":"The Guardian","floor":16,"turns":1},{"damage":0,"enemies":"Spheric Guardian","floor":18,"turns":1},{"damage":0,"enemies":"2 Thieves","floor":19,"turns":1},{"damage":0,"enemies":"Sentry and Sphere","floor":20,"turns":1},{"damage":0,"enemies":"Book of Stabbing","floor":23,"turns":1},{"damage":0,"enemies":"Masked Bandits","floor":24,"turns":1},{"damage":0,"enemies":"Slavers","floor":29,"turns":1},{"damage":0,"enemies":"Snake Plant","floor":31,"turns":1},{"damage":0,"enemies":"Champ","floor":33,"turns":1},{"damage":0,"enemies":"Orb Walker","floor":35,"turns":1},{"damage":0,"enemies":"3 Shapes","floor":37,"turns":1},{"damage":0,"enemies":"Transient","floor":38,"turns":4},{"damage":0,"enemies":"Sphere and 2 Shapes","floor":39,"turns":1},{"damage":0,"enemies":"Reptomancer","floor":41,"turns":1},{"damage":0,"enemies":"Spire Growth","floor":44,"turns":1},{"damage":0,"enemies":"Giant Head","floor":46,"turns":1},{"damage":0,"enemies":"Maw","floor":47,"turns":1},{"damage":0,"enemies":"Sphere and 2 Shapes","floor":48,"turns":1},{"damage":0,"enemies":"Donu and Deca","floor":50,"turns":1}],"seed_played":"-742881370024952374","potions_obtained":[{"floor":1,"key":"BlessingOfTheForge"},{"floor":2,"key":"EssenceOfSteel"},{"floor":7,"key":"Block Potion"},{"floor":46,"key":"BlessingOfTheForge"}],"is_trial":true,"path_per_floor":["M","M","$","?","M","R","E","M","T","R","M","R","E","M","R","B",null,"M","M","M","$","?","E","?","$","T","?","?","E","R","M","R","B",null,"M","$","M","M","M","R","E","$","T","M","R","E","M","M","R","B",null],"character_chosen":"IRONCLAD","items_purchased":["TheAbacus","Pen Nib","Heavy Blade","Letter Opener","Sling"],"campfire_rested":4,"item_purchase_floors":[25,25,36,42,42],"current_hp_per_floor":[80,80,80,73,79,79,80,80,80,80,80,80,80,80,80,80,80,80,80,80,80,80,80,80,80,80,65,59,65,85,85,85,85,85,85,85,85,85,85,85,85,85,85,85,85,85,85,85,85,85],"gold":148,"neow_bonus":"","is_daily":false,"chose_seed":false,"campfire_upgraded":2,"win_rate":0.0,"timestamp":1611892409,"path_taken":["M","M","$","?","M","R","E","M","T","R","M","R","E","M","R","BOSS","M","M","M","$","?","E","?","$","T","?","?","E","R","M","R","BOSS","M","$","?","M","M","R","E","?","T","M","R","E","M","M","R","BOSS"],"items_purchased_type":["Relic","Relic","Card","Relic","Relic"],"build_version":"2020-12-22","purchased_purges":0,"victory":true,"max_hp_per_floor":[80,80,80,80,80,80,80,80,80,80,80,80,80,80,80,80,80,80,80,80,80,80,80,80,80,80,85,85,85,85,85,85,85,85,85,85,85,85,85,85,85,85,85,85,85,85,85,85,85,85],"relic_stats":{"Regal Pillow":0,"counters":[27,30],"Eternal Feather":0,"Pen Nib":[17],"Letter Opener":[85],"War Paint":["Finesse"],"Burning Blood":13,"Peace Pipe":0,"Nunchaku":[29],"Busted Crown":52,"TheAbacus":[1404],"Ornamental Fan":[352],"Shuriken":[88],"MealTicket":0,"Kunai":[88],"obtain_stats":[{"TwistedFunnel":0,"Regal Pillow":41,"Calipers":0,"SacredBark":34,"Vajra":0,"Sling":42,"Burning Blood":0,"ClockworkSouvenir":0,"Nunchaku":0,"HornCleat":0,"TheAbacus":25,"Ninja Scroll":0,"MealTicket":4,"Philosopher\u0027s Stone":17,"Red Mask":24,"Kunai":0,"Toxic Egg 2":26,"Girya":0,"Oddly Smooth Stone":0,"Eternal Feather":43,"Pen Nib":25,"Omamori":23,"Letter Opener":42,"War Paint":29,"Peace Pipe":13,"Anchor":0,"CaptainsWheel":0,"Busted Crown":0,"Ornamental Fan":0,"Shuriken":0,"Bag of Marbles":0,"Toy Ornithopter":9,"Meat on the Bone":46},{"TwistedFunnel":0,"Regal Pillow":22,"Calipers":0,"SacredBark":17,"Vajra":0,"Sling":22,"Burning Blood":0,"ClockworkSouvenir":0,"Nunchaku":0,"HornCleat":0,"TheAbacus":14,"Ninja Scroll":0,"MealTicket":2,"Philosopher\u0027s Stone":9,"Red Mask":14,"Kunai":0,"Toxic Egg 2":14,"Girya":0,"Oddly Smooth Stone":0,"Eternal Feather":22,"Pen Nib":14,"Omamori":13,"Letter Opener":22,"War Paint":15,"Peace Pipe":7,"Anchor":0,"CaptainsWheel":0,"Busted Crown":0,"Ornamental Fan":0,"Shuriken":0,"Bag of Marbles":0,"Toy Ornithopter":5,"Meat on the Bone":24},{"TwistedFunnel":0,"Regal Pillow":25,"Calipers":0,"SacredBark":17,"Vajra":0,"Sling":25,"Burning Blood":0,"ClockworkSouvenir":0,"Nunchaku":0,"HornCleat":0,"TheAbacus":14,"Ninja Scroll":0,"MealTicket":2,"Philosopher\u0027s Stone":9,"Red Mask":14,"Kunai":0,"Toxic Egg 2":14,"Girya":0,"Oddly Smooth Stone":0,"Eternal Feather":25,"Pen Nib":14,"Omamori":13,"Letter Opener":25,"War Paint":15,"Peace Pipe":7,"Anchor":0,"CaptainsWheel":0,"Busted Crown":0,"Ornamental Fan":0,"Shuriken":0,"Bag of Marbles":0,"Toy Ornithopter":5,"Meat on the Bone":27}],"Toy Ornithopter":0,"Meat on the Bone":0},"card_choices":[],"player_experience":553681,"relics_obtained":[{"floor":9,"key":"Toy Ornithopter"},{"floor":13,"key":"Peace Pipe"},{"floor":23,"key":"Omamori"},{"floor":24,"key":"Red Mask"},{"floor":26,"key":"Toxic Egg 2"},{"floor":29,"key":"War Paint"},{"floor":41,"key":"Regal Pillow"},{"floor":43,"key":"Eternal Feather"},{"floor":46,"key":"Meat on the Bone"}],"event_choices":[{"damage_healed":0,"gold_gain":0,"player_choice":"Success","damage_taken":7,"relics_obtained":["MealTicket"],"max_hp_gain":0,"max_hp_loss":0,"event_name":"Scrap Ooze","floor":4,"gold_loss":0},{"damage_healed":0,"gold_gain":0,"player_choice":"Ignored","damage_taken":0,"max_hp_gain":0,"max_hp_loss":0,"event_name":"The Mausoleum","floor":22,"gold_loss":0},{"damage_healed":0,"gold_gain":0,"player_choice":"Fought Bandits","damage_taken":0,"max_hp_gain":0,"max_hp_loss":0,"event_name":"Masked Bandits","floor":24,"gold_loss":0},{"damage_healed":0,"gold_gain":0,"player_choice":"Shed Blood","damage_taken":20,"max_hp_gain":5,"max_hp_loss":0,"event_name":"Forgotten Altar","floor":27,"gold_loss":0},{"damage_healed":0,"gold_gain":0,"player_choice":"","damage_taken":6,"max_hp_gain":0,"max_hp_loss":0,"event_name":"Knowing Skull","floor":28,"potions_obtained":[],"gold_loss":0,"cards_obtained":[]}],"is_beta":false,"boss_relics":[{"not_picked":["Snecko Eye","Runic Cube"],"picked":"Philosopher\u0027s Stone"},{"not_picked":["Runic Pyramid","Coffee Dripper"],"picked":"SacredBark"}],"items_purged_floors":[],"is_endless":false,"potions_floor_spawned":[1,2,7,13,14,18,20,31,33,37,38,46,47],"ascension_level":0}}