{"host":"4nqeo0vu1vuav7gg","time":1611940033,"event":{"mods":["AchievementEnabler","BaseMod","Block Reminder","Colored Map","Colored Powertips","Highlight Path","Minty Spire (QoL Compilation)","Quick Restart","Rare Cards Sparkle","Relic Relevance Reorder","StSLib"],"gold_per_floor":[111,111,33,44,1,30,30,56,81,107,119,4,4,4,4,83,83,93,103,103,123,123,156,175,175,175],"floor_reached":25,"language":"ENG","playtime":1045,"items_purged":[],"score":466,"play_id":"91e30331-d7eb-492c-ae54-22bcb3c02b8e","local_time":"20210129180713","is_ascension_mode":true,"campfire_choices":[{"floor":7,"key":"REST"},{"floor":13,"key":"REST"},{"floor":15,"key":"REST"}],"circlet_count":0,"master_deck":["AscendersBane","Strike_B","Strike_B","Strike_B","Defend_B+1","Defend_B","Defend_B","Zap","Dualcast","Core Surge","Melter","Chill+1","Barrage","Static Discharge","Blizzard","Ball Lightning","Cold Snap","Defragment","Chill","Electrodynamics","Reinforced Body","Glacier","Thunder Strike","Rebound","Static Discharge","Fission","Aggregate"],"relics":["FrozenCore","Toy Ornithopter","DataDisk","Vajra","Bag of Preparation","Smiling Mask","War Paint"],"acts_visited":["Exordium","TheCity"],"potions_floor_usage":[10,10,16],"damage_taken":[{"damage":2,"enemies":"2 Louse","floor":1,"turns":2},{"damage":2,"enemies":"Jaw Worm","floor":4,"turns":3},{"damage":23,"enemies":"Lagavulin","floor":6,"turns":6},{"damage":24,"enemies":"3 Sentries","floor":8,"turns":6},{"damage":17,"enemies":"Lagavulin","floor":10,"turns":3},{"damage":0,"enemies":"Small Slimes","floor":11,"turns":2},{"damage":23,"enemies":"The Guardian","floor":16,"turns":9},{"damage":0,"enemies":"Spheric Guardian","floor":18,"turns":3},{"damage":7,"enemies":"Chosen","floor":19,"turns":5},{"damage":32,"enemies":"Centurion and Healer","floor":21,"turns":7},{"damage":11,"enemies":"Slavers","floor":23,"turns":3},{"damage":8,"enemies":"Shelled Parasite and Fungi","floor":24,"turns":5},{"damage":37,"enemies":"Book of Stabbing","floor":25,"turns":5}],"seed_played":"-8250850977997013871","potions_obtained":[{"floor":1,"key":"EssenceOfDarkness"},{"floor":4,"key":"Swift Potion"},{"floor":10,"key":"Swift Potion"},{"floor":18,"key":"FairyPotion"}],"is_trial":false,"path_per_floor":["M","?","$","M","$","E","R","E","T","E","M","$","R","?","R","B",null,"M","M","?","M","T","E","M","E"],"character_chosen":"DEFECT","items_purchased":["Chill","Static Discharge","Defragment","Chill"],"campfire_rested":3,"item_purchase_floors":[3,5,12,12],"current_hp_per_floor":[62,62,62,60,60,37,58,34,34,27,27,27,48,48,69,48,65,65,58,58,26,26,15,7,0,0],"gold":175,"neow_bonus":"ONE_RANDOM_RARE_CARD","is_daily":false,"chose_seed":false,"campfire_upgraded":0,"win_rate":0.0,"timestamp":1611940033,"path_taken":["M","?","$","M","$","E","R","E","T","E","M","$","R","?","R","BOSS","M","M","?","M","?","E","M","E"],"items_purchased_type":["Card","Card","Card","Card"],"build_version":"2020-12-22","purchased_purges":0,"victory":false,"max_hp_per_floor":[71,71,71,71,71,71,71,71,71,71,71,71,71,71,71,71,71,71,71,71,71,71,71,71,71,71],"card_choices":[{"not_picked":["Coolheaded","Beam Cell"],"picked":"Melter","floor":1},{"not_picked":["Auto Shields","Redo"],"picked":"Barrage","floor":4},{"not_picked":["Hologram","Steam Power","Rip and Tear"],"picked":"SKIP","floor":6},{"not_picked":["Heatsinks","Gash"],"picked":"Blizzard","floor":8},{"not_picked":["Go for the Eyes","Hologram"],"picked":"Ball Lightning","floor":10},{"not_picked":["Aggregate","Barrage"],"picked":"Cold Snap","floor":11},{"not_picked":["Amplify","Creative AI"],"picked":"Electrodynamics","floor":16},{"not_picked":["Go for the Eyes","Chaos"],"picked":"Reinforced Body","floor":18},{"not_picked":["Barrage","Conserve Battery"],"picked":"Glacier","floor":19},{"not_picked":["Compile Driver","Aggregate"],"picked":"Static Discharge","floor":21},{"not_picked":["Chaos","Go for the Eyes"],"picked":"Fission","floor":23},{"not_picked":["Leap","Redo"],"picked":"Aggregate","floor":24}],"player_experience":1083695,"relics_obtained":[{"floor":6,"key":"Bag of Preparation"},{"floor":8,"key":"DataDisk"},{"floor":9,"key":"Toy Ornithopter"},{"floor":10,"key":"War Paint"},{"floor":22,"key":"Smiling Mask"},{"floor":23,"key":"Vajra"}],"event_choices":[{"damage_healed":0,"gold_gain":0,"player_choice":"Leave","damage_taken":0,"max_hp_gain":0,"max_hp_loss":0,"event_name":"The Cleric","floor":2,"gold_loss":0},{"damage_healed":0,"gold_gain":0,"player_choice":"Ignored","damage_taken":0,"max_hp_gain":0,"max_hp_loss":0,"event_name":"Shining Light","floor":14,"gold_loss":0},{"damage_healed":0,"gold_gain":0,"cards_transformed":["Strike_B","Defend_B"],"player_choice":"Became Test Subject","damage_taken":0,"max_hp_gain":0,"max_hp_loss":0,"event_name":"Drug Dealer","floor":20,"gold_loss":0,"cards_obtained":["Thunder Strike","Rebound"]}],"is_beta":false,"boss_relics":[{"not_picked":["Ectoplasm","SacredBark"],"picked":"FrozenCore"}],"items_purged_floors":[],"is_endless":false,"potions_floor_spawned":[1,4,10,18],"killed_by":"Book of Stabbing","ascension_level":19}}