{"host":"sc0o2qwpf9j16a4i","time":1611932790,"event":{"mods":["AchievementEnabler","BaseMod","BetterRewards","Block Reminder","Colored Map","Colored Powertips","Custom Start","Highlight Path","Minty Spire (QoL Compilation)","Relic Stats"],"gold_per_floor":[142,160,10,10,49,49,76,130,203,294,424,481,514,604,604,769,769,845,289,298,307,471,591,636,680,704,704,704],"floor_reached":27,"language":"ENG","playtime":1250,"items_purged":["Mayhem"],"score":479,"play_id":"c7eea496-0835-4e4f-ae29-937ed9b1070c","local_time":"20210129170630","daily_mods":["Shiny","Colorless Cards","Elite Swarm"],"is_ascension_mode":false,"campfire_choices":[{"data":"Apotheosis","floor":6,"key":"SMITH"},{"floor":15,"key":"REST"}],"circlet_count":0,"master_deck":["Judgement","ConjureBlade","MasterReality","Brilliance","Devotion","Blasphemy","Ragnarok","LessonLearned","Scrawl","Vault","Alpha","Wish+1","Omniscience","Establishment","SpiritShield","DevaForm","DeusExMachina","Thinking Ahead","Metamorphosis","Master of Strategy","Magnetism","Chrysalis","Transmutation","HandOfGreed","Apotheosis+1","Secret Weapon","Panache","Violence","Secret Technique","The Bomb","Sadistic Nature","Trip","Mind Blast","Wish","Omniscience","Brilliance","ThirdEye","Wish","Master of Strategy","CurseOfTheBell","WreathOfFlame+1","Protect","Wallop+1","Decay","Worship","Ghostly","Ghostly","Ghostly","Ghostly","Ghostly+1","Vault"],"relics":["PureWater","Strange Spoon","Smiling Mask","Strawberry","White Beast Statue","InkBottle","WingedGreaves","MealTicket","Calling Bell","Happy Flower","Molten Egg 2","FossilizedHelix","PreservedInsect","Frozen Eye","CeramicFish","Centennial Puzzle","Anchor","Nunchaku"],"acts_visited":["Exordium","TheCity"],"potions_floor_usage":[22,22,23,23,25,27],"damage_taken":[{"damage":15,"enemies":"Cultist","floor":1,"turns":5},{"damage":5,"enemies":"Small Slimes","floor":2,"turns":2},{"damage":0,"enemies":"Jaw Worm","floor":5,"turns":1},{"damage":0,"enemies":"Lagavulin","floor":8,"turns":4},{"damage":20,"enemies":"Gremlin Nob","floor":10,"turns":4},{"damage":0,"enemies":"Large Slime","floor":11,"turns":6},{"damage":9,"enemies":"3 Sentries","floor":12,"turns":3},{"damage":0,"enemies":"Looter","floor":13,"turns":2},{"damage":0,"enemies":"Lagavulin","floor":14,"turns":5},{"damage":0,"enemies":"Slime Boss","floor":16,"turns":5},{"damage":5,"enemies":"Chosen","floor":18,"turns":4},{"damage":3,"enemies":"3 Byrds","floor":22,"turns":3},{"damage":40,"enemies":"Gremlin Leader","floor":23,"turns":5},{"damage":28,"enemies":"Book of Stabbing","floor":25,"turns":6},{"damage":13,"enemies":"Slavers","floor":27,"turns":2}],"seed_played":"1267310508364787971","potions_obtained":[{"floor":2,"key":"Weak Potion"},{"floor":10,"key":"SpeedPotion"},{"floor":11,"key":"SteroidPotion"},{"floor":13,"key":"LiquidMemories"},{"floor":22,"key":"SneckoOil"},{"floor":23,"key":"Swift Potion"},{"floor":25,"key":"Fire Potion"}],"is_trial":true,"path_per_floor":["M","M","$","?","M","R","T","E","T","E","M","E","M","E","R","B",null,"M","$","?","?","M","E","?","E","T","E"],"character_chosen":"WATCHER","items_purchased":["Strange Spoon","PreservedInsect","Frozen Eye","Protect","CeramicFish"],"campfire_rested":1,"item_purchase_floors":[3,19,19,19,19],"current_hp_per_floor":[57,52,52,52,52,52,52,59,59,39,39,30,30,30,53,53,79,74,79,79,79,76,36,36,8,8,0,0],"gold":704,"neow_bonus":"","is_daily":false,"chose_seed":false,"campfire_upgraded":1,"win_rate":0.0,"timestamp":1611932790,"path_taken":["M","M","$","?","M","R","?","E","T","E","M","E","?","E","R","BOSS","M","$","?","?","?","E","?","E","T","E"],"items_purchased_type":["Relic","Relic","Relic","Card","Relic"],"build_version":"2020-12-22","purchased_purges":1,"victory":false,"max_hp_per_floor":[72,72,72,72,72,72,72,79,79,79,79,79,79,79,79,79,79,79,79,79,79,79,79,39,39,39,39,39],"relic_stats":{"Strange Spoon":[54],"Centennial Puzzle":[6],"Nunchaku":[0],"Happy Flower":[6],"counters":[15,57],"CeramicFish":81,"MealTicket":5,"PreservedInsect":126,"Smiling Mask":25,"obtain_stats":[{"Happy Flower":17,"CeramicFish":19,"PreservedInsect":19,"Smiling Mask":7,"White Beast Statue":9,"Calling Bell":17,"Strange Spoon":3,"Frozen Eye":19,"Centennial Puzzle":23,"Anchor":25,"Nunchaku":26,"Strawberry":8,"MealTicket":14,"Molten Egg 2":17,"WingedGreaves":12,"PureWater":0,"InkBottle":10,"FossilizedHelix":17},{"Happy Flower":10,"CeramicFish":11,"PreservedInsect":11,"Smiling Mask":3,"White Beast Statue":4,"Calling Bell":10,"Strange Spoon":2,"Frozen Eye":11,"Centennial Puzzle":13,"Anchor":14,"Nunchaku":14,"Strawberry":4,"MealTicket":9,"Molten Egg 2":10,"WingedGreaves":7,"PureWater":0,"InkBottle":5,"FossilizedHelix":10},{"Happy Flower":37,"CeramicFish":41,"PreservedInsect":41,"Smiling Mask":8,"White Beast Statue":12,"Calling Bell":37,"Strange Spoon":7,"Frozen Eye":41,"Centennial Puzzle":49,"Anchor":55,"Nunchaku":55,"Strawberry":12,"MealTicket":32,"Molten Egg 2":37,"WingedGreaves":25,"PureWater":0,"InkBottle":16,"FossilizedHelix":37}],"InkBottle":[18]},"card_choices":[{"not_picked":["Crescendo","LikeWater"],"picked":"Trip","floor":1},{"not_picked":["Bandage Up","SashWhip"],"picked":"Mind Blast","floor":2},{"not_picked":["FlurryOfBlows","FollowUp","Prostrate"],"picked":"SKIP","floor":5},{"not_picked":["LessonLearned","Thinking Ahead"],"picked":"Wish","floor":8},{"not_picked":["The Bomb","Mayhem"],"picked":"Omniscience","floor":10},{"not_picked":["Prostrate","Consecrate","Crescendo"],"picked":"SKIP","floor":11},{"not_picked":["The Bomb","Thinking Ahead"],"picked":"Brilliance","floor":12},{"not_picked":["SashWhip","Swivel"],"picked":"ThirdEye","floor":13},{"not_picked":["Apotheosis","MasterReality"],"picked":"Wish","floor":14},{"not_picked":["Mayhem","Brilliance"],"picked":"Master of Strategy","floor":16},{"not_picked":["Flash of Steel+1","Enlightenment"],"picked":"WreathOfFlame+1","floor":18},{"not_picked":["Trip","FollowUp+1"],"picked":"Worship","floor":22},{"not_picked":["Mayhem","Blasphemy","MasterReality"],"picked":"SKIP","floor":23},{"not_picked":["Sadistic Nature","Secret Technique"],"picked":"Vault","floor":25}],"player_experience":1046699,"relics_obtained":[{"floor":7,"key":"Smiling Mask"},{"floor":8,"key":"Strawberry"},{"floor":9,"key":"White Beast Statue"},{"floor":10,"key":"InkBottle"},{"floor":12,"key":"WingedGreaves"},{"floor":14,"key":"MealTicket"},{"floor":17,"key":"Happy Flower"},{"floor":17,"key":"Molten Egg 2"},{"floor":17,"key":"FossilizedHelix"},{"floor":23,"key":"Centennial Puzzle"},{"floor":25,"key":"Anchor"},{"floor":26,"key":"Nunchaku"}],"event_choices":[{"damage_healed":0,"gold_gain":0,"player_choice":"Ignored","damage_taken":0,"max_hp_gain":0,"max_hp_loss":0,"event_name":"Liars Game","floor":4,"gold_loss":0},{"damage_healed":0,"gold_gain":0,"player_choice":"Read","damage_taken":0,"max_hp_gain":0,"max_hp_loss":0,"event_name":"The Library","floor":20,"gold_loss":0,"cards_obtained":["Wallop"]},{"damage_healed":0,"gold_gain":0,"player_choice":"1 cards matched","damage_taken":0,"max_hp_gain":0,"max_hp_loss":0,"event_name":"Match and Keep!","floor":21,"gold_loss":0,"cards_obtained":["Decay"]},{"damage_healed":0,"gold_gain":0,"player_choice":"Became a Ghost","damage_taken":0,"max_hp_gain":0,"max_hp_loss":40,"event_name":"Ghosts","floor":24,"gold_loss":0,"cards_obtained":["Ghostly","Ghostly","Ghostly","Ghostly","Ghostly"]}],"is_beta":false,"boss_relics":[{"not_picked":["Sozu","Coffee Dripper"],"picked":"Calling Bell"}],"items_purged_floors":[19],"is_endless":false,"potions_floor_spawned":[2,10,11,12,13,14,16,18,22,23,25],"killed_by":"Slavers","ascension_level":0}}