{"host":"aukiz5jlacd3g5yc","time":1611898180,"event":{"mods":["2.2 Compatiblity","BaseMod","Bestiary","Colored Map","Colored Powertips","Downfall","GifTheSpireLib","Hubris","Minty Spire (QoL Compilation)","Permanent Neow","Quick Restart","Random Character Button","Rare Cards Sparkle","Relic Sorter","Relic Stats","Replay The Spire","StSLib","everything is the same but u backflip on backflip","slay the spire mod where everything is the same but ironclad has a cowboy hat"],"gold_per_floor":[99,112,126,126,142,169,245,261,78,78,111,111,52,63,73,177,204,104,132,156,156,165,15,41,66,100,109,109,109,109],"floor_reached":28,"language":"ENG","playtime":1982,"items_purged":["Languid"],"score":271,"play_id":"f637d4f1-68f3-432c-88f4-d272b86df293","local_time":"20210128232939","is_ascension_mode":true,"campfire_choices":[{"data":"hexamod:Float","floor":1,"key":"SMITH"},{"data":"hexamod:GhostOfSpireFuture","floor":10,"key":"SMITH"},{"data":"hexamod:SpectersWail","floor":12,"key":"SMITH"},{"data":"hexamod:HexaLevel","floor":18,"key":"SMITH"}],"circlet_count":0,"master_deck":["hexamod:Strike","hexamod:Strike","hexamod:Defend","hexamod:Defend","hexamod:Defend","hexamod:Sear","hexamod:Float+1","hexamod:StepThrough","hexamod:GhostOfSpireFuture+1","hexamod:AdvancingGuard","hexamod:SpectersWail+1","hexamod:FastForward+1","hexamod:StepThrough","hexamod:SkipABeat","hexamod:HexaLevel+1","hexamod:SoulSteal+1","hexamod:Incineration+1","hexamod:InspiringFlames+1","hexamod:Hexaguard","hexamod:AdvancingGuard+1","hexamod:FastForward","hexamod:GhostflameInferno","hexamod:Hexaguard","Writhe"],"relics":["hexamod:SpiritBrand","downfall:HeartBlessingBlue","CeramicFish","Replay:Wax Seal","Oddly Smooth Stone","hubris:GlazedTorus","hexamod:InflammatoryLetter","Astrolabe","hubris:DeckOfHolding","bronze:BronzeIdol","Dream Catcher","Blue Candle","Boot"],"acts_visited":["Exordium","TheCity"],"potions_floor_usage":[6,16,16,16,26,28,28,28,28],"damage_taken":[{"damage":1,"enemies":"Cultist","floor":2,"turns":3},{"damage":2,"enemies":"2 Louse","floor":3,"turns":2},{"damage":0,"enemies":"Small Slimes","floor":5,"turns":3},{"damage":29,"enemies":"Gremlin Nob","floor":6,"turns":5},{"damage":7,"enemies":"Blue Slaver","floor":8,"turns":5},{"damage":0,"enemies":"downfall:FleeingMerchant","floor":9,"turns":4},{"damage":5,"enemies":"3 Sentries","floor":11,"turns":5},{"damage":4,"enemies":"Lagavulin","floor":13,"turns":6},{"damage":4,"enemies":"2 Fungi Beasts","floor":14,"turns":3},{"damage":0,"enemies":"Exordium Thugs","floor":15,"turns":4},{"damage":6,"enemies":"IC_STATUS_ARCHETYPE","floor":16,"turns":7},{"damage":10,"enemies":"Shell Parasite","floor":19,"turns":6},{"damage":16,"enemies":"Snake Plant","floor":20,"turns":5},{"damage":1,"enemies":"downfall:FleeingMerchant","floor":23,"turns":4},{"damage":29,"enemies":"Sentry and Sphere","floor":25,"turns":6},{"damage":12,"enemies":"Replay:Snechameleon","floor":26,"turns":6},{"damage":13,"enemies":"Book of Stabbing","floor":28,"turns":4}],"seed_played":"-9054327047805298304","potions_obtained":[{"floor":3,"key":"EntropicBrew"},{"floor":13,"key":"Swift Potion"},{"floor":14,"key":"Block Potion"},{"floor":20,"key":"EntropicBrew"},{"floor":25,"key":"Adrenaline Potion"}],"is_trial":false,"path_per_floor":["R","M","M","?","M","E","T","M","$","R","E","R","E","M","M","B",null,"R","M","M","T","?","$","T","M","E","?","E"],"character_chosen":"THE_SPIRIT","items_purchased":["Replay:Wax Seal","hexamod:FastForward+1","hexamod:StepThrough","bronze:BronzeIdol"],"campfire_rested":0,"item_purchase_floors":[9,9,9,23],"current_hp_per_floor":[70,69,67,67,67,38,38,31,31,31,26,26,22,18,18,12,70,80,70,54,54,54,53,53,24,12,12,0,0,0],"gold":109,"neow_bonus":"ONE_RARE_RELIC","is_daily":false,"chose_seed":false,"campfire_upgraded":4,"win_rate":0.0,"timestamp":1611898179,"path_taken":["R","M","?","?","?","E","T","M","$","R","E","R","E","M","M","BOSS","R","M","M","?","?","$","T","M","E","?","E"],"items_purchased_type":["Relic","Card","Card","Relic"],"build_version":"2020-12-22","purchased_purges":1,"victory":false,"max_hp_per_floor":[70,70,70,70,70,70,70,70,70,70,70,70,70,70,70,70,70,80,80,80,80,80,80,80,80,80,80,80,80,80],"relic_stats":{"Dream Catcher":0,"counters":[17,78],"CeramicFish":99,"Astrolabe":["hexamod:SoulSteal","hexamod:Incineration","hexamod:InspiringFlames"],"Blue Candle":[1],"Boot":[0],"obtain_stats":[{"CeramicFish":13,"Astrolabe":17,"Blue Candle":26,"Oddly Smooth Stone":6,"hexamod:InflammatoryLetter":11,"Boot":27,"bronze:BronzeIdol":23,"Dream Catcher":24,"downfall:HeartBlessingBlue":18,"hubris:DeckOfHolding":21,"Replay:Wax Seal":9,"hexamod:SpiritBrand":0,"hubris:GlazedTorus":0},{"CeramicFish":8,"Astrolabe":11,"Blue Candle":16,"Oddly Smooth Stone":4,"hexamod:InflammatoryLetter":7,"Boot":16,"bronze:BronzeIdol":14,"Dream Catcher":14,"downfall:HeartBlessingBlue":11,"hubris:DeckOfHolding":13,"Replay:Wax Seal":6,"hexamod:SpiritBrand":0,"hubris:GlazedTorus":0},{"CeramicFish":33,"Astrolabe":47,"Blue Candle":74,"Oddly Smooth Stone":13,"hexamod:InflammatoryLetter":27,"Boot":74,"bronze:BronzeIdol":62,"Dream Catcher":62,"downfall:HeartBlessingBlue":47,"hubris:DeckOfHolding":58,"Replay:Wax Seal":22,"hexamod:SpiritBrand":0,"hubris:GlazedTorus":0}]},"card_choices":[{"not_picked":["hexamod:EmpoweredFlame","hexamod:InspiringFlames"],"picked":"hexamod:StepThrough","floor":2},{"not_picked":["hexamod:Haunt","hexamod:SecondSeal","hexamod:ShieldOfDarkness"],"picked":"SKIP","floor":3},{"not_picked":["hexamod:HauntingEcho","hexamod:StepThrough"],"picked":"hexamod:GhostOfSpireFuture","floor":5},{"not_picked":["hexamod:SwordOfDarkness","hexamod:BurningTouch"],"picked":"hexamod:AdvancingGuard","floor":6},{"not_picked":["hexamod:ExtraCrispy","hexamod:Firestarter"],"picked":"hexamod:SpectersWail","floor":8},{"not_picked":["hexamod:UnleashSpirits","hexamod:NightmareStrike","hexamod:ChargedBarrage"],"picked":"SKIP","floor":9},{"not_picked":["hexamod:NecessarySacrifice","hexamod:SuperheatedStrike","hexamod:ChargedBarrage"],"picked":"SKIP","floor":11},{"not_picked":["hexamod:NightmareStrike","hexamod:Haunt"],"picked":"hexamod:SkipABeat","floor":13},{"not_picked":["hexamod:GhostLash","hexamod:NightmareStrike","hexamod:GhostShield"],"picked":"SKIP","floor":14},{"not_picked":["hexamod:GhostLash","hexamod:NightmareStrike","hexamod:GhostShield"],"picked":"SKIP","floor":14},{"not_picked":["hexamod:GhostflameInferno","hexamod:Firestarter","hexamod:GhostLash"],"picked":"SKIP","floor":15},{"not_picked":["hexamod:GhostflameInferno","hexamod:TimeOfNeed"],"picked":"hexamod:HexaLevel","floor":16},{"not_picked":["hexamod:SecondSeal","hexamod:SwordOfDarkness"],"picked":"hexamod:Hexaguard","floor":19},{"not_picked":["hexamod:SoulSteal","hexamod:HauntingEcho+1"],"picked":"hexamod:AdvancingGuard+1","floor":20},{"not_picked":["hexamod:SuperheatedStrike","hexamod:ShieldOfDarkness+1"],"picked":"hexamod:GhostflameInferno","floor":23},{"not_picked":["hexamod:BurningTouch","hexamod:InspiringFlames"],"picked":"hexamod:Hexaguard","floor":25},{"not_picked":["hexamod:HauntingEcho","hexamod:FourthSeal","hexamod:ShieldOfDarkness+1"],"picked":"SKIP","floor":26}],"player_experience":370395,"relics_obtained":[{"floor":6,"key":"Oddly Smooth Stone"},{"floor":11,"key":"hexamod:InflammatoryLetter"},{"floor":13,"key":"CeramicFish"},{"floor":21,"key":"hubris:DeckOfHolding"},{"floor":24,"key":"Dream Catcher"},{"floor":26,"key":"Blue Candle"}],"event_choices":[{"damage_healed":0,"gold_gain":0,"player_choice":"Ignored","damage_taken":0,"max_hp_gain":0,"max_hp_loss":0,"event_name":"NoteForYourself","floor":4,"gold_loss":0}],"is_beta":false,"boss_relics":[{"not_picked":["hubris:Stopwatch","hubris:CrackedHourglass"],"picked":"Astrolabe"}],"items_purged_floors":[9],"is_endless":false,"potions_floor_spawned":[3,11,13,14,15,20,25],"killed_by":"Book of Stabbing","ascension_level":1}}