{"host":"u1dfzl6o6mfmauc3","time":1611957117,"event":{"mods":["2.2 Compatiblity","AchievementEnabler","BaseMod","Bestiary","Block Reminder","Challenge The Spire","Colored Map","Dark Map","Hermit","Minty Spire (QoL Compilation)","Random Character Button","Rare Cards Sparkle","Relic Stats","Robot Space Explorer","StSLib","The Disciple"],"gold_per_floor":[99,99,99,99,99,99,84,84,84,84,84,84,84,84,24,24,24,24,24,24,24],"floor_reached":20,"language":"ENG","playtime":777,"items_purged":["Strike_B"],"score":250,"play_id":"34d95185-bb98-4d01-b3e2-0b5c2626aa39","local_time":"20210129165157","is_ascension_mode":true,"campfire_choices":[{"floor":12,"key":"REST"},{"floor":14,"key":"REST"},{"data":"Defragment","floor":16,"key":"SMITH"}],"circlet_count":0,"master_deck":["Strike_B","Strike_B","Strike_B","Defend_B","Defend_B","Defend_B","Defend_B","Zap","Dualcast","Stack","Rebound","Sunder","Cold Snap","Loop","Sweeping Beam","Defragment+1","Echo Form","Ball Lightning"],"relics":["Ectoplasm","The Courier","CultistMask","MawBank","Singing Bowl","Matryoshka","Inserter"],"acts_visited":["Exordium","TheCity"],"potions_floor_usage":[11,13,20],"damage_taken":[{"damage":8,"enemies":"Jaw Worm","floor":1,"turns":4},{"damage":7,"enemies":"Small Slimes","floor":2,"turns":3},{"damage":1,"enemies":"Cultist","floor":3,"turns":3},{"damage":8,"enemies":"Blue Slaver","floor":4,"turns":3},{"damage":32,"enemies":"Gremlin Nob","floor":6,"turns":4},{"damage":4,"enemies":"Looter","floor":7,"turns":2},{"damage":24,"enemies":"Lagavulin","floor":11,"turns":6},{"damage":7,"enemies":"3 Sentries","floor":13,"turns":5},{"damage":12,"enemies":"Slime Boss","floor":17,"turns":10},{"damage":30,"enemies":"Shell Parasite","floor":19,"turns":7},{"damage":35,"enemies":"3 Byrds","floor":20,"turns":3}],"seed_played":"-2504657291011575336","potions_obtained":[{"floor":2,"key":"Energy Potion"},{"floor":7,"key":"AttackPotion"},{"floor":17,"key":"PowerPotion"},{"floor":19,"key":"GamblersBrew"}],"is_trial":false,"path_per_floor":["M","M","M","M","?","E","M","?","T","T","E","R","E","R","$","R","B",null,"M","M"],"character_chosen":"DEFECT","items_purchased":[],"campfire_rested":2,"item_purchase_floors":[],"current_hp_per_floor":[60,53,52,44,69,37,33,33,33,33,9,31,24,46,46,46,34,65,35,0,0],"gold":24,"neow_bonus":"BOSS_RELIC","is_daily":false,"chose_seed":false,"campfire_upgraded":1,"win_rate":0.0,"timestamp":1611957117,"path_taken":["M","M","M","M","?","E","M","?","T","T","E","R","E","R","$","R","BOSS","M","M"],"items_purchased_type":[],"build_version":"2020-12-22","purchased_purges":1,"victory":false,"max_hp_per_floor":[75,75,75,75,75,75,75,75,75,75,75,75,75,75,75,75,75,75,75,75,75],"relic_stats":{"Inserter":[5],"Singing Bowl":0,"counters":[11,50],"Ectoplasm":360,"MawBank":0,"obtain_stats":[{"Matryoshka":13,"Inserter":18,"Singing Bowl":11,"Ectoplasm":0,"The Courier":6,"CultistMask":8,"Cracked Core":0,"MawBank":10},{"Matryoshka":8,"Inserter":9,"Singing Bowl":7,"Ectoplasm":0,"The Courier":5,"CultistMask":6,"Cracked Core":0,"MawBank":6},{"Matryoshka":30,"Inserter":40,"Singing Bowl":25,"Ectoplasm":0,"The Courier":17,"CultistMask":19,"Cracked Core":0,"MawBank":19}]},"card_choices":[{"not_picked":["Redo","Go for the Eyes"],"picked":"Stack","floor":1},{"not_picked":["Stack","Redo","Aggregate"],"picked":"SKIP","floor":2},{"not_picked":["Reinforced Body","Storm"],"picked":"Rebound","floor":3},{"not_picked":["Conserve Battery","Blizzard"],"picked":"Sunder","floor":4},{"not_picked":["Hyperbeam","Barrage"],"picked":"Cold Snap","floor":6},{"not_picked":["Redo","Streamline"],"picked":"Loop","floor":7},{"not_picked":["Stack","Genetic Algorithm"],"picked":"Sweeping Beam","floor":11},{"not_picked":["Creative AI","Gash"],"picked":"Defragment","floor":13},{"not_picked":["All For One","Hyperbeam"],"picked":"Echo Form","floor":17},{"not_picked":["Redo","Lockon+1"],"picked":"Ball Lightning","floor":19}],"player_experience":191034,"relics_obtained":[{"floor":6,"key":"The Courier"},{"floor":10,"key":"MawBank"},{"floor":11,"key":"Singing Bowl"},{"floor":13,"key":"Matryoshka"}],"event_choices":[{"damage_healed":25,"gold_gain":0,"player_choice":"Banana","damage_taken":0,"max_hp_gain":0,"max_hp_loss":0,"event_name":"Big Fish","floor":5,"gold_loss":0},{"damage_healed":0,"gold_gain":0,"player_choice":"Trade","damage_taken":0,"relics_obtained":["CultistMask"],"max_hp_gain":0,"max_hp_loss":0,"event_name":"FaceTrader","floor":8,"gold_loss":0}],"is_beta":false,"boss_relics":[{"not_picked":["SacredBark","Coffee Dripper"],"picked":"Inserter"}],"items_purged_floors":[15],"is_endless":false,"potions_floor_spawned":[2,7,17,19],"killed_by":"3 Byrds","ascension_level":6}}