{"host":"mmro3auxcbu5pwad","time":1611918856,"event":{"mods":["Aspiration","BaseMod","Conspire","Energized Spire","Halation","Hubris","Infinite Spire","Minty Spire (QoL Compilation)","Permanent Neow","Replay The Spire","StSLib"],"gold_per_floor":[115,133,133,147,72,72,247,330,330,330,230,263,275,275,275,320,320],"floor_reached":16,"language":"ENG","playtime":276,"items_purged":["Eruption","Doubt"],"score":158,"play_id":"c948eb3b-c2c3-4335-a372-cf01c8030961","local_time":"20210129121416","is_ascension_mode":true,"campfire_choices":[{"data":"PathToVictory","floor":6,"key":"SMITH"},{"floor":15,"key":"REST"}],"circlet_count":0,"master_deck":["conspire:GhostlyStrike","conspire:GhostlyStrike","conspire:GhostlyStrike","conspire:GhostlyStrike","conspire:GhostlyDefend","conspire:GhostlyDefend","conspire:GhostlyDefend","conspire:GhostlyDefend","Vigilance","PathToVictory+1","Swivel","Evaluate","ThirdEye","Replay:Cycle","Hallucinations"],"relics":["PureWater","NeowsBlessing","infinitespire:EmpoweringShard","Pantograph","ReplayTheSpireMod:Ring of Challenge"],"acts_visited":["Exordium"],"potions_floor_usage":[],"damage_taken":[{"damage":0,"enemies":"2 Louse","floor":1,"turns":1},{"damage":0,"enemies":"Small Slimes","floor":2,"turns":1},{"damage":0,"enemies":"Jaw Worm","floor":4,"turns":1},{"damage":39,"enemies":"Gremlin Nob","floor":12,"turns":5},{"damage":0,"enemies":"Looter","floor":13,"turns":4},{"damage":0,"enemies":"Hexaghost","floor":16,"turns":1}],"seed_played":"6742686111113582830","potions_obtained":[{"floor":1,"key":"Fire Potion"},{"floor":2,"key":"SteroidPotion"},{"floor":12,"key":"SteroidPotion"}],"is_trial":false,"path_per_floor":["M","M","$","M","$","R","?","?","T","?","$","E","M","?","R","B"],"character_chosen":"WATCHER","items_purchased":[],"campfire_rested":1,"item_purchase_floors":[],"current_hp_per_floor":[72,72,72,72,72,72,72,54,54,54,54,15,15,15,36,61,61],"gold":320,"neow_bonus":"THREE_ENEMY_KILL","is_daily":false,"chose_seed":false,"campfire_upgraded":1,"win_rate":0.0,"timestamp":1611918856,"path_taken":["M","M","$","M","$","R","?","?","T","?","$","E","M","?","R","BOSS"],"items_purchased_type":[],"build_version":"2020-12-22","purchased_purges":2,"victory":false,"max_hp_per_floor":[72,72,72,72,72,72,72,72,72,72,72,72,72,72,72,72,72],"card_choices":[{"not_picked":["FlyingSleeves","Adaptation"],"picked":"PathToVictory","floor":1},{"not_picked":["EmptyBody","Weave"],"picked":"Swivel","floor":2},{"not_picked":["JustLucky","Protect"],"picked":"Evaluate","floor":4},{"not_picked":["Protect","JustLucky"],"picked":"ThirdEye","floor":8},{"not_picked":["Replay:Cycle","LikeWater","ForeignInfluence"],"picked":"SKIP","floor":12},{"not_picked":["LikeWater","ForeignInfluence"],"picked":"Replay:Cycle","floor":12},{"not_picked":["Replay:DivineShield","Devotion","CarveReality"],"picked":"SKIP","floor":13}],"player_experience":85048,"relics_obtained":[{"floor":9,"key":"infinitespire:EmpoweringShard"},{"floor":12,"key":"Pantograph"},{"floor":14,"key":"ReplayTheSpireMod:Ring of Challenge"}],"event_choices":[{"damage_healed":0,"gold_gain":175,"player_choice":"AGREE","damage_taken":0,"max_hp_gain":0,"max_hp_loss":0,"event_name":"Liars Game","floor":7,"gold_loss":0,"cards_obtained":["Doubt"]},{"damage_healed":0,"gold_gain":0,"player_choice":"Agree","damage_taken":0,"max_hp_gain":0,"max_hp_loss":0,"event_name":"conspire:LoneGhost","floor":10,"gold_loss":0}],"is_beta":false,"boss_relics":[],"items_purged_floors":[5,11],"is_endless":false,"potions_floor_spawned":[1,2,12],"killed_by":"Hexaghost","ascension_level":2}}