{"host":"4amcrcg6ktw8dbzk","time":1611884055,"event":{"mods":["BaseMod","Dota2Spire","Minty Spire (QoL Compilation)","MostiFishMod","Spicy Shops","StSLib","Waifu the Spire","¡¾ÒÅÎï¿¨ÅÆ¡¿REMEMod"],"gold_per_floor":[109,120,130,142,154,154,154,154],"floor_reached":7,"language":"ZHS","playtime":284,"items_purged":[],"score":90,"play_id":"782f5350-b980-4bf7-a2b3-0f466db36873","local_time":"20210129093415","is_ascension_mode":true,"campfire_choices":[{"data":"Tantrum","floor":6,"key":"SMITH"}],"circlet_count":0,"master_deck":["AscendersBane","Strike_P","Strike_P","Strike_P","Strike_P","Defend_P","Defend_P","Defend_P","Defend_P","Eruption","Vigilance","FlurryOfBlows","Tantrum+1"],"relics":["PureWater","DaveBox","REME_ComplimentaryCards","EGODaCapo","SynthV:TestCard"],"acts_visited":["Exordium"],"potions_floor_usage":[],"damage_taken":[{"damage":1,"enemies":"2 Louse","floor":1,"turns":6},{"damage":0,"enemies":"Cultist","floor":2,"turns":4},{"damage":1,"enemies":"Small Slimes","floor":3,"turns":4},{"damage":0,"enemies":"3 Louse","floor":4,"turns":2},{"damage":7,"enemies":"Red Slaver","floor":5,"turns":5},{"damage":3,"enemies":"3 Sentries","floor":7,"turns":2}],"seed_played":"-4207263279648408278","potions_obtained":[{"floor":1,"key":"FearPotion"},{"floor":3,"key":"BlessingOfTheForge"}],"is_trial":false,"path_per_floor":["M","M","M","M","M","R","E"],"character_chosen":"WATCHER","items_purchased":[],"campfire_rested":0,"item_purchase_floors":[],"current_hp_per_floor":[66,66,65,65,58,58,55,55],"gold":154,"neow_bonus":"TEN_PERCENT_HP_BONUS","is_daily":false,"chose_seed":false,"campfire_upgraded":1,"win_rate":0.0,"timestamp":1611884055,"path_taken":["M","M","M","M","M","R","E"],"items_purchased_type":[],"build_version":"2020-12-22","purchased_purges":0,"victory":false,"max_hp_per_floor":[74,74,74,74,74,74,74,74],"card_choices":[{"not_picked":["CarveReality","FollowUp","Evaluate"],"picked":"SKIP","floor":1},{"not_picked":["CutThroughFate","Halt","Prostrate","EmptyFist"],"picked":"FlurryOfBlows","floor":2},{"not_picked":["EmptyBody","MostiFishMod:LegendTransform","BowlingBash","Wish"],"picked":"Tantrum","floor":3},{"not_picked":["FlyingSleeves","SashWhip","BowlingBash","Evaluate","Protect"],"picked":"SKIP","floor":4},{"not_picked":["Nirvana","Consecrate","Halt","Protect","FlyingSleeves"],"picked":"SKIP","floor":5}],"player_experience":393849,"relics_obtained":[{"floor":1,"key":"SynthV:TestCard"}],"event_choices":[],"is_beta":false,"boss_relics":[],"items_purged_floors":[],"is_endless":false,"potions_floor_spawned":[1,3],"killed_by":"3 Sentries","ascension_level":20}}