{"host":"is2s59edl8twrhoj","time":1611961040,"event":{"mods":["BaseMod","Colored Map","Colored Powertips","DeckTracker","Downfall","Minty Spire (QoL Compilation)","StSLib"],"gold_per_floor":[114,114,128,128,138,169,187,187,187,203,232,244,119,149,149,222,222,234,253,264,80,80,80],"floor_reached":22,"language":"ENG","playtime":1372,"items_purged":["Strike_R","Defend_R"],"score":364,"play_id":"19af6b70-11c0-49d7-9c2f-46090fffbc89","local_time":"20210129225720","is_ascension_mode":true,"campfire_choices":[{"data":"Uppercut","floor":8.0,"key":"SMITH"},{"data":"Cleave","floor":15.0,"key":"SMITH"}],"circlet_count":0,"master_deck":["AscendersBane","Strike_R","Strike_R","Strike_R","Defend_R","Defend_R","Defend_R","Bash+1","Pummel","Uppercut+1","Thunderclap","Shrug It Off","Clash","Cleave+1","True Grit","Bandage Up"],"relics":["Burning Blood","Anchor","Bag of Preparation","Mercury Hourglass","Gambling Chip","Black Star"],"acts_visited":["Exordium","TheCity"],"potions_floor_usage":[],"damage_taken":[{"damage":0.0,"enemies":"2 Louse","floor":1.0,"turns":3.0},{"damage":13.0,"enemies":"Jaw Worm","floor":3.0,"turns":4.0},{"damage":0.0,"enemies":"Small Slimes","floor":5.0,"turns":3.0},{"damage":24.0,"enemies":"Gremlin Nob","floor":6.0,"turns":4.0},{"damage":6.0,"enemies":"Looter","floor":7.0,"turns":3.0},{"damage":11.0,"enemies":"Exordium Wildlife","floor":10.0,"turns":3.0},{"damage":20.0,"enemies":"3 Sentries","floor":11.0,"turns":7.0},{"damage":3.0,"enemies":"Large Slime","floor":12.0,"turns":4.0},{"damage":12.0,"enemies":"Gremlin Nob","floor":14.0,"turns":4.0},{"damage":23.0,"enemies":"Slime Boss","floor":16.0,"turns":8.0},{"damage":22.0,"enemies":"Shell Parasite","floor":18.0,"turns":5.0},{"damage":23,"enemies":"3 Byrds","floor":19,"turns":5},{"damage":29,"enemies":"Cultist and Chosen","floor":20,"turns":7},{"damage":19,"enemies":"Centurion and Healer","floor":22,"turns":3}],"seed_played":"7848488446025123859","potions_obtained":[{"floor":1.0,"key":"BloodPotion"},{"floor":3.0,"key":"Explosive Potion"},{"floor":11.0,"key":"FearPotion"}],"is_trial":false,"path_per_floor":["M","?","M","?","M","E","M","R","T","M","E","M","$","E","R","B",null,"M","M","M","$","M"],"character_chosen":"IRONCLAD","items_purchased":["Cleave","Bandage Up"],"campfire_rested":0,"item_purchase_floors":[13,21],"current_hp_per_floor":[74,67,60,65,71,53,53,53,53,48,34,37,37,31,31,14,64,48,31,8,8,0,0],"gold":80,"neow_bonus":"UPGRADE_CARD","is_daily":false,"chose_seed":false,"campfire_upgraded":2,"win_rate":0.0,"timestamp":1611961040,"path_taken":["M","?","M","?","M","E","M","R","T","M","E","M","$","E","R","BOSS","M","M","M","$","M"],"items_purchased_type":["Card","Card"],"build_version":"2020-12-22","purchased_purges":2,"victory":false,"max_hp_per_floor":[75,75,75,80,80,80,80,80,80,80,80,80,80,80,80,80,80,80,80,80,80,80,80],"card_choices":[{"not_picked":["Searing Blow","Armaments"],"picked":"Pummel","floor":1.0},{"not_picked":["Shockwave","Uppercut","Body Slam"],"picked":"SKIP","floor":3.0},{"not_picked":["Shockwave","Body Slam"],"picked":"Uppercut","floor":3.0},{"not_picked":["Flex","Pommel Strike"],"picked":"Thunderclap","floor":5.0},{"not_picked":["Dark Embrace","Blood for Blood","Seeing Red"],"picked":"SKIP","floor":6.0},{"not_picked":["Bloodletting","Perfected Strike","Clothesline"],"picked":"SKIP","floor":7.0},{"not_picked":["Shockwave","Disarm","Combust"],"picked":"SKIP","floor":10.0},{"not_picked":["Wild Strike","Spot Weakness"],"picked":"Shrug It Off","floor":11.0},{"not_picked":["Thunderclap","Body Slam"],"picked":"Clash","floor":12.0},{"not_picked":["Havoc","Corruption","Heavy Blade"],"picked":"SKIP","floor":14.0},{"not_picked":["Ghostly Armor","Iron Wave","True Grit"],"picked":"SKIP","floor":18.0},{"not_picked":["Ghostly Armor","Iron Wave"],"picked":"True Grit","floor":18.0},{"not_picked":["Cleave","Flex","Warcry"],"picked":"SKIP","floor":19},{"not_picked":["Iron Wave","Bloodletting","Warcry"],"picked":"SKIP","floor":20}],"player_experience":684642,"relics_obtained":[{"floor":6.0,"key":"Anchor"},{"floor":9.0,"key":"Bag of Preparation"},{"floor":11.0,"key":"Mercury Hourglass"},{"floor":14.0,"key":"Gambling Chip"}],"event_choices":[{"cards_removed":["Strike_R"],"damage_healed":0.0,"max_hp_gain":0.0,"max_hp_loss":0.0,"gold_gain":0.0,"event_name":"Golden Wing","player_choice":"Card Removal","floor":2.0,"gold_loss":0.0,"damage_taken":7.0},{"damage_healed":0.0,"max_hp_gain":5.0,"max_hp_loss":0.0,"gold_gain":0.0,"event_name":"Big Fish","player_choice":"Donut","floor":4.0,"gold_loss":0.0,"damage_taken":0.0}],"is_beta":false,"boss_relics":[{"not_picked":["Astrolabe","SlaversCollar"],"picked":"Black Star"}],"items_purged_floors":[13,21],"is_endless":false,"potions_floor_spawned":[1,3,5,11,12,19],"killed_by":"Centurion and Healer","ascension_level":15}}