{"host":"iph0xvuia0glosgr","time":1611932354,"event":{"mods":["AchievementEnabler","BaseMod","Minty Spire (QoL Compilation)"],"gold_per_floor":[114,114,133,149,161,192,192,211,235,39,54,84,84,103,103,203,203,221,221,236,2,2,2,30,30,30,30,56,75,93,113,113,113,113],"floor_reached":33,"language":"ENG","playtime":2591,"items_purged":[],"score":339,"play_id":"eecd1488-b977-49b1-9450-fac262f54463","local_time":"20210129145914","is_ascension_mode":true,"campfire_choices":[{"floor":7,"key":"RECALL"},{"floor":13,"key":"REST"},{"data":"Noxious Fumes","floor":15,"key":"SMITH"},{"data":"Deadly Poison","floor":23,"key":"SMITH"},{"floor":25,"key":"REST"},{"data":"Noxious Fumes","floor":27,"key":"SMITH"},{"floor":32,"key":"REST"}],"circlet_count":0,"master_deck":["Strike_G+1","Strike_G+1","Strike_G+1","Strike_G+1","Strike_G+1","Defend_G+1","Defend_G+1","Defend_G+1","Defend_G+1","Defend_G+1","Survivor","Neutralize","Deadly Poison","Bane","Infinite Blades","Dodge and Roll","Finisher","Deadly Poison","Infinite Blades","Blur","PiercingWail","Bane","Noxious Fumes+1","Deadly Poison+1","Corpse Explosion","Bouncing Flask","Dash","Dodge and Roll","Deflect","Blur","Noxious Fumes+1","Bane+1","PiercingWail","Poisoned Stab","Poisoned Stab","Poisoned Stab"],"relics":["Ring of the Snake","Lantern","Sundial","Dream Catcher","Regal Pillow","SlaversCollar","TwistedFunnel","Ginger","Pantograph","StoneCalendar"],"acts_visited":["Exordium","TheCity"],"potions_floor_usage":[6,6,8,16,16,20,24,31,33],"damage_taken":[{"damage":2,"enemies":"2 Louse","floor":1,"turns":3},{"damage":1,"enemies":"Cultist","floor":3,"turns":4},{"damage":0,"enemies":"Jaw Worm","floor":4,"turns":3},{"damage":4,"enemies":"Looter","floor":5,"turns":3},{"damage":22,"enemies":"3 Sentries","floor":6,"turns":8},{"damage":0,"enemies":"Exordium Wildlife","floor":8,"turns":4},{"damage":0,"enemies":"3 Louse","floor":11,"turns":4},{"damage":23,"enemies":"Lagavulin","floor":12,"turns":7},{"damage":8,"enemies":"Exordium Thugs","floor":14,"turns":5},{"damage":35,"enemies":"Hexaghost","floor":16,"turns":7},{"damage":0,"enemies":"3 Byrds","floor":18,"turns":2},{"damage":8,"enemies":"Shell Parasite","floor":20,"turns":5},{"damage":14,"enemies":"Book of Stabbing","floor":24,"turns":4},{"damage":32,"enemies":"Gremlin Leader","floor":28,"turns":5},{"damage":9,"enemies":"Snake Plant","floor":29,"turns":4},{"damage":1,"enemies":"Snecko","floor":30,"turns":4},{"damage":23,"enemies":"Chosen and Byrds","floor":31,"turns":5},{"damage":67,"enemies":"Champ","floor":33,"turns":6}],"seed_played":"-8319954748417938102","potions_obtained":[{"floor":1,"key":"Explosive Potion"},{"floor":4,"key":"Energy Potion"},{"floor":5,"key":"Regen Potion"},{"floor":12,"key":"Swift Potion"},{"floor":14,"key":"SpeedPotion"},{"floor":16,"key":"EssenceOfSteel"},{"floor":20,"key":"LiquidMemories"},{"floor":24,"key":"PowerPotion"},{"floor":29,"key":"Strength Potion"}],"is_trial":false,"path_per_floor":["M","?","M","M","M","E","R","M","T","$","M","E","R","M","R","B",null,"M","?","M","$","?","R","E","R","T","R","E","M","M","M","R","B"],"character_chosen":"THE_SILENT","items_purchased":["Infinite Blades","Blur","PiercingWail","TwistedFunnel","Deflect","Blur"],"campfire_rested":3,"item_purchase_floors":[10,10,10,21,21,21],"current_hp_per_floor":[68,68,67,67,63,56,56,56,56,56,56,33,69,61,61,26,70,70,70,62,62,62,62,48,70,70,70,38,29,28,5,41,0,0],"gold":113,"neow_bonus":"RANDOM_COMMON_RELIC","is_daily":false,"chose_seed":false,"campfire_upgraded":3,"win_rate":0.0,"timestamp":1611932354,"path_taken":["M","?","M","M","M","E","R","?","T","$","M","E","R","M","R","BOSS","M","?","M","$","?","R","E","R","T","R","E","M","M","M","R","BOSS"],"items_purchased_type":["Card","Card","Card","Relic","Card","Card"],"build_version":"2020-12-22","purchased_purges":0,"victory":false,"max_hp_per_floor":[70,70,70,70,70,70,70,70,70,70,70,70,70,70,70,70,70,70,70,70,70,70,70,70,70,70,70,70,70,70,70,70,70,70],"card_choices":[{"not_picked":["Reflex","All Out Attack"],"picked":"Deadly Poison","floor":1},{"not_picked":["Slice","Tactician"],"picked":"Bane","floor":3},{"not_picked":["Dagger Throw","Deflect"],"picked":"Infinite Blades","floor":4},{"not_picked":["Flechettes","Heel Hook"],"picked":"Dodge and Roll","floor":5},{"not_picked":["Flechettes","Prepared"],"picked":"Finisher","floor":6},{"not_picked":["Prepared","Deflect"],"picked":"Deadly Poison","floor":8},{"not_picked":["Prepared","Underhanded Strike","Well Laid Plans"],"picked":"SKIP","floor":11},{"not_picked":["Sucker Punch","Masterful Stab"],"picked":"Bane","floor":12},{"not_picked":["Quick Slash","Bane"],"picked":"Noxious Fumes","floor":13},{"not_picked":["Bane","Masterful Stab"],"picked":"Deadly Poison","floor":14},{"not_picked":["Wraith Form v2","Doppelganger"],"picked":"Corpse Explosion","floor":16},{"not_picked":["Reflex","Prepared"],"picked":"Bouncing Flask","floor":18},{"not_picked":["Quick Slash","Concentrate+1"],"picked":"Dodge and Roll","floor":20},{"not_picked":["Finisher","Reflex+1"],"picked":"Noxious Fumes","floor":24},{"not_picked":["Underhanded Strike+1","Dagger Spray"],"picked":"Bane+1","floor":25},{"not_picked":["Quick Slash+1","Poisoned Stab"],"picked":"PiercingWail","floor":28},{"not_picked":["Finisher","Predator","Reflex"],"picked":"SKIP","floor":29},{"not_picked":["Dash","Sucker Punch"],"picked":"Poisoned Stab","floor":30},{"not_picked":["Bouncing Flask","Concentrate"],"picked":"Poisoned Stab","floor":31},{"not_picked":["Doppelganger","Outmaneuver"],"picked":"Poisoned Stab","floor":32}],"player_experience":297992,"relics_obtained":[{"floor":2,"key":"Sundial"},{"floor":6,"key":"Dream Catcher"},{"floor":12,"key":"Regal Pillow"},{"floor":24,"key":"Ginger"},{"floor":26,"key":"Pantograph"},{"floor":28,"key":"StoneCalendar"}],"event_choices":[{"damage_healed":0,"gold_gain":0,"player_choice":"Relic","damage_taken":0,"max_hp_gain":0,"max_hp_loss":0,"event_name":"Wheel of Change","floor":2,"gold_loss":0},{"damage_healed":0,"gold_gain":0,"player_choice":"Read","damage_taken":0,"max_hp_gain":0,"max_hp_loss":0,"event_name":"The Library","floor":19,"gold_loss":0,"cards_obtained":["Dash"]},{"damage_healed":0,"gold_gain":0,"player_choice":"Simplicity","damage_taken":0,"max_hp_gain":0,"max_hp_loss":0,"event_name":"Back to Basics","floor":22,"gold_loss":0,"cards_upgraded":["Strike_G","Strike_G","Strike_G","Strike_G","Strike_G","Defend_G","Defend_G","Defend_G","Defend_G","Defend_G"]}],"is_beta":false,"boss_relics":[{"not_picked":["Ectoplasm","Velvet Choker"],"picked":"SlaversCollar"}],"items_purged_floors":[],"is_endless":false,"potions_floor_spawned":[1,4,5,12,14,16,20,24,29],"killed_by":"Champ","ascension_level":1}}