{"host":"qxeepl7ydvsgmfdb","time":1611924974,"event":{"mods":["AchievementEnabler","BaseMod","Colored Powertips","Minty Spire (QoL Compilation)","Quick Restart","slay the spire mod where everything is the same but ironclad has a cowboy hat"],"gold_per_floor":[119,69,244,244,244,273,289,301,301,301,332,229,229,52,52,149,199,183,282,23,23,41,67,67,78,157,182,182,210,210,225,225,321,321,334,347,347,195,209,209,224,257,257,257,289,289,289,302,302,302,302],"floor_reached":50,"language":"ENG","playtime":1947,"items_purged":["Regret","Defend_G"],"score":932,"play_id":"7732e385-4221-492a-a958-8066e1b1be42","local_time":"20210129075614","is_ascension_mode":true,"campfire_choices":[{"data":"1","floor":10.0,"key":"LIFT"},{"floor":15.0,"key":"REST"},{"floor":24.0,"key":"REST"},{"floor":28.0,"key":"REST"},{"data":"2","floor":30.0,"key":"LIFT"},{"floor":32.0,"key":"REST"},{"data":"3","floor":40.0,"key":"LIFT"},{"floor":44.0,"key":"REST"},{"floor":49.0,"key":"REST"}],"circlet_count":0,"master_deck":["AscendersBane","Strike_G","Strike_G","Strike_G","Strike_G","Defend_G","Defend_G","Defend_G","Defend_G+1","Survivor","Neutralize","Dagger Spray","Blade Dance","Distraction","Deadly Poison","After Image+1","Blade Dance+1","Poisoned Stab","Blade Dance+1","All Out Attack","Backflip","Noxious Fumes","Deadly Poison+1","Dramatic Entrance","Slice+1","Parasite"],"relics":["Ring of the Snake","NeowsBlessing","The Courier","Girya","Blue Candle","Toy Ornithopter","Blood Vial","Snake Skull","Tiny House","Regal Pillow","Ornamental Fan","Ancient Tea Set","Singing Bowl","Pen Nib","TungstenRod","HoveringKite","MealTicket","Bag of Marbles","Toxic Egg 2"],"acts_visited":["Exordium","TheCity","TheBeyond"],"potions_floor_usage":[50,50],"damage_taken":[{"damage":0.0,"enemies":"2 Louse","floor":1.0,"turns":1.0},{"damage":0.0,"enemies":"3 Sentries","floor":6.0,"turns":1.0},{"damage":0.0,"enemies":"Jaw Worm","floor":7.0,"turns":1.0},{"damage":4.0,"enemies":"Small Slimes","floor":8.0,"turns":3.0},{"damage":26.0,"enemies":"Lagavulin","floor":11.0,"turns":6.0},{"damage":50.0,"enemies":"Hexaghost","floor":16.0,"turns":10.0},{"damage":9.0,"enemies":"2 Thieves","floor":18.0,"turns":4.0},{"damage":2.0,"enemies":"Shell Parasite","floor":22.0,"turns":5.0},{"damage":43.0,"enemies":"Gremlin Leader","floor":23.0,"turns":6.0},{"damage":37.0,"enemies":"Snake Plant","floor":25.0,"turns":6.0},{"damage":8.0,"enemies":"Book of Stabbing","floor":29.0,"turns":5.0},{"damage":0.0,"enemies":"3 Cultists","floor":31.0,"turns":3.0},{"damage":37.0,"enemies":"Automaton","floor":33.0,"turns":6.0},{"damage":0.0,"enemies":"3 Shapes","floor":35.0,"turns":3.0},{"damage":1.0,"enemies":"Orb Walker","floor":36.0,"turns":3.0},{"damage":26.0,"enemies":"Spire Growth","floor":39.0,"turns":5.0},{"damage":5.0,"enemies":"Writhing Mass","floor":41.0,"turns":5.0},{"damage":15.0,"enemies":"Reptomancer","floor":42.0,"turns":5.0},{"damage":68.0,"enemies":"Giant Head","floor":45.0,"turns":8.0},{"damage":11.0,"enemies":"Jaw Worm Horde","floor":48.0,"turns":3.0},{"damage":82,"enemies":"Donu and Deca","floor":50,"turns":8}],"seed_played":"1197894665913948526","potions_obtained":[{"floor":7.0,"key":"ColorlessPotion"},{"floor":11.0,"key":"AttackPotion"},{"floor":17.0,"key":"Block Potion"},{"floor":23.0,"key":"SteroidPotion"},{"floor":31.0,"key":"Swift Potion"},{"floor":33.0,"key":"BlessingOfTheForge"},{"floor":39.0,"key":"SteroidPotion"},{"floor":45.0,"key":"AttackPotion"},{"floor":48.0,"key":"GamblersBrew"}],"is_trial":false,"path_per_floor":["M","?","?","?","?","E","M","M","T","R","E","$","?","$","R","B",null,"M","?","$","?","M","E","R","M","T","T","R","E","R","M","R","B",null,"M","M","?","$","M","R","M","E","T","R","E","?","?","M","R","B"],"character_chosen":"THE_SILENT","items_purchased":["Deadly Poison","Snake Skull","CunningPotion","Regal Pillow","Poisoned Stab","Cloak And Dagger","GhostInAJar","Dramatic Entrance"],"campfire_rested":6,"item_purchase_floors":[12,14,14,20,20,20,38,38],"current_hp_per_floor":[63,63,63,56,56,56,56,52,52,52,26,26,19,19,40,2,58,56,56,56,56,56,15,52,17,17,17,54,50,50,52,77,42,70,72,75,77,77,53,53,52,41,41,82,23,23,23,21,63,0,0],"gold":302,"neow_bonus":"THREE_ENEMY_KILL","is_daily":false,"chose_seed":false,"campfire_upgraded":0,"win_rate":0.0,"timestamp":1611924974,"path_taken":["M","?","?","?","?","E","M","?","T","R","E","$","?","$","R","BOSS","M","?","$","?","?","E","R","M","T","?","R","E","R","M","R","BOSS","M","?","?","$","M","R","M","E","T","R","E","?","?","M","R","BOSS"],"items_purchased_type":["Card","Relic","Potion","Relic","Card","Card","Potion","Card"],"build_version":"2020-12-22","purchased_purges":2,"victory":false,"max_hp_per_floor":[70,70,70,70,70,70,70,70,70,70,70,70,70,70,70,70,75,75,75,75,75,75,75,75,75,75,75,75,77,77,77,77,79,79,79,81,83,83,83,83,85,87,87,87,89,89,89,91,91,91,91],"card_choices":[{"not_picked":["Quick Slash","Deflect"],"picked":"Dagger Spray","floor":1.0},{"not_picked":["Quick Slash","Bane"],"picked":"Blade Dance","floor":6.0},{"not_picked":["Bane","Flying Knee","Setup"],"picked":"SKIP","floor":7.0},{"not_picked":["Acrobatics","Bane"],"picked":"Distraction","floor":8.0},{"not_picked":["Heel Hook","Catalyst","Prepared"],"picked":"SKIP","floor":11.0},{"not_picked":["Burst","Venomology"],"picked":"After Image","floor":16.0},{"not_picked":["Underhanded Strike","Deflect+1"],"picked":"Blade Dance+1","floor":18.0},{"not_picked":["Acrobatics+1","Outmaneuver"],"picked":"Blade Dance+1","floor":22.0},{"not_picked":["Tools of the Trade","Well Laid Plans"],"picked":"All Out Attack","floor":23.0},{"not_picked":["Masterful Stab+1","Calculated Gamble+1"],"picked":"Backflip","floor":25.0},{"not_picked":["Blur","Dash","Setup"],"picked":"Singing Bowl","floor":29.0},{"not_picked":["Outmaneuver","Crippling Poison+1"],"picked":"Noxious Fumes","floor":31.0},{"not_picked":["Unload","Storm of Steel","Night Terror"],"picked":"Singing Bowl","floor":33.0},{"not_picked":["Backflip","Heel Hook+1"],"picked":"Deadly Poison+1","floor":35.0},{"not_picked":["Acrobatics","Backflip","Sucker Punch"],"picked":"Singing Bowl","floor":36.0},{"not_picked":["Secret Weapon","PanicButton","Panacea"],"picked":"Singing Bowl","floor":37.0},{"not_picked":["Deadly Poison","Outmaneuver"],"picked":"Slice+1","floor":39.0},{"not_picked":["Deflect","Bane","Blade Dance"],"picked":"Singing Bowl","floor":41.0},{"not_picked":["Crippling Poison+1","Riddle With Holes+1","Distraction+1"],"picked":"Singing Bowl","floor":42.0},{"not_picked":["Backflip+1","Outmaneuver+1","Expertise+1"],"picked":"Singing Bowl","floor":45.0},{"not_picked":["Eviscerate+1","Bouncing Flask+1","Grand Finale"],"picked":"Singing Bowl","floor":48.0}],"player_experience":250268,"relics_obtained":[{"floor":6.0,"key":"Girya"},{"floor":9.0,"key":"Blue Candle"},{"floor":11.0,"key":"Toy Ornithopter"},{"floor":23.0,"key":"Ancient Tea Set"},{"floor":26.0,"key":"Singing Bowl"},{"floor":27.0,"key":"Pen Nib"},{"floor":29.0,"key":"TungstenRod"},{"floor":42.0,"key":"MealTicket"},{"floor":43.0,"key":"Bag of Marbles"},{"floor":45.0,"key":"Toxic Egg 2"}],"event_choices":[{"cards_removed":["Strike_G"],"damage_healed":0.0,"max_hp_gain":0.0,"max_hp_loss":0.0,"gold_gain":0.0,"event_name":"The Cleric","player_choice":"Card Removal","floor":2.0,"gold_loss":50.0,"damage_taken":0.0},{"damage_healed":0.0,"max_hp_gain":0.0,"max_hp_loss":0.0,"gold_gain":175.0,"event_name":"Liars Game","player_choice":"AGREE","floor":3.0,"gold_loss":0.0,"damage_taken":0.0,"cards_obtained":["Doubt"]},{"cards_removed":["Doubt"],"damage_healed":0.0,"max_hp_gain":0.0,"max_hp_loss":0.0,"gold_gain":0.0,"event_name":"Golden Wing","player_choice":"Card Removal","floor":4.0,"gold_loss":0.0,"damage_taken":7.0},{"damage_healed":0.0,"max_hp_gain":0.0,"max_hp_loss":0.0,"gold_gain":0.0,"event_name":"Big Fish","player_choice":"Box","floor":5.0,"gold_loss":0.0,"damage_taken":0.0,"relics_obtained":["The Courier"],"cards_obtained":["Regret"]},{"damage_healed":0.0,"max_hp_gain":0.0,"max_hp_loss":0.0,"gold_gain":0.0,"event_name":"Scrap Ooze","player_choice":"Success","floor":13.0,"gold_loss":0.0,"damage_taken":7.0,"relics_obtained":["Blood Vial"]},{"damage_healed":0.0,"max_hp_gain":0.0,"max_hp_loss":0.0,"gold_gain":99.0,"event_name":"Nest","player_choice":"Stole From Cult","floor":19.0,"gold_loss":0.0,"damage_taken":0.0},{"cards_removed":["Cloak And Dagger"],"damage_healed":0.0,"max_hp_gain":0.0,"max_hp_loss":0.0,"gold_gain":0.0,"event_name":"WeMeetAgain","player_choice":"Gave Card","floor":21.0,"gold_loss":0.0,"damage_taken":0.0,"relics_obtained":["Ornamental Fan"]},{"damage_healed":0.0,"max_hp_gain":0.0,"max_hp_loss":0.0,"gold_gain":0.0,"event_name":"SensoryStone","player_choice":"Memory 1","floor":37.0,"gold_loss":0.0,"damage_taken":0.0},{"damage_healed":0.0,"max_hp_gain":0.0,"max_hp_loss":0.0,"gold_gain":0.0,"event_name":"Mysterious Sphere","player_choice":"Ignored","floor":46.0,"gold_loss":0.0,"damage_taken":0.0},{"damage_healed":0.0,"max_hp_gain":0.0,"max_hp_loss":0.0,"gold_gain":0.0,"event_name":"Accursed Blacksmith","player_choice":"Forge","floor":47.0,"gold_loss":0.0,"damage_taken":0.0,"cards_upgraded":["After Image"]}],"is_beta":false,"boss_relics":[{"not_picked":["Cursed Key","Pandora\u0027s Box"],"picked":"Tiny House"},{"not_picked":["Snecko Eye","SlaversCollar"],"picked":"HoveringKite"}],"items_purged_floors":[12,20],"is_endless":false,"potions_floor_spawned":[7,11,23,31,33,35,39,45,48],"killed_by":"Donu and Deca","ascension_level":11}}