{"host":"91kqwblrqvon3fcz","time":1611878471,"event":{"mods":["Act Like it!","BaseMod","Elementarium","Hermit","Minty Spire (QoL Compilation)","Quick Restart","StSLib"],"gold_per_floor":[364,376,303,303,318,318,352,317,343,343,378,55,55,75,75,177,177,189,33,52,66,79,110,110,144,144,178,178,188,203,231,231,329,329,344,344,358,29,129,162,162,179,204,204,218,552,552,578,578,578,578,578,96,126,126],"floor_reached":56,"language":"ENG","playtime":2150,"items_purged":[],"score":1560,"play_id":"b899b958-a3aa-4c5e-baa5-4631df2894fd","local_time":"20210128160111","is_ascension_mode":true,"campfire_choices":[{"data":"Seeing Red","floor":6.0,"key":"SMITH"},{"data":"Offering","floor":15.0,"key":"SMITH"},{"data":"Offering","floor":32.0,"key":"SMITH"},{"floor":41.0,"key":"RECALL"},{"data":"Corruption","floor":47.0,"key":"SMITH"},{"data":"Double Tap","floor":49.0,"key":"SMITH"},{"data":"Rupture","floor":52.0,"key":"SMITH"}],"circlet_count":0,"master_deck":["Strike_R","Strike_R","Strike_R","Strike_R","Defend_R","Defend_R","Defend_R","Defend_R","Flame Barrier","Flex","Seeing Red+1","Seeing Red+1","Reaper","Rampage","Offering+1","Offering+1","Inflame","Bludgeon","Wild Strike+1","Clothesline+1","Havoc+1","Thunderclap","Cleave","Sentinel+1","Doubt","Reaper","Bloodletting+1","Twin Strike","Exhume","Havoc+1","Corruption+1","Dark Embrace","Rupture+1","Double Tap+1","Offering","Dark Embrace"],"relics":["Burning Blood","Bag of Marbles","MealTicket","Eternal Feather","DollysMirror","Strawberry","Astrolabe","Brimstone","Oddly Smooth Stone","Elementarium:GoldenMirage","Gambling Chip","Letter Opener","Bronze Scales","Elementarium:ElementariumTrophy","Runic Pyramid","Singing Bowl","CaptainsWheel","Old Coin","StrikeDummy","Bottled Lightning","Cauldron","FossilizedHelix"],"acts_visited":["Elementarium:Elementarium","TheBeyond","TheEnding"],"potions_floor_usage":[55,55,55],"damage_taken":[{"damage":5.0,"enemies":"Cultist","floor":1.0,"turns":4.0},{"damage":0.0,"enemies":"Small Slimes","floor":2.0,"turns":3.0},{"damage":0.0,"enemies":"Jaw Worm","floor":5.0,"turns":3.0},{"damage":47.0,"enemies":"3 Sentries","floor":7.0,"turns":12.0},{"damage":28.0,"enemies":"Lagavulin","floor":11.0,"turns":9.0},{"damage":12.0,"enemies":"2 Fungi Beasts","floor":14.0,"turns":1.0},{"damage":60.0,"enemies":"The Guardian","floor":16.0,"turns":10.0},{"damage":10.0,"enemies":"Elementarium:2_ELEMENTALS","floor":18.0,"turns":4.0},{"damage":12.0,"enemies":"Elementarium:VoidCorruption","floor":20.0,"turns":1.0},{"damage":6.0,"enemies":"Elementarium:VoidBeast","floor":21.0,"turns":1.0},{"damage":28.0,"enemies":"Elementarium:CYCLONE_AND_LIVING_STORMCLOUD","floor":22.0,"turns":5.0},{"damage":52.0,"enemies":"Elementarium:FIRE_NOBILITY","floor":23.0,"turns":5.0},{"damage":20.0,"enemies":"Elementarium:GOLDEN_STATUES","floor":25.0,"turns":2.0},{"damage":29.0,"enemies":"Elementarium:ElementalPortal","floor":27.0,"turns":5.0},{"damage":12.0,"enemies":"Elementarium:VOID_CORRUPTION_AND_ORB_OF_FIRE","floor":29.0,"turns":3.0},{"damage":34.0,"enemies":"Elementarium:Hydrostalker","floor":30.0,"turns":4.0},{"damage":45.0,"enemies":"Elementarium:FIRE_NOBILITY","floor":31.0,"turns":4.0},{"damage":105.0,"enemies":"Elementarium:PHOENIXES","floor":33.0,"turns":8.0},{"damage":21.0,"enemies":"3 Shapes","floor":35.0,"turns":3.0},{"damage":18.0,"enemies":"3 Darklings","floor":37.0,"turns":1.0},{"damage":21.0,"enemies":"Giant Head","floor":40.0,"turns":3.0},{"damage":18.0,"enemies":"Writhing Mass","floor":42.0,"turns":1.0},{"damage":0.0,"enemies":"Transient","floor":44.0,"turns":1.0},{"damage":23.0,"enemies":"3 Darklings","floor":45.0,"turns":5.0},{"damage":16.0,"enemies":"Nemesis","floor":46.0,"turns":5.0},{"damage":38.0,"enemies":"Giant Head","floor":48.0,"turns":3.0},{"damage":45.0,"enemies":"Donu and Deca","floor":50.0,"turns":4.0},{"damage":18.0,"enemies":"Shield and Spear","floor":54.0,"turns":2.0},{"damage":69,"enemies":"The Heart","floor":55,"turns":5}],"seed_played":"-5998112862942651306","potions_obtained":[{"floor":1.0,"key":"EssenceOfSteel"},{"floor":11.0,"key":"Ancient Potion"},{"floor":16.0,"key":"DuplicationPotion"},{"floor":21.0,"key":"Strength Potion"},{"floor":22.0,"key":"SteroidPotion"},{"floor":23.0,"key":"Strength Potion"},{"floor":29.0,"key":"BloodPotion"},{"floor":31.0,"key":"SmokeBomb"},{"floor":40.0,"key":"BlessingOfTheForge"},{"floor":45.0,"key":"ColorlessPotion"},{"floor":53.0,"key":"Strength Potion"},{"floor":53.0,"key":"Swift Potion"}],"is_trial":false,"path_per_floor":["M","M","$","?","M","R","E","?","T","$","E","$","?","M","R","B",null,"M","$","M","M","M","E","$","?","T","E","?","M","M","E","R","B",null,"M","?","M","$","?","E","R","M","T","M","M","E","R","E","R","B",null,"R","$","E","B",null],"character_chosen":"IRONCLAD","items_purchased":["Seeing Red","Offering","DollysMirror","Inflame","Brimstone","Rupture","Singing Bowl","Dark Embrace","Bottled Lightning","Cauldron"],"campfire_rested":0,"item_purchase_floors":[3,12,12,12,19,38,38,53,53,53],"current_hp_per_floor":[72,72,72,72,72,72,31,49,49,64,48,63,70,79,79,25,79,75,79,79,79,60,68,79,65,65,56,56,75,62,60,75,9,79,79,79,79,79,79,75,79,80,80,81,83,79,83,82,85,85,85,85,85,87,45],"gold":126,"neow_bonus":"TWO_FIFTY_GOLD","is_daily":false,"chose_seed":false,"campfire_upgraded":6,"win_rate":0.0,"timestamp":1611878471,"path_taken":["M","M","?","?","?","R","E","?","T","$","E","$","?","?","R","BOSS","M","$","M","M","M","E","$","?","T","E","?","M","?","E","R","BOSS","M","?","?","$","?","E","R","M","T","M","?","E","R","E","R","BOSS","R","$","E","BOSS"],"items_purchased_type":["Card","Card","Relic","Card","Relic","Card","Relic","Card","Relic","Relic"],"build_version":"2020-12-22","purchased_purges":0,"victory":true,"max_hp_per_floor":[72,72,72,72,72,72,72,72,72,72,72,72,79,79,79,79,79,79,79,79,79,79,79,79,79,79,79,79,79,79,79,79,79,79,79,79,79,79,79,79,79,81,81,81,83,83,83,85,85,85,85,85,85,87,87],"card_choices":[{"not_picked":["Burning Pact","Reckless Charge"],"picked":"Flame Barrier","floor":1.0},{"not_picked":["Shrug It Off","Havoc"],"picked":"Flex","floor":2.0},{"not_picked":["Body Slam","Feel No Pain"],"picked":"Seeing Red","floor":5.0},{"not_picked":["Rampage","Whirlwind"],"picked":"Reaper","floor":7.0},{"not_picked":["Dropkick","Shockwave"],"picked":"Rampage","floor":11.0},{"not_picked":["Perfected Strike","Iron Wave"],"picked":"Blood for Blood","floor":14.0},{"not_picked":["Double Tap","Fiend Fire"],"picked":"Bludgeon","floor":16.0},{"not_picked":["Rage","Headbutt"],"picked":"Intimidate","floor":18.0},{"not_picked":["Warcry","Sever Soul"],"picked":"Thunderclap","floor":20.0},{"not_picked":["Anger","Twin Strike","Armaments"],"picked":"SKIP","floor":21.0},{"not_picked":["Flex","Clash+1"],"picked":"Cleave","floor":22.0},{"not_picked":["Metallicize","Pommel Strike","Shrug It Off+1"],"picked":"SKIP","floor":23.0},{"not_picked":["Battle Trance","Whirlwind"],"picked":"Sentinel+1","floor":27.0},{"not_picked":["Metallicize","True Grit","Reckless Charge+1"],"picked":"SKIP","floor":29.0},{"not_picked":["Power Through","Clash+1"],"picked":"Bloodletting+1","floor":30.0},{"not_picked":["Headbutt+1","Whirlwind","Twin Strike"],"picked":"SKIP","floor":31.0},{"not_picked":["Headbutt+1","Whirlwind"],"picked":"Twin Strike","floor":31.0},{"not_picked":["Fiend Fire","Brutality"],"picked":"Exhume","floor":33.0},{"not_picked":["Seeing Red","Clothesline"],"picked":"Havoc+1","floor":35.0},{"not_picked":["Warcry","Inflame+1"],"picked":"Dark Embrace","floor":37.0},{"not_picked":["Havoc+1","Twin Strike+1"],"picked":"Double Tap","floor":40.0},{"not_picked":["Sword Boomerang+1","Iron Wave","Warcry"],"picked":"Singing Bowl","floor":42.0},{"not_picked":["Thunderclap+1","Metallicize+1","True Grit"],"picked":"Singing Bowl","floor":45.0},{"not_picked":["Warcry+1","Wild Strike"],"picked":"Offering","floor":46.0},{"not_picked":["Cleave","Blood for Blood+1","Wild Strike+1"],"picked":"Singing Bowl","floor":48.0},{"not_picked":["Thunderclap","Ghostly Armor+1","Metallicize+1"],"picked":"Singing Bowl","floor":54.0}],"player_experience":414624,"relics_obtained":[{"floor":7.0,"key":"Bag of Marbles"},{"floor":9.0,"key":"MealTicket"},{"floor":11.0,"key":"Eternal Feather"},{"floor":13.0,"key":"Strawberry"},{"floor":23.0,"key":"Oddly Smooth Stone"},{"floor":25.0,"key":"Elementarium:GoldenMirage"},{"floor":26.0,"key":"Gambling Chip"},{"floor":27.0,"key":"Letter Opener"},{"floor":31.0,"key":"Bronze Scales"},{"floor":40.0,"key":"CaptainsWheel"},{"floor":46.0,"key":"Old Coin"},{"floor":48.0,"key":"StrikeDummy"},{"floor":54.0,"key":"FossilizedHelix"}],"event_choices":[{"damage_healed":0.0,"max_hp_gain":0.0,"max_hp_loss":0.0,"gold_gain":0.0,"event_name":"Upgrade Shrine","player_choice":"Upgraded","floor":4.0,"gold_loss":0.0,"damage_taken":0.0,"cards_upgraded":["Seeing Red"]},{"damage_healed":18.0,"max_hp_gain":0.0,"max_hp_loss":0.0,"gold_gain":0.0,"event_name":"The Cleric","player_choice":"Healed","floor":8.0,"gold_loss":35.0,"damage_taken":0.0},{"damage_healed":0.0,"max_hp_gain":0.0,"max_hp_loss":0.0,"gold_gain":0.0,"event_name":"Wheel of Change","player_choice":"Relic","floor":13.0,"gold_loss":0.0,"damage_taken":0.0},{"damage_healed":0.0,"max_hp_gain":0.0,"max_hp_loss":0.0,"gold_gain":0.0,"event_name":"Elementarium:GoldenStatues","player_choice":"Fight","floor":25.0,"gold_loss":0.0,"damage_taken":0.0},{"damage_healed":0.0,"max_hp_gain":0.0,"max_hp_loss":0.0,"gold_gain":0.0,"event_name":"Elementarium:VoidShrine","player_choice":"Embrace","floor":28.0,"gold_loss":0.0,"damage_taken":0.0,"cards_obtained":["Doubt","Reaper"]},{"damage_healed":0.0,"max_hp_gain":0.0,"max_hp_loss":0.0,"gold_gain":0.0,"cards_transformed":["Intimidate"],"event_name":"Transmorgrifier","player_choice":"Transformed","floor":36.0,"gold_loss":0.0,"damage_taken":0.0,"cards_obtained":["Corruption"]},{"damage_healed":0.0,"max_hp_gain":0.0,"max_hp_loss":0.0,"gold_gain":100.0,"event_name":"Golden Shrine","player_choice":"Pray","floor":39.0,"gold_loss":0.0,"damage_taken":0.0}],"is_beta":false,"boss_relics":[{"not_picked":["Runic Dome","Ectoplasm"],"picked":"Astrolabe"},{"not_picked":["Velvet Choker","Philosopher\u0027s Stone"],"picked":"Runic Pyramid"}],"items_purged_floors":[],"is_endless":false,"potions_floor_spawned":[1,11,16,21,22,23,29,31,40,44,45],"ascension_level":2}}