{"host":"p9jk0mlyvhgdzcz4","time":1611893525,"event":{"mods":["BaseMod","Colored Map","Minty Spire (QoL Compilation)","Quick Restart","Slay the Streamer","SuperFastMode"],"gold_per_floor":[116,116,128,128,146,146,177,177,177,177,155,171,183,183,214,214,309,309,326,326,346,365,380,380,395,408,408,408,408,588,588,57,67,67,171,171,189,239,239,255,270,270,120,137,137,137,137,148,203,218,218,218,218,218],"floor_reached":53,"language":"ENG","playtime":3218,"items_purged":["Decay"],"score":496,"play_id":"117bc44d-5a62-46ff-aec8-359d778c2f02","local_time":"20210128221205","is_ascension_mode":false,"campfire_choices":[{"data":"White Noise","floor":6,"key":"SMITH"},{"floor":8,"key":"REST"},{"data":"Static Discharge","floor":14,"key":"SMITH"},{"data":"Conserve Battery","floor":16,"key":"SMITH"},{"floor":24,"key":"REST"},{"floor":29,"key":"REST"},{"floor":31,"key":"REST"},{"floor":34,"key":"REST"},{"data":"Defragment","floor":42,"key":"SMITH"},{"floor":47,"key":"REST"},{"floor":52,"key":"REST"}],"circlet_count":0,"master_deck":["Sweeping Beam","Loop","Lockon","Cold Snap","Ball Lightning","Ball Lightning","Conserve Battery","Conserve Battery+1","White Noise+1","White Noise+1","Static Discharge+1","Turbo","Fusion","Leap","Undo","Conserve Battery","Streamline+1","Turbo+1","Barrage","Force Field","Defragment+1","Skim+1","Reprogram","Go for the Eyes","Beam Cell+1","Thunder Strike","White Noise+1","Ball Lightning+1","Pain","Parasite","Double Energy","Clumsy"],"relics":["Inserter","Incense Burner","Blue Candle","Singing Bowl","Oddly Smooth Stone","Cursed Key","Thread and Needle","Boot","Runic Capacitor","Philosopher\u0027s Stone","FossilizedHelix","DollysMirror","Bottled Lightning","Pocketwatch","Orichalcum"],"acts_visited":["Exordium","TheCity","TheBeyond"],"potions_floor_usage":[26,49,53,53],"damage_taken":[{"damage":5,"enemies":"Small Slimes","floor":1,"turns":3},{"damage":0,"enemies":"Cultist","floor":3,"turns":3},{"damage":7,"enemies":"Jaw Worm","floor":5,"turns":3},{"damage":20,"enemies":"Lagavulin","floor":7,"turns":4},{"damage":0,"enemies":"2 Fungi Beasts","floor":12,"turns":3},{"damage":10,"enemies":"Gremlin Gang","floor":13,"turns":4},{"damage":7,"enemies":"3 Sentries","floor":15,"turns":7},{"damage":5,"enemies":"Slime Boss","floor":17,"turns":6},{"damage":8,"enemies":"Spheric Guardian","floor":19,"turns":4},{"damage":19,"enemies":"Chosen","floor":21,"turns":5},{"damage":0,"enemies":"Snecko","floor":22,"turns":5},{"damage":23,"enemies":"Cultist and Chosen","floor":23,"turns":8},{"damage":0,"enemies":"3 Cultists","floor":25,"turns":5},{"damage":18,"enemies":"Centurion and Healer","floor":26,"turns":5},{"damage":14,"enemies":"Cultist and Chosen","floor":33,"turns":7},{"damage":10,"enemies":"Automaton","floor":35,"turns":8},{"damage":0,"enemies":"3 Shapes","floor":37,"turns":7},{"damage":26,"enemies":"Mind Bloom Boss Battle","floor":38,"turns":6},{"damage":0,"enemies":"Orb Walker","floor":40,"turns":4},{"damage":0,"enemies":"4 Shapes","floor":41,"turns":7},{"damage":12,"enemies":"Sphere and 2 Shapes","floor":44,"turns":4},{"damage":9,"enemies":"Writhing Mass","floor":48,"turns":4},{"damage":65,"enemies":"2 Orb Walkers","floor":49,"turns":4},{"damage":3,"enemies":"4 Shapes","floor":50,"turns":5},{"damage":58,"enemies":"Awakened One","floor":53,"turns":3}],"seed_played":"-8929658323836369829","potions_obtained":[{"floor":1,"key":"Strength Potion"},{"floor":12,"key":"Regen Potion"},{"floor":13,"key":"BlessingOfTheForge"},{"floor":15,"key":"CultistPotion"},{"floor":26,"key":"Fruit Juice"},{"floor":37,"key":"SteroidPotion"},{"floor":38,"key":"FocusPotion"},{"floor":50,"key":"DuplicationPotion"}],"is_trial":false,"path_per_floor":["M","?","M","?","M","R","E","R","T","T","$","M","M","R","E","R","B",null,"M","?","M","M","M","R","M","M","T","T","R","?","R","$","M","R","B",null,"M","?","?","M","M","R","$","M","T","T","R","M","?","M","T","R","B"],"character_chosen":"DEFECT","items_purchased":["Leap","Boot","Runic Capacitor","Force Field","Defragment","DollysMirror"],"campfire_rested":7,"item_purchase_floors":[11,32,32,32,32,43],"current_hp_per_floor":[70,70,70,70,63,63,43,65,65,65,65,67,57,57,50,50,47,79,73,58,39,39,18,44,44,33,33,33,61,42,70,70,56,84,76,97,97,71,71,71,71,71,71,59,59,59,88,79,28,27,27,57,0,0],"gold":218,"neow_bonus":"BOSS_RELIC","is_daily":false,"chose_seed":false,"campfire_upgraded":4,"win_rate":0.0,"timestamp":1611893525,"path_taken":["M","?","?","?","M","R","E","R","T","$","M","?","R","E","R","BOSS","M","?","M","M","M","R","M","M","T","R","?","R","$","?","R","BOSS","M","?","?","?","M","R","$","M","T","R","M","?","M","?","R","BOSS"],"items_purchased_type":["Card","Relic","Relic","Card","Card","Relic"],"build_version":"2020-12-22","purchased_purges":1,"victory":false,"max_hp_per_floor":[75,75,75,75,75,75,75,75,75,75,75,77,77,77,77,77,79,79,81,86,86,86,88,88,88,95,95,95,95,95,95,95,95,95,97,97,97,97,97,97,97,97,97,97,97,97,97,97,99,101,101,101,101,101],"card_choices":[{"not_picked":["Barrage","Hologram"],"picked":"Static Discharge","floor":3},{"not_picked":["Rebound","Hologram"],"picked":"Turbo","floor":5},{"not_picked":["Lockon","Hello World"],"picked":"Fusion","floor":7},{"not_picked":["Turbo","Hello World"],"picked":"Undo","floor":13},{"not_picked":["Storm","Rebound"],"picked":"Conserve Battery","floor":15},{"not_picked":["Steam+1","Cold Snap"],"picked":"Streamline+1","floor":21},{"not_picked":["Compile Driver+1","Recycle"],"picked":"Turbo+1","floor":22},{"not_picked":["Go for the Eyes","Gash+1"],"picked":"Barrage","floor":25},{"not_picked":["Leap","Self Repair+1"],"picked":"Skim+1","floor":33},{"not_picked":["Static Discharge+1","Hello World+1"],"picked":"Reprogram","floor":37},{"not_picked":["Ball Lightning+1","Conserve Battery"],"picked":"Go for the Eyes","floor":38},{"not_picked":["Rebound+1","Chaos"],"picked":"Beam Cell+1","floor":40},{"not_picked":["Melter","Go for the Eyes"],"picked":"Thunder Strike","floor":41},{"not_picked":["Hello World+1","Coolheaded"],"picked":"Ball Lightning+1","floor":44},{"not_picked":["Cold Snap+1","Sweeping Beam"],"picked":"Double Energy","floor":48}],"player_experience":28656,"relics_obtained":[{"floor":7,"key":"Blue Candle"},{"floor":9,"key":"Singing Bowl"},{"floor":15,"key":"Oddly Smooth Stone"},{"floor":27,"key":"Thread and Needle"},{"floor":38,"key":"FossilizedHelix"},{"floor":45,"key":"Bottled Lightning"},{"floor":49,"key":"Pocketwatch"},{"floor":51,"key":"Orichalcum"}],"event_choices":[{"damage_healed":0,"gold_gain":0,"player_choice":"Gave Potion","damage_taken":0,"relics_obtained":["Incense Burner"],"max_hp_gain":0,"max_hp_loss":0,"event_name":"WeMeetAgain","floor":2,"gold_loss":0},{"damage_healed":0,"gold_gain":0,"player_choice":"Upgraded","damage_taken":0,"max_hp_gain":0,"max_hp_loss":0,"event_name":"Upgrade Shrine","floor":4,"gold_loss":0,"cards_upgraded":["White Noise"]},{"damage_healed":0,"gold_gain":0,"player_choice":"Shed Blood","damage_taken":20,"max_hp_gain":5,"max_hp_loss":0,"event_name":"Forgotten Altar","floor":20,"gold_loss":0},{"damage_healed":0,"gold_gain":180,"player_choice":"GOLD GOLD ","damage_taken":19,"max_hp_gain":0,"max_hp_loss":0,"event_name":"Knowing Skull","floor":30,"potions_obtained":[],"gold_loss":0,"cards_obtained":[]},{"damage_healed":0,"gold_gain":0,"player_choice":"Fight","damage_taken":0,"max_hp_gain":0,"max_hp_loss":0,"event_name":"MindBloom","floor":38,"gold_loss":0},{"damage_healed":0,"gold_gain":0,"player_choice":"Bought 0 Potions","damage_taken":0,"max_hp_gain":0,"max_hp_loss":0,"event_name":"The Woman in Blue","floor":39,"gold_loss":0},{"damage_healed":0,"gold_gain":0,"player_choice":"Fight","damage_taken":0,"max_hp_gain":0,"max_hp_loss":0,"event_name":"Mysterious Sphere","floor":49,"gold_loss":0}],"is_beta":false,"boss_relics":[{"not_picked":["Black Star","Busted Crown"],"picked":"Cursed Key"},{"not_picked":["Astrolabe","Velvet Choker"],"picked":"Philosopher\u0027s Stone"}],"items_purged_floors":[32],"is_endless":false,"potions_floor_spawned":[1,12,13,15,17,19,22,25,26,37,38,48,50],"killed_by":"Awakened One","ascension_level":0}}