{"host":"Qube","time":1611939297,"event":{"mods":["AchievementEnabler","BaseMod","Colored Map","Colored Powertips","Highlight Path","Minty Spire (QoL Compilation)","Permanent Neow","Quick Restart","Random Character Button","StSLib"],"gold_per_floor":[119,134,152,152,162,190,202,202,272,307,307,307,643,656,656,780,780,801,824,843,843,843],"floor_reached":21,"language":"ENG","playtime":1301,"items_purged":[],"score":266,"play_id":"473ab3e6-d540-4b1f-a656-feef865ddaa5","local_time":"20210129085457","is_ascension_mode":true,"campfire_choices":[{"data":"Zap","floor":8.0,"key":"SMITH"},{"floor":15.0,"key":"REST"}],"circlet_count":0,"master_deck":["Strike_B","Strike_B","Strike_B","Strike_B","Defend_B","Defend_B","Defend_B","Defend_B","Zap+1","Dualcast","Cold Snap","Gash","Sweeping Beam","Tempest+1","Steam","Auto Shields","Genetic Algorithm","Chill","Fission","Skim","Coolheaded","Compile Driver"],"relics":["Black Star","Sundial","Lizard Tail","Eternal Feather","Regal Pillow","MealTicket","Golden Idol","Old Coin","Bag of Preparation","Philosopher\u0027s Stone"],"acts_visited":["Exordium","TheCity"],"potions_floor_usage":[],"damage_taken":[{"damage":1.0,"enemies":"Jaw Worm","floor":1.0,"turns":4.0},{"damage":0.0,"enemies":"Cultist","floor":2.0,"turns":3.0},{"damage":5.0,"enemies":"2 Louse","floor":3.0,"turns":2.0},{"damage":0.0,"enemies":"2 Fungi Beasts","floor":5.0,"turns":4.0},{"damage":31.0,"enemies":"3 Sentries","floor":6.0,"turns":7.0},{"damage":8.0,"enemies":"Lots of Slimes","floor":7.0,"turns":4.0},{"damage":20.0,"enemies":"Gremlin Nob","floor":10.0,"turns":4.0},{"damage":9.0,"enemies":"3 Sentries","floor":13.0,"turns":7.0},{"damage":0.0,"enemies":"Blue Slaver","floor":14.0,"turns":4.0},{"damage":0.0,"enemies":"Slime Boss","floor":16.0,"turns":6.0},{"damage":1.0,"enemies":"Spheric Guardian","floor":18.0,"turns":3.0},{"damage":0.0,"enemies":"3 Byrds","floor":19.0,"turns":2.0},{"damage":21.0,"enemies":"3 Cultists","floor":20.0,"turns":7.0},{"damage":12,"enemies":"Centurion and Healer","floor":21,"turns":10}],"seed_played":"-1875664648140495191","potions_obtained":[{"floor":1.0,"key":"Regen Potion"},{"floor":2.0,"key":"LiquidMemories"},{"floor":4.0,"key":"EntropicBrew"},{"floor":6.0,"key":"LiquidMemories"},{"floor":7.0,"key":"Swift Potion"},{"floor":10.0,"key":"PotionOfCapacity"},{"floor":14.0,"key":"EssenceOfDarkness"},{"floor":20.0,"key":"Explosive Potion"}],"is_trial":false,"path_per_floor":["M","M","M","?","M","E","M","R","T","E","?","?","E","M","R","B",null,"M","M","M","M"],"character_chosen":"DEFECT","items_purchased":[],"campfire_rested":1,"item_purchase_floors":[],"current_hp_per_floor":[74,74,69,69,69,53,45,45,45,25,25,25,16,16,60,60,69,68,68,47,35,35],"gold":843,"neow_bonus":"BOSS_RELIC","is_daily":false,"chose_seed":false,"campfire_upgraded":1,"win_rate":0.0,"timestamp":1611939297,"path_taken":["M","M","M","?","?","E","M","R","T","E","?","?","E","M","R","BOSS","M","M","M","M"],"items_purchased_type":[],"build_version":"2020-12-18","purchased_purges":0,"victory":false,"max_hp_per_floor":[75,75,75,75,75,75,75,75,75,75,69,69,69,69,69,69,69,69,69,69,69,69],"card_choices":[{"not_picked":["Darkness","Chill"],"picked":"Cold Snap","floor":1.0},{"not_picked":["Leap","Compile Driver"],"picked":"Gash","floor":2.0},{"not_picked":["Reprogram","BootSequence"],"picked":"Sweeping Beam","floor":3.0},{"not_picked":["Stack","Doom and Gloom"],"picked":"Tempest","floor":5.0},{"not_picked":["Blizzard","Turbo"],"picked":"Steam","floor":6.0},{"not_picked":["Cold Snap","Tempest"],"picked":"Auto Shields","floor":7.0},{"not_picked":["Force Field","Redo"],"picked":"Genetic Algorithm","floor":10.0},{"not_picked":["Sweeping Beam","Compile Driver","Force Field"],"picked":"SKIP","floor":13.0},{"not_picked":["Compile Driver","Redo"],"picked":"Chill","floor":14.0},{"not_picked":["Rainbow","Buffer"],"picked":"Fission","floor":16.0},{"not_picked":["Steam Power+1","Streamline"],"picked":"Skim","floor":18.0},{"not_picked":["Undo","Hologram+1"],"picked":"Coolheaded","floor":19.0},{"not_picked":["Turbo","Leap"],"picked":"Compile Driver","floor":20.0}],"player_experience":1014914,"relics_obtained":[{"floor":6.0,"key":"Sundial"},{"floor":6.0,"key":"Lizard Tail"},{"floor":9.0,"key":"Eternal Feather"},{"floor":10.0,"key":"Regal Pillow"},{"floor":10.0,"key":"MealTicket"},{"floor":13.0,"key":"Old Coin"},{"floor":13.0,"key":"Bag of Preparation"}],"event_choices":[{"damage_healed":0.0,"max_hp_gain":0.0,"max_hp_loss":0.0,"gold_gain":0.0,"event_name":"Lab","player_choice":"Got Potions","floor":4.0,"gold_loss":0.0,"damage_taken":0.0},{"damage_healed":0.0,"max_hp_gain":0.0,"max_hp_loss":6.0,"gold_gain":0.0,"event_name":"Golden Idol","player_choice":"Lose Max HP","floor":11.0,"gold_loss":0.0,"damage_taken":0.0,"relics_obtained":["Golden Idol"]},{"damage_healed":0.0,"max_hp_gain":0.0,"max_hp_loss":0.0,"gold_gain":0.0,"event_name":"Living Wall","player_choice":"Grow","floor":12.0,"gold_loss":0.0,"damage_taken":0.0,"cards_upgraded":["Tempest"]}],"is_beta":true,"boss_relics":[{"not_picked":["SlaversCollar","Snecko Eye"],"picked":"Philosopher\u0027s Stone"}],"items_purged_floors":[],"is_endless":false,"potions_floor_spawned":[1,2,6,7,10,14,20],"killed_by":"Centurion and Healer","ascension_level":1}}