{"host":"puj5ibr242nlt4qn","time":1611932992,"event":{"mods":["Act Like it!","BaseMod","CapriCore","Challenge The Spire","Downfall","Hallownest","Hermit","Jedi Mod","KinomotoSakuraMod(木之本樱)","Lobotomy","LobotomyExtend","Luminous","Minty Spire (QoL Compilation)","Nova Terra(诺娃・泰拉)","Relic Stats","Remilia（蕾米莉亚）","Spicy Shops","StSLib","The Gatherer","The Hierophant","The Immortal","The Poker Player","The Runesmith","WarShipGirlsR/战舰少女R mod","Yakumo Yukari mod"],"gold_per_floor":[115,115,115,219,219,231,231,231,231],"floor_reached":7,"language":"ZHS","playtime":988,"items_purged":[],"score":89,"play_id":"04afc250-b085-4c95-a0ee-9e53eb860297","local_time":"20210129230952","is_ascension_mode":false,"metric_token":1621,"campfire_choices":[],"circlet_count":0,"master_deck":["Gatherer:Strike_Gatherer","Gatherer:Strike_Gatherer","Gatherer:Strike_Gatherer","Gatherer:Strike_Gatherer","Gatherer:Strike_Gatherer","Gatherer:Defend_Gatherer","Gatherer:Defend_Gatherer","Gatherer:Defend_Gatherer","Gatherer:Defend_Gatherer","Gatherer:Defend_Gatherer","Gatherer:Centralize","Gatherer:FlowerWhip","Gatherer:Snatch","Gatherer:Photoscythe","Gatherer:TreeGrowth"],"relics":["Gatherer:AlchemyBag","NeowsBlessing","Hallownest:DreamNailRelic","Busted Crown"],"acts_visited":["Hallownest:Greenpath","Hallownest:CityofTears"],"potions_floor_usage":[],"damage_taken":[{"damage":0,"enemies":"Hallownest:2_MossCreeps","floor":1,"turns":1},{"damage":0,"enemies":"Hallownest:BossBrokenVessel","floor":4,"turns":1},{"damage":0,"enemies":"Hallownest:Flukemon_and_Top","floor":6,"turns":3},{"damage":0,"enemies":"Hallownest:2_Mistakes","floor":7,"turns":1}],"seed_played":"6634729804453314916","potions_obtained":[{"floor":6,"key":"Regen Potion"}],"is_trial":false,"path_per_floor":["M","?","?","B",null,"M","M"],"character_chosen":"THE_GATHERER","items_purchased":[],"campfire_rested":0,"item_purchase_floors":[],"current_hp_per_floor":[72,72,72,72,72,72,72,72,72],"gold":231,"neow_bonus":"THREE_ENEMY_KILL","is_daily":false,"chose_seed":false,"campfire_upgraded":0,"win_rate":0.0,"timestamp":1611932992,"path_taken":["M","?","?","BOSS","M","M"],"items_purchased_type":[],"build_version":"2020-12-22","purchased_purges":0,"victory":false,"max_hp_per_floor":[72,72,72,72,72,72,72,72,72],"relic_stats":{"Busted Crown":2,"counters":[4,6],"obtain_stats":[{"Busted Crown":5,"NeowsBlessing":0,"Hallownest:DreamNailRelic":2,"Gatherer:AlchemyBag":0},{"Busted Crown":2,"NeowsBlessing":0,"Hallownest:DreamNailRelic":1,"Gatherer:AlchemyBag":0},{"Busted Crown":2,"NeowsBlessing":0,"Hallownest:DreamNailRelic":1,"Gatherer:AlchemyBag":0}]},"card_choices":[{"not_picked":["Gatherer:DrugPower","Gatherer:ScentOfRosmari"],"picked":"Gatherer:Snatch","floor":1},{"not_picked":["Gatherer:Examine","Gatherer:ScrollOfPurity"],"picked":"Gatherer:Photoscythe","floor":4},{"not_picked":[],"picked":"Gatherer:TreeGrowth","floor":6}],"player_experience":78638,"relics_obtained":[],"event_choices":[],"is_beta":false,"boss_relics":[{"not_picked":["Fusion Hammer","Snecko Eye"],"picked":"Busted Crown"}],"items_purged_floors":[],"is_endless":false,"potions_floor_spawned":[6],"killed_by":"Hallownest:2_Mistakes","ascension_level":0}}