{"host":"0awa854l6bexpjrv","time":1611899818,"event":{"mods":["BaseMod","Block Reminder","Colored Map","Colored Powertips","Downfall","Highlight Path","Minty Spire (QoL Compilation)","Quick Restart","Rare Cards Sparkle","StSLib","SuperFastMode"],"gold_per_floor":[99,115,115,131,19,32,78,78,94,106,91,116,136,147,162,261,261,261,276,276,329,341,46,46,46,62,62,62,62,90,90,109,208,208,208,223,235,254,267,152,200,250,250,250,278,278,288,307,307,307,307,307],"floor_reached":50,"language":"ENG","playtime":7078,"items_purged":["sneckomod:Strike","Parasite"],"score":513,"play_id":"89a9ca8d-275b-48db-a19f-bb1d8baca33f","local_time":"20210128215658","is_ascension_mode":false,"campfire_choices":[{"data":"sneckomod:TailWhip","floor":1.0,"key":"SMITH"},{"data":"Genetic Algorithm","floor":8.0,"key":"SMITH"},{"data":"sneckomod:UnlimitedRolls","floor":18.0,"key":"SMITH"},{"data":"sneckomod:UnknownRarePower","floor":27.0,"key":"SMITH"},{"floor":29.0,"key":"REST"},{"floor":49,"key":"REST"}],"circlet_count":0,"master_deck":["sneckomod:TailWhip+1","sneckomod:SnekBite","sneckomod:ImprovisedGuard","Genetic Algorithm+1","sneckomod:WideSting","sneckomod:QuickBite","sneckomod:TrashToTreasure","sneckomod:UnknownWeak","sneckomod:UnendingSupply","sneckomod:DiceBlock","sneckomod:UnknownDexterity","sneckomod:UnlimitedRolls+1","sneckomod:UnknownBoss","sneckomod:UnknownBlock","sneckomod:QuickMove+1","sneckomod:QuickBite","sneckomod:SerpentIdol","sneckomod:UnknownUncommonPower","Panache+1","sneckomod:UnknownRarePower","sneckomod:UnknownBlock","sneckomod:DangerNoodle","Echo Form+1","sneckomod:SnekBeam","sneckomod:UnknownClassGREEN+1","sneckomod:Memorize","sneckomod:UnknownRarePower","sneckomod:Nope+1","Night Terror+1","Choke","sneckomod:Cheat"],"relics":["sneckomod:SneckoSoul","Orichalcum","Odd Mushroom","Pandora\u0027s Box","downfall:KnowingSkull","sneckomod:ConfusingCodex","Calipers","Happy Flower","Runic Pyramid","Lantern","Thread and Needle","CeramicFish"],"acts_visited":["Exordium","TheCity","TheBeyond"],"potions_floor_usage":[50,50],"damage_taken":[{"damage":6.0,"enemies":"Jaw Worm","floor":2.0,"turns":2.0},{"damage":1.0,"enemies":"Cultist","floor":4.0,"turns":4.0},{"damage":0.0,"enemies":"downfall:FleeingMerchant","floor":5.0,"turns":4.0},{"damage":8.0,"enemies":"Small Slimes","floor":6.0,"turns":4.0},{"damage":0.0,"enemies":"Exordium Wildlife","floor":9.0,"turns":3.0},{"damage":11.0,"enemies":"Gremlin Gang","floor":10.0,"turns":4.0},{"damage":1.0,"enemies":"downfall:FleeingMerchant","floor":11.0,"turns":4.0},{"damage":19.0,"enemies":"The Mushroom Lair","floor":12.0,"turns":5.0},{"damage":2.0,"enemies":"Blue Slaver","floor":13.0,"turns":4.0},{"damage":0.0,"enemies":"Large Slime","floor":14.0,"turns":5.0},{"damage":0.0,"enemies":"Lots of Slimes","floor":15.0,"turns":3.0},{"damage":22.0,"enemies":"DF_ARCHETYPE_STREAMLINE","floor":16.0,"turns":15.0},{"damage":9.0,"enemies":"3 Byrds","floor":19.0,"turns":5.0},{"damage":3.0,"enemies":"Chosen","floor":21.0,"turns":5.0},{"damage":11.0,"enemies":"3 Cultists","floor":22.0,"turns":6.0},{"damage":0.0,"enemies":"downfall:FleeingMerchant","floor":23.0,"turns":4.0},{"damage":0.0,"enemies":"Shelled Parasite and Fungi","floor":26.0,"turns":5.0},{"damage":1.0,"enemies":"Slavers","floor":30.0,"turns":4.0},{"damage":10.0,"enemies":"Snake Plant","floor":32.0,"turns":4.0},{"damage":12.0,"enemies":"SI_MIRROR_ARCHETYPE","floor":33.0,"turns":9.0},{"damage":2.0,"enemies":"Orb Walker","floor":36.0,"turns":4.0},{"damage":1.0,"enemies":"3 Darklings","floor":37.0,"turns":5.0},{"damage":13.0,"enemies":"Writhing Mass","floor":38.0,"turns":9.0},{"damage":0.0,"enemies":"Maw","floor":39.0,"turns":7.0},{"damage":10.0,"enemies":"downfall:FleeingMerchant","floor":40.0,"turns":4.0},{"damage":1.0,"enemies":"downfall:FleeingMerchant","floor":42.0,"turns":6.0},{"damage":3.0,"enemies":"Nemesis","floor":45.0,"turns":11.0},{"damage":5.0,"enemies":"3 Darklings","floor":47.0,"turns":6.0},{"damage":0,"enemies":"4 Shapes","floor":48,"turns":5},{"damage":88,"enemies":"WA_ARCHETYPE_DIVINITY","floor":50,"turns":14}],"seed_played":"6564387800722322482","potions_obtained":[{"floor":9.0,"key":"Block Potion"},{"floor":10.0,"key":"LiquidMemories"},{"floor":12.0,"key":"Guardian:BlockOnCardUsePotion"},{"floor":14.0,"key":"ColorlessPotion"},{"floor":16.0,"key":"champ:CounterPotion"},{"floor":19.0,"key":"SneckoOil"},{"floor":26.0,"key":"champ:CounterPotion"},{"floor":33.0,"key":"Block Potion"},{"floor":39.0,"key":"BlessingOfTheForge"},{"floor":45.0,"key":"GamblersBrew"},{"floor":48,"key":"sneckomod:DiceRollPotion"}],"is_trial":false,"path_per_floor":["R","M","?","M","$","M","T","R","M","M","$","?","M","M","M","B",null,"R","M","?","M","M","$","T","R","M","R","?","R","E","?","M","B",null,"R","M","M","M","M","$","T","?","R","?","E","?","M","M","R","B"],"character_chosen":"THE_SNECKO","items_purchased":["sneckomod:WideSting","sneckomod:ConfusingCodex","sneckomod:UnknownUncommonPower"],"campfire_rested":2,"item_purchase_floors":[5,23,23],"current_hp_per_floor":[90,84,84,83,83,75,75,75,75,64,63,44,42,42,42,20,90,90,81,74,71,64,64,64,64,64,64,64,90,89,89,79,67,90,90,88,90,77,77,67,67,66,66,66,63,63,58,58,84,0,0,0],"gold":307,"neow_bonus":"REMOVE_CARD","is_daily":false,"chose_seed":false,"campfire_upgraded":4,"win_rate":0.0,"timestamp":1611899818,"path_taken":["R","M","?","M","$","M","T","R","M","M","?","?","M","?","M","BOSS","R","M","?","M","?","$","T","R","M","R","?","R","E","?","M","BOSS","R","M","M","M","M","$","T","?","R","?","E","?","M","M","R","BOSS"],"items_purchased_type":["Card","Relic","Card"],"build_version":"2020-12-22","purchased_purges":2,"victory":false,"max_hp_per_floor":[90,90,90,90,90,90,90,90,90,90,90,90,90,90,90,90,90,90,90,90,90,90,90,90,90,90,90,90,90,90,90,90,90,90,90,90,90,90,90,87,87,87,87,87,87,87,87,87,87,87,87,87],"card_choices":[{"not_picked":["sneckomod:DiceCrush","sneckomod:UnknownStrike"],"picked":"sneckomod:Memorize","floor":2.0},{"not_picked":["sneckomod:SoulRoll","sneckomod:IronFang"],"picked":"sneckomod:ImprovisedGuard","floor":4.0},{"not_picked":["sneckomod:UnknownUncommonSkill","sneckomod:UnknownX"],"picked":"sneckomod:Mudshield","floor":5.0},{"not_picked":["sneckomod:Rotation","sneckomod:RainOfDice"],"picked":"sneckomod:QuickBite","floor":6.0},{"not_picked":["sneckomod:UnknownDraw","sneckomod:SoulDraw"],"picked":"sneckomod:TrashToTreasure","floor":9.0},{"not_picked":["sneckomod:UnknownCommonAttack","sneckomod:Unknown1Cost"],"picked":"sneckomod:UnknownWeak","floor":10.0},{"not_picked":["sneckomod:UnknownCommonAttack","sneckomod:UnknownWeak"],"picked":"sneckomod:UnendingSupply","floor":11.0},{"not_picked":["sneckomod:UnknownDraw","sneckomod:Nope"],"picked":"sneckomod:DiceBlock","floor":12.0},{"not_picked":["sneckomod:UnknownColorless","sneckomod:RainOfDice"],"picked":"sneckomod:UnknownDexterity","floor":13.0},{"not_picked":["sneckomod:UnknownColorless","sneckomod:IronFang"],"picked":"sneckomod:QuickBite","floor":14.0},{"not_picked":["sneckomod:DiceBlock","sneckomod:UnknownBlock"],"picked":"sneckomod:UnlimitedRolls","floor":15.0},{"not_picked":["sneckomod:SoulExchange","sneckomod:Mudshield"],"picked":"sneckomod:UnknownBoss","floor":16.0},{"not_picked":["sneckomod:UnknownBlock","sneckomod:UnendingSupply"],"picked":"sneckomod:QuickMove+1","floor":19.0},{"not_picked":["sneckomod:UnknownCommonSkill","sneckomod:UnknownWeak"],"picked":"sneckomod:QuickBite","floor":21.0},{"not_picked":["sneckomod:QuickBite","sneckomod:SoulDraw"],"picked":"sneckomod:SerpentIdol","floor":22.0},{"not_picked":["sneckomod:DiceBoulder","sneckomod:UnknownClassBLUE"],"picked":"sneckomod:UnknownClassGREEN+1","floor":23.0},{"not_picked":["sneckomod:UnknownClassGREEN","sneckomod:SoulCleanse+1","sneckomod:Unknown1Cost"],"picked":"SKIP","floor":26.0},{"not_picked":["sneckomod:UnknownExhaust","sneckomod:SoulRoll"],"picked":"sneckomod:UnknownRarePower","floor":30.0},{"not_picked":["sneckomod:CheapStock","sneckomod:RainOfDice"],"picked":"sneckomod:UnknownBlock","floor":32.0},{"not_picked":["sneckomod:UnknownRareAttack","sneckomod:Restock"],"picked":"sneckomod:DangerNoodle","floor":33.0},{"not_picked":["sneckomod:UnknownClassBLUE","sneckomod:UnknownClassSLIMEBOUND"],"picked":"sneckomod:SnekBeam","floor":36.0},{"not_picked":["sneckomod:UnknownCommonAttack","sneckomod:Unknown1Cost+1","sneckomod:UnknownDraw+1"],"picked":"SKIP","floor":37.0},{"not_picked":["sneckomod:TrashToTreasure","sneckomod:DiceCrush"],"picked":"sneckomod:UnknownClassGREEN+1","floor":38.0},{"not_picked":["sneckomod:Nope","sneckomod:UnknownBlock"],"picked":"sneckomod:Memorize","floor":39.0},{"not_picked":["sneckomod:UnknownX","sneckomod:DiceCrush+1"],"picked":"sneckomod:UnknownRarePower","floor":40.0},{"not_picked":["sneckomod:DiceBlock+1","sneckomod:IronFang+1"],"picked":"sneckomod:Nope+1","floor":42.0},{"not_picked":["sneckomod:UnknownWeak+1","sneckomod:UnknownCommonAttack","sneckomod:DiceBlock+1"],"picked":"SKIP","floor":45.0},{"not_picked":["sneckomod:IronFang","sneckomod:SerpentIdol","sneckomod:UnknownClassGREEN+1"],"picked":"SKIP","floor":47.0},{"not_picked":["sneckomod:ImprovisedAttack","sneckomod:TrashToTreasure"],"picked":"sneckomod:Cheat","floor":48}],"player_experience":652819,"relics_obtained":[{"floor":7.0,"key":"Orichalcum"},{"floor":12.0,"key":"Odd Mushroom"},{"floor":24.0,"key":"Calipers"},{"floor":30.0,"key":"Happy Flower"},{"floor":41.0,"key":"Lantern"},{"floor":42.0,"key":"Thread and Needle"},{"floor":45.0,"key":"CeramicFish"}],"event_choices":[{"damage_healed":0.0,"max_hp_gain":0.0,"max_hp_loss":0.0,"gold_gain":0.0,"event_name":"Mushrooms","player_choice":"Fought Mushrooms","floor":12.0,"gold_loss":0.0,"damage_taken":0.0},{"cards_removed":["sneckomod:QuickBite"],"damage_healed":0.0,"max_hp_gain":0.0,"max_hp_loss":0.0,"gold_gain":0.0,"event_name":"Falling","player_choice":"Removed Attack","floor":44.0,"gold_loss":0.0,"damage_taken":0.0},{"damage_healed":0.0,"max_hp_gain":0.0,"max_hp_loss":0.0,"gold_gain":0.0,"event_name":"Accursed Blacksmith","player_choice":"Forge","floor":46.0,"gold_loss":0.0,"damage_taken":0.0,"cards_upgraded":["Panache"]}],"is_beta":false,"boss_relics":[{"not_picked":["Black Star","Fusion Hammer"],"picked":"Pandora\u0027s Box"},{"not_picked":["Velvet Choker","Snecko Eye"],"picked":"Runic Pyramid"}],"items_purged_floors":[5,40],"is_endless":false,"potions_floor_spawned":[9,10,12,14,16,19,26,33,39,45,47,48],"killed_by":"WA_ARCHETYPE_DIVINITY","ascension_level":0}}