{"host":"yx5rao87132cy5xq","time":1611890381,"event":{"mods":["2.2 Compatiblity","AchievementEnabler","BaseMod","Bestiary","Colored Map","Colored Powertips","Minty Spire (QoL Compilation)","Quick Restart","Relic Stats","Slay-I","SuperFastMode"],"gold_per_floor":[110,126,141,159,28,59,134,151,151,151,151,161,172,207,207,286,286,296,296,324,341,341,341,341],"floor_reached":23,"language":"ENG","playtime":1523,"items_purged":[],"score":335,"play_id":"22537ea3-9a02-4bb8-b624-9378c0534713","local_time":"20210129041941","is_ascension_mode":true,"campfire_choices":[{"data":"Armaments","floor":11.0,"key":"SMITH"},{"floor":15.0,"key":"REST"}],"circlet_count":0,"master_deck":["AscendersBane","Strike_R","Strike_R","Strike_R","Strike_R","Strike_R","Defend_R","Defend_R+1","Defend_R","Defend_R","Bash","True Grit+1","Wild Strike","Cleave","Armaments+1","Feel No Pain","Iron Wave","Cleave","Spot Weakness","Reckless Charge","Wild Strike","Fiend Fire","Shockwave","Sentinel","True Grit"],"relics":["Burning Blood","Self Forming Clay","War Paint","Omamori","Bottled Tornado","Cursed Key","Red Mask"],"acts_visited":["Exordium","TheCity"],"potions_floor_usage":[16,20],"damage_taken":[{"damage":3.0,"enemies":"2 Louse","floor":1.0,"turns":3.0},{"damage":4.0,"enemies":"Small Slimes","floor":2.0,"turns":4.0},{"damage":8.0,"enemies":"Jaw Worm","floor":3.0,"turns":4.0},{"damage":10.0,"enemies":"Blue Slaver","floor":4.0,"turns":5.0},{"damage":18.0,"enemies":"3 Sentries","floor":6.0,"turns":9.0},{"damage":0.0,"enemies":"2 Fungi Beasts","floor":8.0,"turns":3.0},{"damage":6.0,"enemies":"Looter","floor":12.0,"turns":4.0},{"damage":14.0,"enemies":"Exordium Thugs","floor":13.0,"turns":5.0},{"damage":22.0,"enemies":"Lagavulin","floor":14.0,"turns":7.0},{"damage":33,"enemies":"Slime Boss","floor":16,"turns":7},{"damage":4,"enemies":"Spheric Guardian","floor":18,"turns":5},{"damage":45,"enemies":"Masked Bandits","floor":20,"turns":5},{"damage":4,"enemies":"3 Byrds","floor":21,"turns":6},{"damage":61,"enemies":"Book of Stabbing","floor":23,"turns":7}],"seed_played":"1633954471235033023","potions_obtained":[{"floor":0.0,"key":"CultistPotion"},{"floor":0.0,"key":"Explosive Potion"},{"floor":6.0,"key":"FairyPotion"},{"floor":16,"key":"Explosive Potion"}],"is_trial":false,"path_per_floor":["M","M","M","M","$","E","?","M","T","?","R","M","M","E","R","B",null,"M","?","?","M","?","E"],"character_chosen":"IRONCLAD","items_purchased":["Feel No Pain","Iron Wave"],"campfire_rested":1,"item_purchase_floors":[5,5],"current_hp_per_floor":[75,77,75,71,71,59,48,54,54,51,51,51,43,27,51,24,66,68,68,29,31,31,0,0],"gold":341,"neow_bonus":"THREE_SMALL_POTIONS","is_daily":false,"chose_seed":false,"campfire_upgraded":1,"win_rate":0.0,"timestamp":1611890381,"path_taken":["M","M","M","M","$","E","?","M","T","?","R","M","M","E","R","BOSS","M","?","?","M","?","E"],"items_purchased_type":["Card","Card"],"build_version":"2020-12-22","purchased_purges":0,"victory":false,"max_hp_per_floor":[80,80,80,80,80,80,80,80,80,80,80,80,80,80,80,80,80,80,80,80,80,80,80,80],"relic_stats":{"counters":[14,74],"Self Forming Clay":[54],"War Paint":["True Grit","Defend_R"],"Cursed Key":0,"obtain_stats":[{"Self Forming Clay":6,"Omamori":10,"Red Mask":20,"War Paint":9,"Bottled Tornado":14,"Cursed Key":17,"Burning Blood":0},{"Self Forming Clay":5,"Omamori":6,"Red Mask":12,"War Paint":6,"Bottled Tornado":9,"Cursed Key":10,"Burning Blood":0},{"Self Forming Clay":25,"Omamori":28,"Red Mask":61,"War Paint":28,"Bottled Tornado":44,"Cursed Key":51,"Burning Blood":0}],"Burning Blood":78},"card_choices":[{"not_picked":["Second Wind","Seeing Red"],"picked":"True Grit","floor":1.0},{"not_picked":["Entrench","Cleave"],"picked":"Wild Strike","floor":2.0},{"not_picked":["Thunderclap","Evolve"],"picked":"Cleave","floor":3.0},{"not_picked":["Exhume","Thunderclap"],"picked":"Armaments","floor":4.0},{"not_picked":["Bloodletting","Havoc"],"picked":"Cleave","floor":6.0},{"not_picked":["Rampage","Sword Boomerang"],"picked":"Spot Weakness","floor":8.0},{"not_picked":["Havoc","Armaments"],"picked":"Reckless Charge","floor":12.0},{"not_picked":["Blood for Blood","Dark Embrace"],"picked":"Wild Strike","floor":13.0},{"not_picked":["Hemokinesis","Twin Strike","Thunderclap"],"picked":"SKIP","floor":14.0},{"not_picked":["Exhume","Double Tap"],"picked":"Fiend Fire","floor":16},{"not_picked":["Reckless Charge","Cleave","Heavy Blade"],"picked":"SKIP","floor":18},{"not_picked":["Perfected Strike","Bloodletting"],"picked":"Sentinel","floor":20},{"not_picked":["Thunderclap","Rage"],"picked":"True Grit","floor":21}],"player_experience":894410,"relics_obtained":[{"floor":6.0,"key":"Self Forming Clay"},{"floor":9.0,"key":"War Paint"},{"floor":14.0,"key":"Bottled Tornado"},{"floor":20,"key":"Red Mask"}],"event_choices":[{"damage_healed":0.0,"max_hp_gain":0.0,"max_hp_loss":0.0,"gold_gain":75.0,"event_name":"World of Goop","player_choice":"Gather Gold","floor":7.0,"gold_loss":0.0,"damage_taken":11.0},{"damage_healed":0.0,"max_hp_gain":0.0,"max_hp_loss":0.0,"gold_gain":0.0,"event_name":"Scrap Ooze","player_choice":"Success","floor":10.0,"gold_loss":0.0,"damage_taken":3.0,"relics_obtained":["Omamori"]},{"damage_healed":0,"gold_gain":0,"player_choice":"Read","damage_taken":0,"max_hp_gain":0,"max_hp_loss":0,"event_name":"The Library","floor":19,"gold_loss":0,"cards_obtained":["Shockwave"]},{"damage_healed":0,"gold_gain":0,"player_choice":"Fought Bandits","damage_taken":0,"max_hp_gain":0,"max_hp_loss":0,"event_name":"Masked Bandits","floor":20,"gold_loss":0},{"damage_healed":0,"gold_gain":0,"player_choice":"Smashed Altar","damage_taken":0,"max_hp_gain":0,"max_hp_loss":0,"event_name":"Forgotten Altar","floor":22,"gold_loss":0,"cards_obtained":["Decay"]}],"is_beta":false,"boss_relics":[{"not_picked":["Snecko Eye","Coffee Dripper"],"picked":"Cursed Key"}],"items_purged_floors":[],"is_endless":false,"potions_floor_spawned":[2,4,6,13,14,16,18],"killed_by":"Book of Stabbing","ascension_level":13}}