{"host":"pvf7uj918he10jir","time":1611889880,"event":{"mods":["AchievementEnabler","BaseMod","Colored Map","Colored Powertips","Highlight Path","Minty Spire (QoL Compilation)","Relic Stats","Slay the Relics Exporter","everything is the same but u backflip on backflip"],"gold_per_floor":[15,33,47,60,60,93,93,93,93],"floor_reached":8,"language":"ENG","playtime":758,"items_purged":[],"score":73,"play_id":"c4907534-d43f-4195-b702-44b2fb3653ab","local_time":"20210128221120","is_ascension_mode":true,"campfire_choices":[{"floor":7,"key":"REST"}],"circlet_count":0,"master_deck":["Strike_G","Strike_G","Strike_G","Strike_G","Strike_G","Defend_G","Defend_G","Defend_G","Defend_G","Defend_G","Survivor","Neutralize","Backflip","Deadly Poison","Deadly Poison","Crippling Poison","Night Terror"],"relics":["Ring of the Snake","The Specimen","Golden Idol","Happy Flower"],"acts_visited":["Exordium"],"potions_floor_usage":[6,8],"damage_taken":[{"damage":0,"enemies":"2 Louse","floor":1,"turns":3},{"damage":0,"enemies":"Small Slimes","floor":2,"turns":6},{"damage":3,"enemies":"Cultist","floor":3,"turns":4},{"damage":9,"enemies":"Gremlin Gang","floor":4,"turns":6},{"damage":39,"enemies":"3 Sentries","floor":6,"turns":10},{"damage":25,"enemies":"Gremlin Nob","floor":8,"turns":4}],"seed_played":"7053831222953186671","potions_obtained":[{"floor":2,"key":"EssenceOfSteel"},{"floor":3,"key":"FearPotion"}],"is_trial":false,"path_per_floor":["M","M","M","M","?","E","R","E"],"character_chosen":"THE_SILENT","items_purchased":[],"campfire_rested":1,"item_purchase_floors":[],"current_hp_per_floor":[70,70,67,58,41,2,23,0,0],"gold":93,"neow_bonus":"ONE_RARE_RELIC","is_daily":false,"chose_seed":false,"campfire_upgraded":0,"win_rate":0.0,"timestamp":1611889880,"path_taken":["M","M","M","M","?","E","R","E"],"items_purchased_type":[],"build_version":"2020-12-22","purchased_purges":0,"victory":false,"max_hp_per_floor":[70,70,70,70,70,70,70,70,70],"relic_stats":{"Happy Flower":[1],"counters":[6,33],"Golden Idol":7,"obtain_stats":[{"The Specimen":0,"Happy Flower":6,"Golden Idol":5,"Ring of the Snake":0},{"The Specimen":0,"Happy Flower":5,"Golden Idol":4,"Ring of the Snake":0},{"The Specimen":0,"Happy Flower":29,"Golden Idol":19,"Ring of the Snake":0}],"Ring of the Snake":[12]},"card_choices":[{"not_picked":["Acrobatics","Reflex"],"picked":"Backflip","floor":1},{"not_picked":["Prepared","Concentrate"],"picked":"Deadly Poison","floor":2},{"not_picked":["Dodge and Roll","Outmaneuver"],"picked":"Deadly Poison","floor":3},{"not_picked":["Outmaneuver","Flying Knee"],"picked":"Crippling Poison","floor":4},{"not_picked":["Expertise","Outmaneuver"],"picked":"Night Terror","floor":6}],"player_experience":166930,"relics_obtained":[{"floor":6,"key":"Happy Flower"}],"event_choices":[{"damage_healed":0,"gold_gain":0,"player_choice":"Take Damage","damage_taken":17,"relics_obtained":["Golden Idol"],"max_hp_gain":0,"max_hp_loss":0,"event_name":"Golden Idol","floor":5,"gold_loss":0}],"is_beta":false,"boss_relics":[],"items_purged_floors":[],"is_endless":false,"potions_floor_spawned":[2,3],"killed_by":"Gremlin Nob","ascension_level":5}}