{"host":"2j5d0uw0vihq8b8w","time":1611907448,"event":{"mods":["2.2 Compatiblity","AchievementEnabler","BaseMod","BetterRewards","Colored Map","Colored Powertips","Custom Start","DeckTracker","Minty Spire (QoL Compilation)","Permanent Neow","Quick Restart","Rare Cards Sparkle","StSLib","SuperFastMode"],"gold_per_floor":[110,125,125,135,85,85,4,15,15,33,33,59,78,108,108,211,211,221,221,233,233,249,282,282,293,293,293,218,231,244,58,58,162,162,174,174,225,235,235,235,235],"floor_reached":40,"language":"KOR","playtime":1755,"items_purged":["Strike_R","Strike_R"],"score":642,"play_id":"aed33899-f227-4927-bbcf-d0cbad5c1d8a","local_time":"20210129170408","is_ascension_mode":true,"campfire_choices":[{"data":"True Grit","floor":6.0,"key":"SMITH"},{"data":"Evolve","floor":15.0,"key":"SMITH"},{"floor":24.0,"key":"REST"},{"floor":27.0,"key":"REST"},{"floor":32.0,"key":"REST"}],"circlet_count":0,"master_deck":["Defend_R","Defend_R","Bash","Rampage","True Grit+1","Fire Breathing","Evolve+1","Combust","Immolate","Metallicize","Brutality","Immolate","Disarm+1","Spot Weakness+1","Heavy Blade","Armaments+1","Fire Breathing","Exhume+1","Enlightenment+1","Deep Breath+1","Metamorphosis+1"],"relics":["Burning Blood","Thread and Needle","Toxic Egg 2","Happy Flower","Pocketwatch","Fusion Hammer","Bronze Scales","Mercury Hourglass","Philosopher\u0027s Stone","Champion Belt"],"acts_visited":["Exordium","TheCity","TheBeyond"],"potions_floor_usage":[40,40],"damage_taken":[{"damage":0.0,"enemies":"Cultist","floor":1.0,"turns":3.0},{"damage":0.0,"enemies":"Small Slimes","floor":2.0,"turns":3.0},{"damage":0.0,"enemies":"2 Louse","floor":4.0,"turns":3.0},{"damage":9.0,"enemies":"Blue Slaver","floor":8.0,"turns":3.0},{"damage":1.0,"enemies":"Red Slaver","floor":10.0,"turns":2.0},{"damage":0.0,"enemies":"Lots of Slimes","floor":13.0,"turns":1.0},{"damage":11.0,"enemies":"3 Sentries","floor":14.0,"turns":4.0},{"damage":39.0,"enemies":"Hexaghost","floor":16.0,"turns":8.0},{"damage":6.0,"enemies":"Spheric Guardian","floor":18.0,"turns":3.0},{"damage":12.0,"enemies":"Chosen","floor":20.0,"turns":3.0},{"damage":29.0,"enemies":"Snake Plant","floor":22.0,"turns":4.0},{"damage":32.0,"enemies":"Book of Stabbing","floor":23.0,"turns":5.0},{"damage":25.0,"enemies":"Centurion and Healer","floor":25.0,"turns":3.0},{"damage":0.0,"enemies":"Chosen and Byrds","floor":29.0,"turns":3.0},{"damage":3.0,"enemies":"3 Cultists","floor":30.0,"turns":3.0},{"damage":12.0,"enemies":"Automaton","floor":33.0,"turns":6.0},{"damage":12.0,"enemies":"Orb Walker","floor":35.0,"turns":3.0},{"damage":43.0,"enemies":"2 Orb Walkers","floor":37.0,"turns":3.0},{"damage":4.0,"enemies":"3 Shapes","floor":38.0,"turns":2.0},{"damage":41,"enemies":"Jaw Worm Horde","floor":40,"turns":2}],"seed_played":"7477504421984364461","potions_obtained":[{"floor":2.0,"key":"Explosive Potion"},{"floor":8.0,"key":"ElixirPotion"},{"floor":10.0,"key":"Dexterity Potion"},{"floor":13.0,"key":"Fire Potion"},{"floor":22.0,"key":"Explosive Potion"},{"floor":25.0,"key":"LiquidBronze"},{"floor":33.0,"key":"PowerPotion"}],"is_trial":false,"path_per_floor":["M","M","?","M","?","R","$","M","T","M","$","T","M","E","R","B",null,"M","$","M","?","M","E","R","M","T","R","?","M","M","$","R","B",null,"M","?","?","M","?","M"],"character_chosen":"IRONCLAD","items_purchased":["Rampage","True Grit","Evolve","Immolate","Armaments+1","Fire Breathing"],"campfire_rested":3,"item_purchase_floors":[0,0,0,7,31,31],"current_hp_per_floor":[52,58,51,57,57,57,57,54,54,59,59,59,65,60,60,27,80,80,80,74,74,51,25,49,30,30,54,54,60,63,63,80,74,80,74,64,27,29,29,0,0],"gold":235,"neow_bonus":"","is_daily":false,"chose_seed":false,"campfire_upgraded":2,"win_rate":0.0,"timestamp":1611907448,"path_taken":["M","?","?","M","?","R","$","M","T","M","?","?","M","E","R","BOSS","M","$","M","?","?","E","R","M","T","R","?","M","M","?","R","BOSS","M","?","?","M","?","M"],"items_purchased_type":["Card","Card","Card","Card","Card","Card"],"build_version":"2020-12-22","purchased_purges":2,"victory":false,"max_hp_per_floor":[80,80,80,80,80,80,80,80,80,80,80,80,80,80,80,80,80,80,80,80,80,80,80,80,80,80,80,80,80,80,80,80,80,80,80,80,80,80,80,80,80],"card_choices":[{"not_picked":["Second Wind","Warcry","Seeing Red"],"picked":"SKIP","floor":1.0},{"not_picked":["Pommel Strike","Dropkick","Perfected Strike"],"picked":"SKIP","floor":2.0},{"not_picked":["Warcry","Havoc"],"picked":"Combust","floor":4.0},{"not_picked":["Warcry","Cleave"],"picked":"Reckless Charge","floor":8.0},{"not_picked":["Clash","Wild Strike"],"picked":"Metallicize","floor":10.0},{"not_picked":["Hemokinesis","Carnage","Thunderclap"],"picked":"SKIP","floor":13.0},{"not_picked":["Havoc+1","Anger"],"picked":"Brutality","floor":14.0},{"not_picked":["Demon Form","Juggernaut"],"picked":"Immolate","floor":16.0},{"not_picked":["Perfected Strike","Body Slam"],"picked":"Disarm+1","floor":18.0},{"not_picked":["Uppercut","Headbutt","Iron Wave+1"],"picked":"SKIP","floor":20.0},{"not_picked":["True Grit+1","Clothesline","Rampage"],"picked":"SKIP","floor":22.0},{"not_picked":["Uppercut","Havoc+1"],"picked":"Spot Weakness+1","floor":23.0},{"not_picked":["Perfected Strike","Pommel Strike","Twin Strike"],"picked":"SKIP","floor":25.0},{"not_picked":["Body Slam","Clash","Combust"],"picked":"SKIP","floor":29.0},{"not_picked":["Cleave","Barricade"],"picked":"Heavy Blade","floor":30.0},{"not_picked":["Feed","Fiend Fire"],"picked":"Exhume+1","floor":33.0},{"not_picked":["Infernal Blade+1","Anger","Headbutt"],"picked":"SKIP","floor":35.0},{"not_picked":["Impatience+1","Madness+1"],"picked":"Enlightenment+1","floor":36.0},{"not_picked":["Impatience+1","Secret Technique+1"],"picked":"Deep Breath+1","floor":36.0},{"not_picked":["Blind+1","Dark Shackles+1"],"picked":"Metamorphosis+1","floor":36.0},{"not_picked":["Thunderclap","Shockwave+1","Hemokinesis"],"picked":"SKIP","floor":38.0}],"player_experience":631425,"relics_obtained":[{"floor":9.0,"key":"Toxic Egg 2"},{"floor":12.0,"key":"Happy Flower"},{"floor":14.0,"key":"Pocketwatch"},{"floor":23.0,"key":"Bronze Scales"},{"floor":26.0,"key":"Mercury Hourglass"},{"floor":37.0,"key":"Champion Belt"}],"event_choices":[{"cards_removed":["Defend_R"],"damage_healed":0.0,"max_hp_gain":0.0,"max_hp_loss":0.0,"gold_gain":0.0,"event_name":"Golden Wing","player_choice":"Card Removal","floor":3.0,"gold_loss":0.0,"damage_taken":7.0},{"cards_removed":["Strike_R"],"damage_healed":0.0,"max_hp_gain":0.0,"max_hp_loss":0.0,"gold_gain":0.0,"event_name":"The Cleric","player_choice":"Card Removal","floor":5.0,"gold_loss":50.0,"damage_taken":0.0},{"cards_removed":["Strike_R"],"damage_healed":0.0,"max_hp_gain":0.0,"max_hp_loss":0.0,"gold_gain":0.0,"event_name":"Purifier","player_choice":"Purged","floor":21.0,"gold_loss":0.0,"damage_taken":0.0},{"cards_removed":["Strike_R"],"damage_healed":0.0,"max_hp_gain":0.0,"max_hp_loss":0.0,"gold_gain":0.0,"event_name":"Beggar","player_choice":"Gave Gold","floor":28.0,"gold_loss":75.0,"damage_taken":0.0},{"damage_healed":0.0,"max_hp_gain":0.0,"max_hp_loss":0.0,"gold_gain":0.0,"event_name":"SensoryStone","player_choice":"Memory 3","floor":36.0,"gold_loss":0.0,"damage_taken":10.0},{"damage_healed":0.0,"max_hp_gain":0.0,"max_hp_loss":0.0,"gold_gain":0.0,"event_name":"Mysterious Sphere","player_choice":"Fight","floor":37.0,"gold_loss":0.0,"damage_taken":0.0},{"cards_removed":["Reckless Charge"],"damage_healed":0.0,"max_hp_gain":0.0,"max_hp_loss":0.0,"gold_gain":0.0,"event_name":"Falling","player_choice":"Removed Attack","floor":39.0,"gold_loss":0.0,"damage_taken":0.0}],"is_beta":false,"boss_relics":[{"not_picked":["Tiny House","Busted Crown"],"picked":"Fusion Hammer"},{"not_picked":["Empty Cage","Coffee Dripper"],"picked":"Philosopher\u0027s Stone"}],"items_purged_floors":[0,31],"is_endless":false,"potions_floor_spawned":[2,8,10,13,22,25,29,33],"killed_by":"Jaw Worm Horde","ascension_level":3}}