{"host":"y7357sx8ps3jkgoj","time":1611879660,"event":{"mods":["BaseMod","Friendly Minions","Minty Spire (QoL Compilation)","Permanent Neow","Relic Stats","Shop Mod","StSLib","The Alterego","Uncapped","Unceasing Turn Reminder"],"gold_per_floor":[113,113,38,38,52,82,82,113,113,132,132,132,132],"floor_reached":12,"language":"ENG","playtime":665,"items_purged":[],"score":108,"play_id":"3e4b0989-0e03-4006-8160-fcb9a1787c86","local_time":"20210128182100","is_ascension_mode":true,"campfire_choices":[{"data":"alterego_mod:BreastValley","floor":7,"key":"SMITH"}],"circlet_count":0,"master_deck":["alterego_mod:Strike","alterego_mod:Strike","alterego_mod:Strike","alterego_mod:Strike","alterego_mod:Defend+1","alterego_mod:Defend","alterego_mod:Defend","alterego_mod:Defend+1","alterego_mod:Impale","alterego_mod:BigMeatyClaws","alterego_mod:BrynhildrsRune","alterego_mod:BiFurious+1","alterego_mod:BusterCard","Pain","alterego_mod:BreastValley+1","alterego_mod:Cushion"],"relics":["alterego_mod:MasochisticConstitution","Blood Vial","WarpedTongs","Lizard Tail","Eternal Feather","Peace Pipe"],"acts_visited":["Exordium"],"potions_floor_usage":[6,8,12],"damage_taken":[{"damage":11,"enemies":"2 Louse","floor":1,"turns":4},{"damage":5,"enemies":"Cultist","floor":5,"turns":4},{"damage":32,"enemies":"Lagavulin","floor":6,"turns":7},{"damage":68,"enemies":"Gremlin Nob","floor":8,"turns":6},{"damage":19,"enemies":"Jaw Worm","floor":10,"turns":6},{"damage":35,"enemies":"Lagavulin","floor":12,"turns":8}],"seed_played":"7054935796260661695","potions_obtained":[{"floor":5,"key":"Ancient Potion"},{"floor":6,"key":"LiquidMemories"},{"floor":8,"key":"LiquidMemories"}],"is_trial":false,"path_per_floor":["M","?","$","?","M","E","R","E","T","M","?","E"],"character_chosen":"The_Alterego","items_purchased":["alterego_mod:BusterCard"],"campfire_rested":0,"item_purchase_floors":[3],"current_hp_per_floor":[71,71,71,71,72,41,41,37,37,28,13,0,0],"gold":132,"neow_bonus":"RANDOM_COMMON_RELIC","is_daily":false,"chose_seed":false,"campfire_upgraded":1,"win_rate":0.0,"timestamp":1611879660,"path_taken":["M","?","$","?","M","E","R","E","T","?","?","E"],"items_purchased_type":["Card"],"build_version":"2020-12-22","purchased_purges":0,"victory":false,"max_hp_per_floor":[71,71,71,71,72,73,73,74,74,75,75,75,75],"relic_stats":{"Blood Vial":6,"Peace Pipe":0,"Lizard Tail":36,"counters":[6,35],"Eternal Feather":0,"obtain_stats":[{"Blood Vial":0,"Peace Pipe":9,"alterego_mod:MasochisticConstitution":0,"Lizard Tail":6,"Eternal Feather":8,"WarpedTongs":4},{"Blood Vial":0,"Peace Pipe":4,"alterego_mod:MasochisticConstitution":0,"Lizard Tail":3,"Eternal Feather":4,"WarpedTongs":1},{"Blood Vial":0,"Peace Pipe":21,"alterego_mod:MasochisticConstitution":0,"Lizard Tail":15,"Eternal Feather":21,"WarpedTongs":4}],"WarpedTongs":[31]},"card_choices":[{"not_picked":["alterego_mod:GoddessCore","alterego_mod:Jiggle"],"picked":"alterego_mod:BiFurious","floor":1},{"not_picked":["alterego_mod:Santa","alterego_mod:DestructionOfProperty","alterego_mod:DiscoLights"],"picked":"SKIP","floor":5},{"not_picked":["alterego_mod:Cooking","alterego_mod:Birthday"],"picked":"alterego_mod:BreastValley","floor":6},{"not_picked":["alterego_mod:Complex","alterego_mod:Punishment"],"picked":"alterego_mod:Cushion","floor":8},{"not_picked":["alterego_mod:GachaTicket","alterego_mod:Jiggle","alterego_mod:Valentines"],"picked":"SKIP","floor":10}],"player_experience":331852,"relics_obtained":[{"floor":6,"key":"Lizard Tail"},{"floor":8,"key":"Eternal Feather"},{"floor":9,"key":"Peace Pipe"}],"event_choices":[{"damage_healed":0,"gold_gain":0,"player_choice":"Grow","damage_taken":0,"max_hp_gain":0,"max_hp_loss":0,"event_name":"Living Wall","floor":2,"gold_loss":0,"cards_upgraded":["alterego_mod:BiFurious"]},{"damage_healed":0,"gold_gain":0,"player_choice":"Rummage","damage_taken":0,"relics_obtained":["WarpedTongs"],"max_hp_gain":0,"max_hp_loss":0,"event_name":"Accursed Blacksmith","floor":4,"gold_loss":0,"cards_obtained":["Pain"]},{"damage_healed":0,"gold_gain":0,"player_choice":"Entered Light","damage_taken":15,"max_hp_gain":0,"max_hp_loss":0,"event_name":"Shining Light","floor":11,"gold_loss":0,"cards_upgraded":["alterego_mod:Defend","alterego_mod:Defend"]}],"is_beta":false,"boss_relics":[],"items_purged_floors":[],"is_endless":false,"potions_floor_spawned":[5,6,8],"killed_by":"Lagavulin","ascension_level":5}}