{"host":"5j53u3d72gsce0fe","time":1611925803,"event":{"mods":["2.2 Compatiblity","AchievementEnabler","Aspiration","BaseMod","Beaked The Cultist","Better Altar","Better Match","Better Note","Better Sensory Stone","Better Skull","Better Third Choice","Better Vampires","Block Reminder","CCEM2","Card Forge","Colored Map","Colored Powertips","Colorless Booster Pack","Conspire","Defuse TimeMaze Blight","Dio Mod","Dota2Spire","Downfall","Emptier Cage","Energized Spire","Friendly Minions","GifTheSpireLib","Hermit","HexUI Lib","Hubris","Humility","Infinite Spire","Marked Mod","Mimic Mod","Minty Spire (QoL Compilation)","Relic Filter","Reliquary","Replay The Spire","Retaliation","Shade Mod","Small Relic Pack","StSLib","Stuff the Spire","The Animator","The Bug Knight","Transform Curses","Unceasing Turn Reminder","???Mod??????Boss"],"gold_per_floor":[99,115,131,178,178,178,214,225,257,57,88,88,73,87,105,207,207,184,198,298,298,298,298,298,332,346,362,362,362,534,545,562,667,667,667,679,695,715,715,715,764,784,798,798,798,816,816,845,859,958,958,958,978,978,903,915,942,967,992,1002,1002,1035,1053,1065,613,630,731,731,731,751,764,864,884,894,926,959,977,977,827,860,874,323,340,447,497,497,512,530,530,581,181,209,239,239,259,294,349,349,375,389,494,494,494,514,209,227,502,502,535,548,548,563,578,611,130,142,153,252,252,252,102,112,112,132,146,179,194,221,239,258,274,307,307,321,424,424,424,424,424],"floor_reached":137,"language":"ENG","playtime":16754,"items_purged":[],"score":4172,"play_id":"1813073e-1e8a-4d03-9b35-df1e6c6b03b1","local_time":"20210129051003","is_ascension_mode":true,"campfire_choices":[{"floor":1,"key":"RECALL"},{"floor":10,"key":"REST"},{"floor":12,"key":"REST"},{"floor":23,"key":"REST"},{"floor":28,"key":"REST"},{"floor":35,"key":"DIG"},{"floor":47,"key":"REST"},{"floor":61,"key":"REST"},{"floor":69,"key":"DIG"},{"data":"bronze:DecaBeam","floor":86,"key":"SMITH"},{"floor":94,"key":"REST"},{"floor":103,"key":"REST"},{"floor":108,"key":"REST"},{"floor":111,"key":"REST"},{"floor":120,"key":"REST"},{"floor":137,"key":"REST"}],"circlet_count":0,"master_deck":["bronze:Replicate+1","bronze:Goto+1","bronze:BronzeOrb+1","bronze:Repair+1","bronze:Constructor+1","bronze:Separator+1","bronze:GetLatest+1","bronze:OilSpill+1","bronze:Repair+1","bronze:FineTuning+1","bronze:Mutator+1","StuffTheSpire:Rapture+1","bronze:Turbo+1","bronze:FineTuning+1","bronze:OilSpill+1","Turbo+1","infinitespire:FutureSight+1","bronze:Library+1","ReplayTheSpireMod:Chaos Vortex+1","bronze:DecaBeam+1","Juggernaut+1","StuffTheSpire:CelestialWarden+1","infinitespire:UltimateForm+1","infinitespire:Collect+1","bronze:FunctionCard","bronze:Repulsor+1","bronze:WhirlingStrike+1"],"relics":["bronze:PlatinumCore","Hammer of Thor","Seething Fire","Anvil of the Gods","Onion Ring","ReplayTheSpireMod:Ring of Addiction","Ring of Fury","White Beast Statue","hubris:EmptyBottle","bronze:BottledCode","CCEMRelics:TechnogenicHelmet","downfall:HeartBlessingRed","downfall:HeartBlessingGreen","Kunai","CCEMRelics:DarkMatter","downfall:HeartBlessingBlue","Toy Ornithopter","PrismaticShard","Lee\u0027s Waffle","aspiration:HummingbirdHeart","aspiration:WatcherSkillbook","StuffTheSpire:HistoryBook","CCEMRelics:JestersCrown","Dota2Spire:RefresherOrb","infinitespire:Cubic Diamond","StuffTheSpire:GrapeVine","PreservedInsect","Chemical X","reliquary:RedPaperclip","CCEMRelics:LatexGloves","infinitespire:Midas Blood","Dota2Spire:PhaseBoots","CCEMRelics:HistoryBook","Tiny House","hubris:Potato","CCEMRelics:Sandal","ClockworkSouvenir","hubris:ToyBattleship","reliquary:Knoch","FossilizedHelix","CCEMRelics:FryingPan","Garlic","Dota2Spire:Bloodstone","reliquary:RoseTintedGlasses","CCEMRelics:CarbonFilter"],"acts_visited":["Exordium","TheCity","TheBeyond","Exordium","TheCity","TheBeyond","Exordium","TheCity","TheBeyond"],"potions_floor_usage":[7,8,9,9,11,13,14,16,16,16,25,25,30,30,31,36,36,37,38,38,38,42,43,46,46,48,49,50,50,50,53,56,57,59,59,59,59,59,60,62,63,66,67,67,67,71,72,73,74,74,75,75,76,76,77,77,80,81,83,83,84,84,87,88,90,92,92,93,93,95,95,99,100,101,101,109,109,109,109,109,110,113,114,116,117,118,118,124,125,126,127,128,129,130,131,132,134,135,135],"damage_taken":[{"damage":8,"enemies":"Jaw Worm","floor":2,"turns":5},{"damage":0,"enemies":"2 Louse","floor":3,"turns":2},{"damage":10,"enemies":"conspire:MimicChest","floor":4,"turns":6},{"damage":0,"enemies":"Small Slimes","floor":7,"turns":3},{"damage":0,"enemies":"Small Slimes","floor":8,"turns":1},{"damage":20,"enemies":"Lagavulin","floor":9,"turns":4},{"damage":0,"enemies":"Gremlin Nob","floor":11,"turns":1},{"damage":0,"enemies":"downfall:FleeingMerchant","floor":13,"turns":4},{"damage":0,"enemies":"2 Fungi Beasts","floor":14,"turns":1},{"damage":0,"enemies":"Blue Slaver","floor":15,"turns":1},{"damage":0,"enemies":"WA_ARCHETYPE_RETAIN","floor":16,"turns":3},{"damage":0,"enemies":"Chosen","floor":19,"turns":2},{"damage":42,"enemies":"Nightmare","floor":25,"turns":5},{"damage":0,"enemies":"3 Byrds","floor":26,"turns":2},{"damage":0,"enemies":"Snake Plant","floor":27,"turns":2},{"damage":0,"enemies":"downfall:FleeingMerchant","floor":30,"turns":2},{"damage":0,"enemies":"Cultist and Chosen","floor":31,"turns":1},{"damage":0,"enemies":"3 Cultists","floor":32,"turns":2},{"damage":0,"enemies":"DF_ARCHETYPE_CLAW","floor":33,"turns":3},{"damage":0,"enemies":"3 Shapes","floor":36,"turns":1},{"damage":0,"enemies":"3 Darklings","floor":37,"turns":4},{"damage":0,"enemies":"Transient","floor":38,"turns":6},{"damage":9,"enemies":"Spire Growth","floor":42,"turns":3},{"damage":10,"enemies":"Sphere and 2 Shapes","floor":43,"turns":4},{"damage":18,"enemies":"3 Darklings","floor":46,"turns":6},{"damage":2,"enemies":"Giant Head","floor":48,"turns":5},{"damage":0,"enemies":"Writhing Mass","floor":49,"turns":2},{"damage":0,"enemies":"SI_POISON_ARCHETYPE","floor":50,"turns":5},{"damage":0,"enemies":"Cultist","floor":53,"turns":2},{"damage":0,"enemies":"Jaw Worm","floor":56,"turns":2},{"damage":0,"enemies":"Lagavulin","floor":57,"turns":2},{"damage":127,"enemies":"Nightmare","floor":59,"turns":6},{"damage":0,"enemies":"Small Slimes","floor":60,"turns":2},{"damage":0,"enemies":"Lagavulin","floor":62,"turns":3},{"damage":11,"enemies":"Exordium Wildlife","floor":63,"turns":2},{"damage":0,"enemies":"Blue Slaver","floor":64,"turns":2},{"damage":0,"enemies":"3 Louse","floor":66,"turns":2},{"damage":6,"enemies":"Fading Forest","floor":67,"turns":8},{"damage":0,"enemies":"Spheric Guardian","floor":70,"turns":2},{"damage":0,"enemies":"Chosen","floor":71,"turns":2},{"damage":1,"enemies":"Chosen","floor":72,"turns":2},{"damage":0,"enemies":"Snake Plant","floor":73,"turns":2},{"damage":2,"enemies":"Shelled Parasite and Fungi","floor":74,"turns":3},{"damage":0,"enemies":"Slavers","floor":75,"turns":3},{"damage":0,"enemies":"Gremlin Leader","floor":76,"turns":2},{"damage":0,"enemies":"3 Cultists","floor":77,"turns":3},{"damage":0,"enemies":"Slavers","floor":80,"turns":2},{"damage":0,"enemies":"Snecko","floor":81,"turns":3},{"damage":0,"enemies":"Cultist and Chosen","floor":83,"turns":2},{"damage":6,"enemies":"Champ","floor":84,"turns":4},{"damage":0,"enemies":"Orb Walker","floor":87,"turns":2},{"damage":0,"enemies":"3 Shapes","floor":88,"turns":3},{"damage":0,"enemies":"2 Orb Walkers","floor":90,"turns":3},{"damage":0,"enemies":"Giant Head","floor":92,"turns":4},{"damage":0,"enemies":"R_Hoarder","floor":93,"turns":3},{"damage":0,"enemies":"Maw","floor":95,"turns":4},{"damage":0,"enemies":"Nemesis","floor":96,"turns":5},{"damage":0,"enemies":"Giant Head","floor":99,"turns":3},{"damage":0,"enemies":"4 Shapes","floor":100,"turns":2},{"damage":0,"enemies":"Awakened One","floor":101,"turns":6},{"damage":0,"enemies":"2 Louse","floor":104,"turns":1},{"damage":0,"enemies":"Jaw Worm","floor":106,"turns":2},{"damage":0,"enemies":"Lagavulin","floor":109,"turns":2},{"damage":0,"enemies":"Cultist","floor":110,"turns":1},{"damage":0,"enemies":"Exordium Wildlife","floor":112,"turns":2},{"damage":0,"enemies":"Exordium Thugs","floor":113,"turns":2},{"damage":0,"enemies":"3 Sentries","floor":114,"turns":2},{"damage":0,"enemies":"Blue Slaver","floor":116,"turns":1},{"damage":0,"enemies":"2 Fungi Beasts","floor":117,"turns":2},{"damage":0,"enemies":"The Guardian","floor":118,"turns":3},{"damage":0,"enemies":"Shell Parasite","floor":122,"turns":1},{"damage":0,"enemies":"Snake Plant","floor":124,"turns":1},{"damage":0,"enemies":"3 Cultists","floor":125,"turns":3},{"damage":0,"enemies":"Gremlin Leader","floor":126,"turns":2},{"damage":0,"enemies":"Sentry and Sphere","floor":127,"turns":2},{"damage":0,"enemies":"Book of Stabbing","floor":128,"turns":2},{"damage":0,"enemies":"Snecko","floor":129,"turns":2},{"damage":0,"enemies":"Gremlin Leader","floor":130,"turns":2},{"damage":0,"enemies":"Chosen and Byrds","floor":131,"turns":2},{"damage":0,"enemies":"Book of Stabbing","floor":132,"turns":2},{"damage":0,"enemies":"3 Cultists","floor":134,"turns":2},{"damage":4,"enemies":"hubris:MusketHawk","floor":135,"turns":3}],"seed_played":"-3779488362585714191","potions_obtained":[{"floor":4,"key":"bronze:CleanCodePotion"},{"floor":5,"key":"Fire Potion"},{"floor":5,"key":"Dexterity Potion"},{"floor":8,"key":"AttackPotion"},{"floor":9,"key":"Energy Potion"},{"floor":14,"key":"EssenceOfSteel"},{"floor":16,"key":"SteroidPotion"},{"floor":19,"key":"Dota2Spire:HealingSalve"},{"floor":25,"key":"DDmod:CleansePotion"},{"floor":26,"key":"Languid Potion"},{"floor":27,"key":"champ:CounterPotion"},{"floor":30,"key":"Strength Potion"},{"floor":32,"key":"LifebloodPotion"},{"floor":33,"key":"bronze:BuildAFunctionPotion"},{"floor":36,"key":"SteroidPotion"},{"floor":42,"key":"hexamod:SoulburnPotion"},{"floor":43,"key":"Swift Potion"},{"floor":46,"key":"Dota2Spire:HealingSalve"},{"floor":48,"key":"DuplicationPotion"},{"floor":49,"key":"Explosive Potion"},{"floor":50,"key":"SteroidPotion"},{"floor":56,"key":"AttackPotion"},{"floor":57,"key":"Fruit Juice"},{"floor":59,"key":"Languid Potion"},{"floor":60,"key":"Explosive Potion"},{"floor":63,"key":"DDmod:CleansePotion"},{"floor":64,"key":"SkillPotion"},{"floor":66,"key":"Strength Potion"},{"floor":67,"key":"EntropicBrew"},{"floor":70,"key":"Energy Potion"},{"floor":72,"key":"DDmod:CleansePotion"},{"floor":73,"key":"Regen Potion"},{"floor":74,"key":"FearPotion"},{"floor":75,"key":"SteroidPotion"},{"floor":76,"key":"Languid Potion"},{"floor":77,"key":"champ:CounterPotion"},{"floor":80,"key":"Fruit Juice"},{"floor":81,"key":"bronze:BuildAFunctionPotion"},{"floor":83,"key":"bronze:FreeFunctionsPotion"},{"floor":84,"key":"Adrenaline Potion"},{"floor":87,"key":"Energy Potion"},{"floor":92,"key":"LifebloodPotion"},{"floor":93,"key":"Dexterity Potion"},{"floor":95,"key":"bronze:FreeFunctionsPotion"},{"floor":96,"key":"Weak Potion"},{"floor":101,"key":"Strength Potion"},{"floor":104,"key":"Adrenaline Potion"},{"floor":106,"key":"hexamod:SoulburnPotion"},{"floor":109,"key":"SmokeBomb"},{"floor":110,"key":"Adrenaline Potion"},{"floor":112,"key":"ColorlessPotion"},{"floor":116,"key":"LifebloodPotion"},{"floor":118,"key":"ColorlessPotion"},{"floor":124,"key":"Guardian:BlockOnCardUsePotion"},{"floor":125,"key":"Fire Potion"},{"floor":126,"key":"Adrenaline Potion"},{"floor":127,"key":"Swift Potion"},{"floor":128,"key":"SpeedPotion"},{"floor":129,"key":"Guardian:BlockOnCardUsePotion"},{"floor":132,"key":"Block Potion"},{"floor":134,"key":"Dota2Spire:HealingSalve"},{"floor":135,"key":"Toxic Potion"}],"is_trial":false,"path_per_floor":["R_BF","M","M","?","?","?","MIM","M","E","R","E","R","$","M","M","B",null,"R_BF","M","?","?","?","R","T","NM","M","M","R","?","$","M","M","B",null,"R_BF","M","M","M","?","AVR","T","M","M","?","?","M","R","E","M","B",null,"R_BF","M","?","?","M","E","T","NM","M","R","E","M","M","$","M","B",null,"R_BF","M","M","?","M","M","E","E","M","?","?","E","M","$","M","B",null,"R","M","M","?","?","$","E","E","R","M","E","?","AVR","E","M","B",null,"R","M","$","M","?","R","E","M","R","M","M","E","$","M","M","B",null,"R","$","M","?","M","M","E","M","E","M","E","M","E","?","M","B",null,"R"],"character_chosen":"THE_AUTOMATON","items_purchased":["Lee\u0027s Waffle","PreservedInsect","Lantern","Chemical X","infinitespire:Midas Blood","Dota2Spire:PhaseBoots","CCEMRelics:HistoryBook","CCEMRelics:Sandal","ClockworkSouvenir","FossilizedHelix","CCEMRelics:FryingPan","Garlic","reliquary:RoseTintedGlasses"],"campfire_rested":12,"item_purchase_floors":[30,65,65,65,82,82,82,91,91,105,115,115,121],"current_hp_per_floor":[63,55,55,55,55,55,65,65,54,74,74,74,74,74,74,74,74,84,84,82,82,82,80,80,38,58,78,80,70,85,85,85,85,85,83,83,83,83,83,83,83,81,81,81,81,63,81,79,81,81,81,81,81,81,81,81,81,81,7,12,39,56,62,62,62,67,85,91,91,91,89,89,89,89,89,89,89,89,99,99,99,99,99,109,114,114,114,114,114,114,114,114,114,114,114,114,69,69,91,112,112,112,112,112,110,110,110,108,108,108,108,108,108,108,108,108,108,108,108,108,108,106,106,106,106,106,106,106,106,106,106,106,106,106,106,106,106,106,106],"gold":424,"neow_bonus":"TWENTY_PERCENT_HP_BONUS","is_daily":false,"chose_seed":false,"campfire_upgraded":1,"win_rate":0.0,"timestamp":1611925803,"path_taken":["R_BF","M","M","?","?","?","MIM","M","E","R","E","R","?","?","M","BOSS","R_BF","M","?","?","?","R","T","NM","M","M","R","?","$","?","M","BOSS","R_BF","M","M","M","?","AVR","T","M","M","?","?","?","R","E","M","BOSS","R_BF","M","?","?","M","E","T","NM","M","R","E","M","M","$","M","BOSS","R_BF","M","M","?","M","M","E","E","M","?","?","E","?","$","M","BOSS","R","M","M","?","?","?","E","E","R","?","E","?","AVR","E","M","BOSS","R","M","$","M","?","R","E","M","R","M","M","E","$","M","M","BOSS","R","$","?","?","M","M","E","M","?","M","E","M","E","?","M","BOSS","R"],"items_purchased_type":["Relic","Relic","Relic","Relic","Relic","Relic","Relic","Relic","Relic","Relic","Relic","Relic","Relic"],"build_version":"2020-12-22","purchased_purges":0,"victory":false,"max_hp_per_floor":[84,84,84,84,84,74,74,74,74,74,74,74,74,74,74,74,74,84,84,82,82,82,80,80,80,80,80,80,78,85,85,85,85,85,83,83,83,83,83,83,83,81,81,81,81,81,81,81,81,81,81,81,81,81,81,81,81,81,91,91,91,91,91,91,91,91,91,91,91,91,89,89,89,89,89,89,89,89,99,99,99,99,99,109,114,114,114,114,114,114,114,114,114,114,114,114,114,114,112,112,112,112,112,112,110,110,110,108,108,108,108,108,108,108,108,108,108,108,108,108,108,106,106,106,106,106,106,106,106,106,106,106,106,106,106,106,106,106,106],"card_choices":[{"not_picked":["bronze:Frontload","bronze:Separator"],"picked":"bronze:BronzeOrb","floor":2},{"not_picked":["bronze:Optimize","bronze:Frontload"],"picked":"bronze:Repair","floor":3},{"not_picked":["bronze:Frontload","bronze:Return"],"picked":"bronze:Constructor","floor":4},{"not_picked":["bronze:WildBeam","bronze:Overheat"],"picked":"bronze:AlphaBuild","floor":7},{"not_picked":["bronze:ChildClass","bronze:WildBeam"],"picked":"bronze:OilSpill","floor":8},{"not_picked":["bronze:WildBeam","bronze:BronzeOrb"],"picked":"bronze:Separator","floor":9},{"not_picked":["bronze:Break","bronze:DarkDash"],"picked":"bronze:GetLatest","floor":11},{"not_picked":["bronze:Backtrace","bronze:WildBeam"],"picked":"bronze:OilSpill","floor":13},{"not_picked":["bronze:DelayedSlice","bronze:Flail"],"picked":"bronze:Repair","floor":14},{"not_picked":["bronze:ChildClass","bronze:WildBeam"],"picked":"bronze:FineTuning","floor":15},{"not_picked":["bronze:HyperBeam","bronze:Hardcode"],"picked":"bronze:Mutator","floor":16},{"not_picked":["bronze:BitShift","bronze:NullPointer","bronze:Invalidate"],"picked":"SKIP","floor":19},{"not_picked":["bronze:DelayedSlice","bronze:Frontload"],"picked":"bronze:Turbo","floor":25},{"not_picked":["bronze:Fortify+1","bronze:BugBarrage"],"picked":"bronze:Iterate+1","floor":26},{"not_picked":["bronze:RecursiveStrike","bronze:Shield"],"picked":"bronze:FineTuning","floor":27},{"not_picked":["bronze:MaxOutput","bronze:Shield"],"picked":"bronze:OilSpill","floor":29},{"not_picked":["Jack Of All Trades","sneckomod:Unknown1Cost"],"picked":"Turbo","floor":30},{"not_picked":["theextravagant:Foil","beaked:Replenish+1","ClearTheMind"],"picked":"SKIP","floor":31},{"not_picked":["theextravagant:Tension","DDmod:MulticlassingSkill","Flying Knee"],"picked":"SKIP","floor":32},{"not_picked":["Guardian:Gem_Red","sneckomod:Unknown0Cost","Shade:FuneraryArmor+1"],"picked":"SKIP","floor":36},{"not_picked":["Guardian:Gem_Red","sneckomod:Unknown0Cost","Shade:FuneraryArmor+1"],"picked":"SKIP","floor":36},{"not_picked":["beaked:Recite","theextravagant:Tension+1","Leap+1"],"picked":"SKIP","floor":37},{"not_picked":["sneckomod:SoulDraw+1","Guardian:RevengeProtocol","Acrobatics"],"picked":"SKIP","floor":38},{"not_picked":["hubris:Rewind","ReplayTheSpireMod:Echoes of Time"],"picked":"infinitespire:FutureSight","floor":39},{"not_picked":["StuffTheSpire:BrimstoneBlast","Slimebound:ViciousTackle+1","champ:PerfectedStrike","Guardian:VentSteam"],"picked":"SKIP","floor":42},{"not_picked":["champ:AdrenalArmor+1","Guardian:TimeCapacitor","Replay:AtTheReady+1","dioMod:Roundabout"],"picked":"SKIP","floor":43},{"not_picked":["beaked:Foresight","hexamod:EmpoweredFlame","theextravagant:Comeback+1","hermit:TakeCover"],"picked":"SKIP","floor":46},{"not_picked":["hexamod:RainOfEmbers","hermit:LuckOfTheDraw+1","Guardian:TemporalStrike","HollowMod:DoubleDash"],"picked":"SKIP","floor":48},{"not_picked":["sneckomod:UnknownClassTHE_UNNAMED","Slimebound:Replication+1","DDmod:SpikedSkill","sneckomod:WideSting"],"picked":"SKIP","floor":49},{"not_picked":["Mirror Shield","After Image","sneckomod:MorePower"],"picked":"bronze:Library","floor":50},{"not_picked":["ReplaySort","hermit:HoleUp","beaked:Overexert","Slimebound:SplitMire"],"picked":"SKIP","floor":53},{"not_picked":["Beam Cell","theextravagant:ShootingStar","Shade:ExtraLimbs","champ:FanOfKnives"],"picked":"SKIP","floor":56},{"not_picked":["Slimebound:RollThrough","ReplayTheSpireMod:Wings of Steel","HollowMod:TaintedHusks","Bludgeon"],"picked":"SKIP","floor":57},{"not_picked":["infinitespire:SealOfDarkness+","infinitespire:TheBestDefense"],"picked":"ReplayTheSpireMod:Chaos Vortex","floor":59},{"not_picked":["ReplayTheSpireMod:GoodbyeWorld","dioMod:Hiss","Dagger Throw","Clash"],"picked":"SKIP","floor":59},{"not_picked":["Genetic Algorithm","Hidden Blade","Slimebound:PressTheAttack","HollowMod:SoulStrike"],"picked":"SKIP","floor":60},{"not_picked":["animator:Caster","ReplayTheSpireMod:Shiv Toss","Iron Wave","MarkedMod:FirstStrike"],"picked":"SKIP","floor":62},{"not_picked":["champ:FanOfKnives","hexamod:GhostShield","champ:RecklessLeap","champ:VampiricStrike"],"picked":"SKIP","floor":63},{"not_picked":["animator:Kuribayashi","Slimebound:SlimeBarrage","beaked:Redirect","Predator"],"picked":"SKIP","floor":64},{"not_picked":["sneckomod:UnknownClassSHADE_COLOR","animator:DolaRiku","theextravagant:ShootingStar","HollowMod:FallenFury"],"picked":"SKIP","floor":66},{"not_picked":["HollowMod:HeavyBlow","dioMod:VengefulMuda","theextravagant:Ambush+1","hermit:BodyArmor+1"],"picked":"SKIP","floor":70},{"not_picked":["champ:Encircle","champ:PerfectedStrike","Slimebound:GrowthPunch","HollowMod:CoiledNail"],"picked":"SKIP","floor":71},{"not_picked":[],"picked":"bronze:DecaBeam","floor":72},{"not_picked":["hermit:CalledShot","StuffTheSpire:RockThrow","animator:IchigoKurosaki","animator:Kazuma"],"picked":"SKIP","floor":73},{"not_picked":["bronze:Backtrace","Sword Boomerang","Sweeping Beam+1","hexamod:HexaLevel"],"picked":"SKIP","floor":74},{"not_picked":["dioMod:VengefulMuda","Guardian:PrismaticBeam","Guardian:Incinerate+1","Shade:BoneShards"],"picked":"SKIP","floor":75},{"not_picked":["bronze:BugBarrage+1","dioMod:Pluck","Devotion","hexamod:InspiringFlames"],"picked":"SKIP","floor":76},{"not_picked":["Guardian:ShieldCharger","CutThroughFate","Coolheaded","hermit:CalledShot"],"picked":"SKIP","floor":77},{"not_picked":["sneckomod:UnknownClassBEAKED_YELLOW","hermit:DeadMansHand","Shade:FuneraryArmor+1"],"picked":"Juggernaut","floor":80},{"not_picked":["animator:Shalltear+1","hexamod:SwordOfDarkness+1","animator:Kaijin","DDmod:SpikedSkill+1"],"picked":"SKIP","floor":81},{"not_picked":["Go for the Eyes","bronze:Safeguard+1","Sucker Punch","theextravagant:SharpTalons"],"picked":"SKIP","floor":83},{"not_picked":["animator:Priestess","Rip and Tear+1","Shade:WallOfFlesh+1","DDmod:PokeAttack+1"],"picked":"SKIP","floor":87},{"not_picked":["animator:SakuraMatou","HollowMod:GrimmsGift","champ:RageSigil+1","bronze:Backtrace"],"picked":"SKIP","floor":88},{"not_picked":["StuffTheSpire:Ambrosia","StuffTheSpire:BrainWave"],"picked":"StuffTheSpire:CelestialWarden","floor":89},{"not_picked":["Guardian:GuardianWhirl","sneckomod:UnknownClassBLUE","Evaluate+1","ReplayTheSpireMod:Omega Cannon"],"picked":"SKIP","floor":92},{"not_picked":["animator:LeleiLaLalena","animator:Tyuule+1","animator:MisaKurobane+1","hexamod:RetreatToShadows"],"picked":"SKIP","floor":93},{"not_picked":["beaked:FeelMyPain","Slimebound:LeechingTouch","Shade:AuraOfUnlife","animator:NarberalGamma+1"],"picked":"SKIP","floor":95},{"not_picked":["animator:Viivi","animator:DolaRiku","sneckomod:UnknownClassTHE_UNNAMED","beaked:Cower+1"],"picked":"SKIP","floor":96},{"not_picked":["animator:Viivi","animator:DolaRiku","sneckomod:UnknownClassTHE_UNNAMED","beaked:Cower+1"],"picked":"SKIP","floor":96},{"not_picked":["Slimebound:ForwardTackle","conspire:PoisonWeapons+1","beaked:Pecker+1","Slimebound:Dissolve"],"picked":"SKIP","floor":99},{"not_picked":["HollowMod:BrokenVessel","HollowMod:AbyssShriek+1","bronze:GetLatest","animator:ElricEdward+1"],"picked":"SKIP","floor":100},{"not_picked":["theextravagant:Erase","Guardian:GemFire","Burst"],"picked":"bronze:Hardcode","floor":101},{"not_picked":["dioMod:CautiousMuda","hermit:Cheat","Rampage","sneckomod:UnknownExhaust"],"picked":"SKIP","floor":104},{"not_picked":["bronze:Invalidate","animator:ZankiKiguchi","DDmod:EasePowerCard","animator:Raven"],"picked":"SKIP","floor":106},{"not_picked":["hexamod:ShieldOfDarkness","sneckomod:QuickBite","StuffTheSpire:LoadUp"],"picked":"bronze:Repulsor","floor":109},{"not_picked":["hermit:HighCaliber","HollowMod:HowlingWraiths","beaked:Devastation","Sucker Punch"],"picked":"SKIP","floor":110},{"not_picked":["hermit:HighCaliber","HollowMod:HowlingWraiths","beaked:Devastation","Sucker Punch"],"picked":"SKIP","floor":110},{"not_picked":["Slice","animator:Kazuma","Shade:FreshBones","hexamod:Haunt"],"picked":"SKIP","floor":112},{"not_picked":["BowlingBash","beaked:HuntressSpirit","HollowMod:ShadowDash","animator:Saber"],"picked":"SKIP","floor":113},{"not_picked":["Dodge and Roll","sneckomod:UnknownClassBEAKED_YELLOW","dioMod:BloodSplash","animator:Tatsumaki"],"picked":"SKIP","floor":114},{"not_picked":["Hemokinesis","Shade:FuneraryJewels","Shade:Bonestorm","champ:IronFortress"],"picked":"SKIP","floor":116},{"not_picked":["animator:MisakiNakahara","Slimebound:SplitBruiser","Perseverance","MarkedMod:PinPointDefense"],"picked":"SKIP","floor":117},{"not_picked":["beaked:Negation","Slimebound:RejuvenatingLick+1","animator:DolaRiku","beaked:MimicMachine+1"],"picked":"SKIP","floor":122},{"not_picked":["beaked:VigorBurst","StuffTheSpire:Repulse","hexamod:GhostOfSpireFuture+1","sneckomod:UnendingSupply"],"picked":"SKIP","floor":124},{"not_picked":["Deep Breath","Slimebound:SamplingLick","theextravagant:Tension","Shade:AuraOfUnlife"],"picked":"SKIP","floor":125},{"not_picked":["champ:IgnorePain","Shade:ExtraLimbs","hermit:TakeCover","Guardian:Planning"],"picked":"SKIP","floor":126},{"not_picked":["hexamod:SecondSeal","Prepared","PiercingWail+1","champ:EnGarde+1"],"picked":"SKIP","floor":127},{"not_picked":["dioMod:ComposedMuda","theextravagant:SpontaneousStrike","beaked:Hexing","bronze:Assembly"],"picked":"SKIP","floor":128},{"not_picked":["StuffTheSpire:Slingshot+1","Guardian:TemporalStrike","beaked:Insight","champ:ShieldSigil"],"picked":"SKIP","floor":129},{"not_picked":["HollowMod:SharpenedNail","animator:Demiurge","Replay:Bootleg Shield Generator","HollowMod:PaleKingsBlessing"],"picked":"SKIP","floor":130},{"not_picked":["animator:Vanir+1","animator:Benimaru","Slimebound:GoopSpray","sneckomod:QuickMove"],"picked":"SKIP","floor":131},{"not_picked":["animator:Vanir+1","animator:Benimaru","Slimebound:GoopSpray","sneckomod:QuickMove"],"picked":"SKIP","floor":131},{"not_picked":["Metallicize","HollowMod:HowlingWraiths+1","hexamod:SuperheatedStrike+1"],"picked":"bronze:WhirlingStrike","floor":132},{"not_picked":["Guardian:SpikerProtocol","Slimebound:Grow","theextravagant:Dazzle","Crescendo"],"picked":"SKIP","floor":134}],"player_experience":1321731,"relics_obtained":[{"floor":4,"key":"Onion Ring"},{"floor":5,"key":"ReplayTheSpireMod:Ring of Addiction"},{"floor":5,"key":"Ring of Fury"},{"floor":5,"key":"White Beast Statue"},{"floor":5,"key":"hubris:EmptyBottle"},{"floor":9,"key":"CCEMRelics:TechnogenicHelmet"},{"floor":11,"key":"Kunai"},{"floor":24,"key":"Toy Ornithopter"},{"floor":25,"key":"Nunchaku"},{"floor":29,"key":"PrismaticShard"},{"floor":35,"key":"aspiration:HummingbirdHeart"},{"floor":41,"key":"CCEMRelics:JestersCrown"},{"floor":48,"key":"Dream Catcher"},{"floor":58,"key":"StuffTheSpire:GrapeVine"},{"floor":69,"key":"CCEMRelics:LatexGloves"},{"floor":90,"key":"hubris:Potato"},{"floor":97,"key":"hubris:ToyBattleship"}],"event_choices":[{"damage_healed":0,"gold_gain":0,"player_choice":"Ignored","damage_taken":0,"max_hp_gain":0,"max_hp_loss":0,"event_name":"Ghosts","floor":21,"gold_loss":0},{"damage_healed":0,"gold_gain":0,"player_choice":"Leave","damage_taken":0,"max_hp_gain":0,"max_hp_loss":0,"event_name":"conspire:Investor","floor":44,"gold_loss":0},{"damage_healed":0,"gold_gain":0,"player_choice":"3","damage_taken":0,"max_hp_gain":0,"max_hp_loss":0,"event_name":"betterMatch:BetterMatch","floor":55,"gold_loss":0,"cards_obtained":[]},{"damage_healed":0,"gold_gain":0,"player_choice":"3","damage_taken":0,"max_hp_gain":0,"max_hp_loss":0,"event_name":"betterMatch:BetterMatch","floor":78,"gold_loss":0,"cards_obtained":[]},{"damage_healed":0,"gold_gain":0,"player_choice":"Fight","damage_taken":0,"max_hp_gain":0,"max_hp_loss":0,"event_name":"Mysterious Sphere","floor":90,"gold_loss":0}],"is_beta":false,"boss_relics":[{"not_picked":["relicPack:StarArrow","Replay:Wanted Poster"],"picked":"CCEMRelics:DarkMatter"},{"not_picked":["beaked:MawFillet","energizedSpire:HugeHouse","hubris:VirtuousBlindfold"]},{"not_picked":["Velvet Choker","CCEMRelics:TransientCore"],"picked":"Dota2Spire:RefresherOrb"},{"not_picked":["Pandora\u0027s Box","Velvet Choker"],"picked":"reliquary:RedPaperclip"},{"not_picked":["Snecko Eye","energizedSpire:EnergizedDie"],"picked":"Tiny House"},{"not_picked":["aspiration:PoetsPen_weak","Replay:Wanted Poster"],"picked":"bronze:PlatinumCore"},{"not_picked":["reliquary:WritOfMandamus","CCEMRelics:DefectiveTurbocharger"],"picked":"Dota2Spire:Bloodstone"},{"not_picked":["Pandora\u0027s Box","energizedSpire:StickyHand","conspire:RoyalGoblet"]}],"items_purged_floors":[],"is_endless":true,"potions_floor_spawned":[4,7,8,9,11,13,14,15,16,19,25,26,27,30,31,32,33,36,37,38,42,43,46,48,49,50,53,56,57,59,60,62,63,64,66,67,70,71,72,73,74,75,76,77,80,81,83,84,87,88,90,92,93,95,96,99,100,101,104,106,109,110,112,113,114,116,117,118,122,124,125,126,127,128,129,130,131,132,134,135],"ascension_level":2,"is_humility":true}}