{"host":"juoup3p5tvzzktl5","time":1611881754,"event":{"mods":["ATMod(∞¢Ë™Mod)","Aspiration","BaseMod","Better Vampires","BetterRewards","Colored Map","Colored Powertips","Friendly Minions","GifTheSpireLib","Hermit","Hubris","Infinite Spire","KinomotoSakuraMod(ƒæ÷Æ±æ”£)","Koishi","KomeijiMod","Marisa£®ÏF”Í°°ƒß¿Ì…≥£©","Minty Spire (QoL Compilation)","Quick Restart","Reimu£®≤©¿ˆ¡È√Œ£©","Relic Filter Mod","Reliquary","Replay The Spire","Shop Mod","StSLib","The Administrix","The Alterego","The Bug Knight","The Construct","The Cursed","The Jungle","The Mystic","The Runesmith","The Senshi","Youmu£®ªÍ∆«—˝√Œ£©","Yuyuko"],"gold_per_floor":[110,10,23,40,40,40,66,66,66,66,66],"floor_reached":10,"language":"ZHS","playtime":776,"items_purged":["Defend_R","Strike_R","Strike_R"],"score":132,"play_id":"0bad2d2f-0928-4d13-8385-d733a7eaadd7","local_time":"20210129095554","is_ascension_mode":true,"campfire_choices":[{"data":"Blood for Blood","floor":6,"key":"SMITH"}],"circlet_count":0,"master_deck":["AscendersBane","Strike_R","Strike_R","Strike_R","Defend_R","Defend_R","Defend_R","Bash","AT_ManFootWork+1","Rupture","Blood for Blood+1","Massacre","Clash"],"relics":["Burning Blood","AT_ATBox","Red Skull","aspiration:DSix","MerchantsRug","infinitespire:EmpoweringShard","infinitespire:Cupcake","Brimstone"],"acts_visited":["Exordium"],"potions_floor_usage":[],"damage_taken":[{"damage":1.0,"enemies":"2 Louse","floor":1.0,"turns":2.0},{"damage":16,"enemies":"Cultist","floor":3,"turns":5},{"damage":7,"enemies":"Small Slimes","floor":4,"turns":4},{"damage":31,"enemies":"HollowMod:MossKnight","floor":7,"turns":6},{"damage":24,"enemies":"Nightmare","floor":10,"turns":2}],"seed_played":"-4884573049586119088","potions_obtained":[{"floor":3,"key":"SpeedPotion"}],"is_trial":false,"path_per_floor":["M","$","M","M","?","R","E","AVR","T","NM"],"character_chosen":"IRONCLAD","items_purchased":["Red Skull","Rupture","MerchantsRug","Blood for Blood"],"campfire_rested":0,"item_purchase_floors":[0,0,0,0],"current_hp_per_floor":[57,57,47,46,46,46,21,21,21,0,0],"gold":66,"neow_bonus":"","is_daily":false,"chose_seed":false,"campfire_upgraded":1,"win_rate":0.0,"timestamp":1611881754,"path_taken":["M","$","M","M","?","R","E","AVR","T","NM"],"items_purchased_type":["Relic","Card","Relic","Card"],"build_version":"2020-12-22","purchased_purges":3,"victory":false,"max_hp_per_floor":[75,75,75,75,75,75,75,75,75,75,75],"card_choices":[{"not_picked":["Headbutt","Whirlwind"],"picked":"Massacre","floor":1.0},{"not_picked":["Perfected Strike","ReplayTheSpireMod:Strike From Hell","ReplayTheSpireMod:Corrosion Curse"],"picked":"SKIP","floor":3},{"not_picked":["Sword Boomerang","Corruption"],"picked":"Clash","floor":4},{"not_picked":["hubris:ReadiedAction","AT_BodySlamDance","Ghostly Armor"],"picked":"SKIP","floor":7}],"player_experience":1078658,"relics_obtained":[{"floor":7,"key":"infinitespire:EmpoweringShard"}],"event_choices":[],"is_beta":false,"boss_relics":[],"items_purged_floors":[0,2,8],"is_endless":false,"potions_floor_spawned":[3],"killed_by":"Nightmare","ascension_level":20}}