{"host":"2se5dq1do2gp0x9k","time":1611892803,"event":{"mods":["AchievementEnabler","BaseMod","Block Reminder","Colored Map","Colored Powertips","Minty Spire (QoL Compilation)","Relic Stats","StSLib","SuperFastMode"],"gold_per_floor":[115,133,74,94,106,106,141,141,196,207,217,233,233,263,263,335,335,345,377,264,464,484,484,515,515,515,543,468,305,317,53,53,53,53],"floor_reached":33,"language":"ENG","playtime":1904,"items_purged":["Barrage"],"score":590,"play_id":"b0c2aa27-47e8-4289-801b-c5904f90bcf0","local_time":"20210128200003","is_ascension_mode":true,"campfire_choices":[{"data":"Lockon","floor":6.0,"key":"SMITH"},{"data":"Zap","floor":8.0,"key":"SMITH"},{"data":"Ball Lightning","floor":13.0,"key":"SMITH"},{"floor":15.0,"key":"REST"},{"data":"Rainbow","floor":23.0,"key":"SMITH"},{"floor":25,"key":"REST"},{"floor":32,"key":"REST"}],"circlet_count":0,"master_deck":["AscendersBane","Zap+1","Dualcast","Chill","Lockon+1","Cold Snap","Compile Driver","Genetic Algorithm","Ball Lightning+1","Compile Driver","Conserve Battery","Coolheaded","Rainbow+1","Reboot","Glacier","Double Energy","Turbo","Coolheaded","Creative AI","Heatsinks","Recycle","Sunder","Self Repair","Force Field","Rainbow+1","Chaos+1","White Noise+1","Metamorphosis+1","Conserve Battery+1"],"relics":["Cracked Core","NeowsBlessing","HornCleat","Bronze Scales","Bag of Preparation","Pandora\u0027s Box","Red Mask","Tiny Chest","Toxic Egg 2","Frozen Egg 2"],"acts_visited":["Exordium","TheCity"],"potions_floor_usage":[24,27],"damage_taken":[{"damage":0.0,"enemies":"Jaw Worm","floor":1.0,"turns":1.0},{"damage":0.0,"enemies":"Small Slimes","floor":2.0,"turns":1.0},{"damage":0.0,"enemies":"Cultist","floor":4.0,"turns":1.0},{"damage":9.0,"enemies":"Looter","floor":5.0,"turns":3.0},{"damage":17.0,"enemies":"Lagavulin","floor":7.0,"turns":6.0},{"damage":0.0,"enemies":"Exordium Wildlife","floor":10.0,"turns":3.0},{"damage":0.0,"enemies":"2 Fungi Beasts","floor":11.0,"turns":3.0},{"damage":0.0,"enemies":"3 Louse","floor":12.0,"turns":3.0},{"damage":21.0,"enemies":"Gremlin Nob","floor":14.0,"turns":4.0},{"damage":4.0,"enemies":"Slime Boss","floor":16.0,"turns":8.0},{"damage":0.0,"enemies":"2 Thieves","floor":18.0,"turns":4.0},{"damage":14.0,"enemies":"Masked Bandits","floor":19.0,"turns":5.0},{"damage":0.0,"enemies":"Spheric Guardian","floor":22.0,"turns":4.0},{"damage":37,"enemies":"Slavers","floor":24,"turns":8},{"damage":25,"enemies":"Book of Stabbing","floor":27,"turns":6},{"damage":14,"enemies":"Centurion and Healer","floor":30,"turns":9},{"damage":42,"enemies":"Automaton","floor":33,"turns":6}],"seed_played":"-3990263772288046403","potions_obtained":[{"floor":1.0,"key":"Weak Potion"},{"floor":5.0,"key":"DistilledChaos"},{"floor":12.0,"key":"SteroidPotion"},{"floor":14.0,"key":"PotionOfCapacity"},{"floor":18.0,"key":"AttackPotion"},{"floor":24,"key":"Energy Potion"}],"is_trial":false,"path_per_floor":["M","M","$","M","M","R","E","R","T","M","M","M","R","E","R","B",null,"M","?","$","?","M","R","E","R","T","E","?","$","M","$","R","B"],"character_chosen":"DEFECT","items_purchased":["Cold Snap","Sunder","Self Repair","Chaos+1","Metamorphosis+1","Conserve Battery+1"],"campfire_rested":3,"item_purchase_floors":[3,20,20,29,31,31],"current_hp_per_floor":[64,64,64,64,55,55,38,38,38,38,38,38,38,17,38,34,62,62,48,48,48,55,55,25,46,46,28,28,28,21,21,42,0,0],"gold":53,"neow_bonus":"THREE_ENEMY_KILL","is_daily":false,"chose_seed":false,"campfire_upgraded":4,"win_rate":0.0,"timestamp":1611892803,"path_taken":["M","M","$","M","M","R","E","R","T","M","M","M","R","E","R","BOSS","M","?","$","?","?","R","E","R","T","E","?","$","M","?","R","BOSS"],"items_purchased_type":["Card","Card","Card","Card","Card","Card"],"build_version":"2020-12-22","purchased_purges":1,"victory":false,"max_hp_per_floor":[71,71,71,71,71,71,71,71,71,71,71,71,71,71,71,71,71,71,71,71,71,71,71,71,71,71,71,71,71,71,71,71,71,71],"relic_stats":{"counters":[17,75],"Bronze Scales":[166],"Pandora\u0027s Box":["Reboot","Redo","Glacier","Double Energy","Turbo","Coolheaded","Barrage","Creative AI"],"Tiny Chest":0,"Bag of Preparation":[16],"obtain_stats":[{"HornCleat":7,"NeowsBlessing":0,"Bronze Scales":9,"Pandora\u0027s Box":17,"Tiny Chest":24,"Bag of Preparation":14,"Red Mask":19,"Toxic Egg 2":26,"Frozen Egg 2":27,"Cracked Core":0},{"HornCleat":5,"NeowsBlessing":0,"Bronze Scales":5,"Pandora\u0027s Box":10,"Tiny Chest":14,"Bag of Preparation":9,"Red Mask":12,"Toxic Egg 2":14,"Frozen Egg 2":15,"Cracked Core":0},{"HornCleat":12,"NeowsBlessing":0,"Bronze Scales":12,"Pandora\u0027s Box":33,"Tiny Chest":54,"Bag of Preparation":25,"Red Mask":42,"Toxic Egg 2":54,"Frozen Egg 2":60,"Cracked Core":0}]},"card_choices":[{"not_picked":["White Noise","Auto Shields"],"picked":"Chill","floor":1.0},{"not_picked":["Stack","Leap"],"picked":"Lockon","floor":2.0},{"not_picked":["Leap","Rebound"],"picked":"Compile Driver","floor":4.0},{"not_picked":["Turbo","Auto Shields","Rebound"],"picked":"SKIP","floor":5.0},{"not_picked":["Streamline","Undo"],"picked":"Genetic Algorithm","floor":7.0},{"not_picked":["Fusion","Leap"],"picked":"Ball Lightning","floor":10.0},{"not_picked":["Rebound","Tempest"],"picked":"Compile Driver","floor":11.0},{"not_picked":["Gash","Steam"],"picked":"Conserve Battery","floor":12.0},{"not_picked":["BootSequence","Self Repair"],"picked":"Coolheaded","floor":14.0},{"not_picked":["Reboot","Creative AI"],"picked":"Rainbow","floor":16.0},{"not_picked":["Static Discharge","Barrage"],"picked":"Heatsinks","floor":18.0},{"not_picked":["Sweeping Beam","BootSequence"],"picked":"Recycle","floor":19.0},{"not_picked":["Beam Cell","Redo","Steam"],"picked":"SKIP","floor":22.0},{"not_picked":["Chill","Fission"],"picked":"Force Field","floor":24},{"not_picked":["Barrage","Double Energy+1"],"picked":"Rainbow+1","floor":27},{"not_picked":["Beam Cell","Static Discharge+1"],"picked":"White Noise+1","floor":30}],"player_experience":3964098,"relics_obtained":[{"floor":7.0,"key":"HornCleat"},{"floor":9.0,"key":"Bronze Scales"},{"floor":14.0,"key":"Bag of Preparation"},{"floor":19.0,"key":"Red Mask"},{"floor":24,"key":"Tiny Chest"},{"floor":26,"key":"Toxic Egg 2"},{"floor":27,"key":"Frozen Egg 2"}],"event_choices":[{"damage_healed":0.0,"max_hp_gain":0.0,"max_hp_loss":0.0,"gold_gain":0.0,"event_name":"Masked Bandits","player_choice":"Fought Bandits","floor":19.0,"gold_loss":0.0,"damage_taken":0.0},{"damage_healed":0.0,"max_hp_gain":0.0,"max_hp_loss":0.0,"gold_gain":250.0,"event_name":"The Joust","player_choice":"Bet on Owner","floor":21.0,"gold_loss":50.0,"damage_taken":0.0},{"cards_removed":["Redo"],"damage_healed":0,"gold_gain":0,"player_choice":"Gave Gold","damage_taken":0,"max_hp_gain":0,"max_hp_loss":0,"event_name":"Beggar","floor":28,"gold_loss":75}],"is_beta":false,"boss_relics":[{"not_picked":["Coffee Dripper","SacredBark"],"picked":"Pandora\u0027s Box"}],"items_purged_floors":[29],"is_endless":false,"potions_floor_spawned":[1,5,12,14,18,22,24],"killed_by":"Automaton","ascension_level":20}}