{"host":"hjqq38hu34hu2seo","time":1611897642,"event":{"mods":["AchievementEnabler","BaseMod","Better Third Choice","BetterRewards","Card Forge","Colored Map","Colored Powertips","DeckTracker","Highlight Path","Infinite Spire","Marisa????????","Minty Spire (QoL Compilation)","Quick Restart","StSLib","SuperFastMode","The Servant 0.9.4"],"gold_per_floor":[119,119,139,149,168,194,43,80,104,104,127,127,127,150,150,256,256,274,274,300,318,89,119,128,157,157,171,171,190,190,207,207,304,304,320,28,48,57,74,102,102,113,113,113,113,113,113,130,130,130,130],"floor_reached":50,"language":"ENG","playtime":1695,"items_purged":["LuminesStrike+1"],"score":529,"play_id":"77834e25-a2e4-4d46-b798-7adb82ba9765","local_time":"20210129162042","is_ascension_mode":false,"campfire_choices":[{"floor":10.0,"key":"REST"},{"floor":13.0,"key":"RECALL"},{"floor":15.0,"key":"REST"},{"data":"infinitespire:Starlight","floor":28.0,"key":"SMITH"},{"data":"ManaRampage","floor":32.0,"key":"SMITH"},{"floor":41,"key":"REST"},{"data":"EarthLightRay","floor":46,"key":"SMITH"},{"floor":49,"key":"REST"}],"circlet_count":0,"master_deck":["Strike_MRS+1","Strike_MRS+1","Strike_MRS+1","Strike_MRS+1","Defend_MRS+1","Defend_MRS+1","Defend_MRS+1","Defend_MRS+1","MasterSpark+1","UpSweep+1","IllusionStar+1","DoubleSpark+1","DC+1","GalacticHalo+1","WitchLeyline+1","AsteroidBelt+1","PowerUp+1","ManaRampage+1","EarthLightRay+1","Dramatic Entrance","infinitespire:Starlight+1","Occultation+1"],"relics":["MiniHakkero","Hammer of Thor","Seething Fire","Anvil of the Gods","NeowsBlessing","Vajra","MealTicket","CeramicFish","Art of War","SlaversCollar","Anchor","Chemical X","Blood Vial","SacredBark","MagicBroom","infinitespire:WardingShard","FaceOfCleric","Busted Crown","Calipers","SproutingBranch","infinitespire:Golems Mask"],"acts_visited":["Exordium","TheCity","TheBeyond"],"potions_floor_usage":[39,42,50,50,50],"damage_taken":[{"damage":0.0,"enemies":"2 Louse","floor":1.0,"turns":1.0},{"damage":0.0,"enemies":"Cultist","floor":3.0,"turns":1.0},{"damage":0.0,"enemies":"Small Slimes","floor":4.0,"turns":1.0},{"damage":4.0,"enemies":"2 Fungi Beasts","floor":5.0,"turns":2.0},{"damage":14.0,"enemies":"Lagavulin","floor":6.0,"turns":4.0},{"damage":9.0,"enemies":"3 Sentries","floor":8.0,"turns":4.0},{"damage":0.0,"enemies":"Large Slime","floor":11.0,"turns":3.0},{"damage":0.0,"enemies":"Red Slaver","floor":14.0,"turns":1.0},{"damage":28.0,"enemies":"Slime Boss","floor":16.0,"turns":7.0},{"damage":12.0,"enemies":"Chosen","floor":18.0,"turns":2.0},{"damage":0.0,"enemies":"Spheric Guardian","floor":20.0,"turns":1.0},{"damage":25.0,"enemies":"Book of Stabbing","floor":23.0,"turns":4.0},{"damage":0.0,"enemies":"Cultist and Chosen","floor":25.0,"turns":3.0},{"damage":0.0,"enemies":"Sentry and Sphere","floor":27.0,"turns":3.0},{"damage":2.0,"enemies":"Snake Plant","floor":29.0,"turns":2.0},{"damage":7.0,"enemies":"3 Cultists","floor":31.0,"turns":4.0},{"damage":36.0,"enemies":"Champ","floor":33.0,"turns":7.0},{"damage":12.0,"enemies":"Orb Walker","floor":35.0,"turns":3.0},{"damage":0.0,"enemies":"3 Shapes","floor":37.0,"turns":3.0},{"damage":19,"enemies":"3 Darklings","floor":39,"turns":3},{"damage":0,"enemies":"Reptomancer","floor":40,"turns":1},{"damage":6,"enemies":"Transient","floor":42,"turns":5},{"damage":27,"enemies":"Writhing Mass","floor":48,"turns":3},{"damage":125,"enemies":"infinitespire:MassOfShapes","floor":50,"turns":10}],"seed_played":"-7496232486818787785","potions_obtained":[{"floor":3.0,"key":"Regen Potion"},{"floor":5.0,"key":"BottledSpark"},{"floor":8.0,"key":"Swift Potion"},{"floor":14.0,"key":"SteroidPotion"},{"floor":18.0,"key":"ShroomBrew"},{"floor":27.0,"key":"SkillPotion"},{"floor":33.0,"key":"Energy Potion"},{"floor":39,"key":"AttackPotion"},{"floor":40,"key":"GamblersBrew"},{"floor":48,"key":"Strength Potion"}],"is_trial":false,"path_per_floor":["M","?","M","M","M","E","$","E","T","R","M","?","R","M","R","B",null,"M","?","M","?","$","E","AVR","M","T","M","R","M","?","M","R","B",null,"M","$","M","?","M","E","R","M","T","$","?","R","$","M","R","B"],"character_chosen":"MARISA","items_purchased":["MealTicket","Chemical X","Calipers"],"campfire_rested":4,"item_purchase_floors":[7,22,36],"current_hp_per_floor":[75,75,75,75,71,57,57,48,48,70,70,75,75,75,80,52,80,68,68,68,68,80,59,59,65,65,80,80,80,80,78,78,48,82,71,83,84,63,70,73,86,87,87,87,87,87,87,61,87,0,0],"gold":130,"neow_bonus":"THREE_ENEMY_KILL","is_daily":false,"chose_seed":false,"campfire_upgraded":3,"win_rate":0.0,"timestamp":1611897642,"path_taken":["M","?","?","M","M","E","$","E","T","R","M","?","R","M","R","BOSS","M","?","M","?","$","E","AVR","M","T","?","R","M","?","M","R","BOSS","M","?","M","?","M","E","R","M","T","$","?","R","?","?","R","BOSS"],"items_purchased_type":["Relic","Relic","Relic"],"build_version":"2020-12-22","purchased_purges":1,"victory":false,"max_hp_per_floor":[75,75,75,75,75,75,75,75,75,75,75,80,80,80,80,80,80,80,80,80,80,80,80,80,80,80,80,80,80,80,81,81,82,82,83,83,84,84,85,86,86,87,87,87,87,87,87,88,88,88,88],"card_choices":[{"not_picked":["PowerUp","StarlightTyphoon"],"picked":"IllusionStar","floor":1.0},{"not_picked":["ChargingUp","WitchLeyline"],"picked":"DoubleSpark","floor":3.0},{"not_picked":["StarlightTyphoon","AsteroidBelt"],"picked":"DC","floor":4.0},{"not_picked":["GasGiant","DoubleSpark"],"picked":"GalacticHalo","floor":5.0},{"not_picked":["GalacticHalo","DoubleSpark"],"picked":"WitchLeyline","floor":6.0},{"not_picked":["DarkMatter","IllusionStar"],"picked":"LuminesStrike","floor":8.0},{"not_picked":["GrandCross","EarthLightRay"],"picked":"AsteroidBelt","floor":11.0},{"not_picked":["ChargeUpSpray","IllusionStar"],"picked":"PowerUp","floor":14.0},{"not_picked":["EscapeVelocity","CollectingQuirk"],"picked":"ManaRampage","floor":16.0},{"not_picked":["AsteroidBelt","Robbery+1","ChargeUpSpray"],"picked":"SKIP","floor":18.0},{"not_picked":["OpenUniverse+1","GrandCross"],"picked":"EarthLightRay","floor":20.0},{"not_picked":["IllusionStar","BlazeAway","DeepEcoloBomb"],"picked":"SKIP","floor":23.0},{"not_picked":["Acceleration","DC"],"picked":"Occultation+1","floor":25.0},{"not_picked":["WitchLeyline","GalacticHalo+1","GravityBeat+1"],"picked":"SKIP","floor":27.0},{"not_picked":["Acceleration+1","SuperPerseids","GalacticHalo"],"picked":"SKIP","floor":29.0},{"not_picked":["PowerUp","IllusionStar","ShootingEcho"],"picked":"SKIP","floor":31.0},{"not_picked":["MagicChant"],"picked":"SKIP","floor":35.0},{"not_picked":["AsteroidBelt"],"picked":"SKIP","floor":37.0},{"not_picked":["infinitespire:Fortify","infinitespire:Menacing"],"picked":"infinitespire:SealOfDarkness+","floor":38.0},{"not_picked":["EarthLightRay+1"],"picked":"SKIP","floor":39},{"not_picked":["UnstableBomb+1"],"picked":"SKIP","floor":40},{"not_picked":["WitchOfGreed"],"picked":"SKIP","floor":42},{"not_picked":["EnergyFlow+1"],"picked":"SKIP","floor":48}],"player_experience":244046,"relics_obtained":[{"floor":6.0,"key":"Vajra"},{"floor":8.0,"key":"CeramicFish"},{"floor":9.0,"key":"Art of War"},{"floor":23.0,"key":"Blood Vial"},{"floor":26.0,"key":"infinitespire:WardingShard"},{"floor":40,"key":"SproutingBranch"},{"floor":43,"key":"infinitespire:Golems Mask"}],"event_choices":[{"damage_healed":0.0,"max_hp_gain":0.0,"max_hp_loss":0.0,"gold_gain":0.0,"event_name":"The Woman in Blue","player_choice":"Bought 0 Potions","floor":2.0,"gold_loss":0.0,"damage_taken":0.0},{"damage_healed":0.0,"max_hp_gain":5.0,"max_hp_loss":0.0,"gold_gain":0.0,"event_name":"Big Fish","player_choice":"Donut","floor":12.0,"gold_loss":0.0,"damage_taken":0.0},{"damage_healed":0.0,"max_hp_gain":0.0,"max_hp_loss":0.0,"gold_gain":0.0,"event_name":"The Mausoleum","player_choice":"Opened","floor":19.0,"gold_loss":0.0,"damage_taken":0.0,"relics_obtained":["Anchor"]},{"damage_healed":0.0,"max_hp_gain":0.0,"max_hp_loss":0.0,"gold_gain":0.0,"event_name":"Match and Keep!","player_choice":"2 cards matched","floor":21.0,"gold_loss":0.0,"damage_taken":0.0,"cards_obtained":["Dramatic Entrance","CasketOfStar"]},{"damage_healed":0.0,"max_hp_gain":0.0,"max_hp_loss":0.0,"gold_gain":0.0,"event_name":"FaceTrader","player_choice":"Trade","floor":30.0,"gold_loss":0.0,"damage_taken":0.0,"relics_obtained":["FaceOfCleric"]},{"cards_removed":["CasketOfStar"],"damage_healed":0,"gold_gain":0,"player_choice":"Removed Power","damage_taken":0,"max_hp_gain":0,"max_hp_loss":0,"event_name":"Falling","floor":45,"gold_loss":0}],"is_beta":false,"boss_relics":[{"not_picked":["Astrolabe","Snecko Eye"],"picked":"SlaversCollar"},{"not_picked":["BewitchedHakkero","Philosopher\u0027s Stone"],"picked":"Busted Crown"}],"items_purged_floors":[22],"is_endless":false,"potions_floor_spawned":[3,5,8,14,16,18,20,27,33,39,40,48],"killed_by":"infinitespire:MassOfShapes","ascension_level":0}}