{"host":"3y2rtlgteqp2nuo3","time":1611917189,"event":{"mods":["2.2 Compatiblity","AchievementEnabler","BaseMod","Colored Map","DeckTracker","Highlight Path","Keyboard Shortcuts","Minty Spire (QoL Compilation)","Permanent Neow","Quick Restart","StSLib","SuperFastMode","everything is the same but u backflip on backflip"],"gold_per_floor":[110,124,134,134,59,59,87,37,37,99,110,162,162,180,180,275,275,292,292,292,4,4,4,24,24,24,24,24,53,72,101,101,204,204,224,241,92,92,107,107,120,0,0,35,54,54,54,54,54,54],"floor_reached":51,"language":"KOR","playtime":980,"items_purged":["Strike_R","Strike_R"],"score":1035,"play_id":"c0b680ec-ca07-4fcf-8dda-bcaf20c24f65","local_time":"20210129194629","is_ascension_mode":true,"campfire_choices":[{"data":"Bash","floor":6.0,"key":"SMITH"},{"data":"Immolate","floor":13.0,"key":"SMITH"},{"data":"Wild Strike","floor":15.0,"key":"SMITH"},{"data":"Berserk","floor":23.0,"key":"SMITH"},{"data":"Blood for Blood","floor":25.0,"key":"SMITH"},{"data":"Carnage","floor":28.0,"key":"SMITH"},{"data":"Demon Form","floor":32.0,"key":"SMITH"},{"data":"Bludgeon","floor":40.0,"key":"SMITH"},{"floor":47.0,"key":"REST"},{"data":"Burning Pact","floor":49.0,"key":"SMITH"}],"circlet_count":0,"master_deck":["Defend_R+1","Defend_R+1","Bash+1","Immolate+1","Wild Strike+1","Pommel Strike","Battle Trance","Impervious","Disarm","Berserk+1","Burning Pact+1","The Bomb+1","Carnage+1","Blood for Blood+1","Ghostly+1","Ghostly+1","Ghostly+1","Ghostly+1","Ghostly+1","Flame Barrier+1","Shrug It Off+1","Demon Form+1","Bludgeon+1","Armaments+1","Ghostly Armor+1","Berserk","Double Tap+1","Evolve","Uppercut+1"],"relics":["Burning Blood","StoneCalendar","Mercury Hourglass","War Paint","Akabeko","SlaversCollar","Toxic Egg 2","Bottled Flame","Regal Pillow","Prayer Wheel","Sozu","Red Mask","Dream Catcher","TungstenRod"],"acts_visited":["Exordium","TheCity","TheBeyond"],"potions_floor_usage":[],"damage_taken":[{"damage":11.0,"enemies":"Small Slimes","floor":1.0,"turns":3.0},{"damage":11.0,"enemies":"Jaw Worm","floor":2.0,"turns":5.0},{"damage":8.0,"enemies":"2 Louse","floor":3.0,"turns":2.0},{"damage":26.0,"enemies":"Gremlin Nob","floor":7.0,"turns":4.0},{"damage":8.0,"enemies":"Gremlin Nob","floor":10.0,"turns":3.0},{"damage":3.0,"enemies":"Looter","floor":11.0,"turns":3.0},{"damage":0.0,"enemies":"Blue Slaver","floor":14.0,"turns":2.0},{"damage":12.0,"enemies":"Slime Boss","floor":16.0,"turns":7.0},{"damage":8.0,"enemies":"Chosen","floor":18.0,"turns":3.0},{"damage":31.0,"enemies":"2 Thieves","floor":24.0,"turns":3.0},{"damage":3.0,"enemies":"Slavers","floor":29.0,"turns":4.0},{"damage":10.0,"enemies":"3 Cultists","floor":30.0,"turns":5.0},{"damage":2.0,"enemies":"Book of Stabbing","floor":31.0,"turns":4.0},{"damage":5.0,"enemies":"Automaton","floor":33.0,"turns":7.0},{"damage":7.0,"enemies":"3 Shapes","floor":35.0,"turns":5.0},{"damage":17.0,"enemies":"Orb Walker","floor":36.0,"turns":4.0},{"damage":6.0,"enemies":"Spire Growth","floor":39.0,"turns":5.0},{"damage":26.0,"enemies":"Writhing Mass","floor":41.0,"turns":5.0},{"damage":0.0,"enemies":"Nemesis","floor":44.0,"turns":7.0},{"damage":0.0,"enemies":"Jaw Worm Horde","floor":45.0,"turns":4.0},{"damage":37,"enemies":"Awakened One","floor":50,"turns":8}],"seed_played":"3468404068898954838","potions_obtained":[{"floor":1.0,"key":"Fruit Juice"},{"floor":2.0,"key":"LiquidMemories"},{"floor":10.0,"key":"Strength Potion"},{"floor":18.0,"key":"EssenceOfSteel"}],"is_trial":false,"path_per_floor":["M","M","M","?","$","R","E","?","T","?","M","T","R","M","R","B",null,"M","?","?","$","?","R","M","R","T","?","R","E","M","E","R","B",null,"M","M","$","?","M","R","M","?","T","E","M","$","R","?","R","B",null],"character_chosen":"IRONCLAD","items_purchased":["The Bomb+1","Double Tap+1"],"campfire_rested":1,"item_purchase_floors":[21,37],"current_hp_per_floor":[72,67,65,58,58,58,38,38,38,36,39,39,39,45,45,39,74,72,72,72,72,72,72,47,47,47,42,42,42,38,42,42,42,42,41,30,30,30,30,30,10,10,10,16,22,22,42,40,40,9],"gold":54,"neow_bonus":"ONE_RANDOM_RARE_CARD","is_daily":false,"chose_seed":false,"campfire_upgraded":9,"win_rate":0.0,"timestamp":1611917189,"path_taken":["M","M","M","?","$","R","E","?","T","?","M","?","R","M","R","BOSS","M","?","?","$","?","R","?","R","T","?","R","E","M","E","R","BOSS","M","M","$","?","M","R","M","?","T","E","M","$","R","?","R","BOSS"],"items_purchased_type":["Card","Card"],"build_version":"2020-12-22","purchased_purges":2,"victory":true,"max_hp_per_floor":[85,85,85,85,85,85,85,85,85,85,85,85,85,85,85,85,85,85,85,85,85,85,85,85,85,85,42,42,42,42,42,42,42,42,42,42,42,42,42,42,42,42,42,42,42,42,42,40,40,40],"card_choices":[{"not_picked":["Reckless Charge","Sentinel"],"picked":"Inflame","floor":1.0},{"not_picked":["Headbutt","True Grit"],"picked":"Wild Strike","floor":2.0},{"not_picked":["Shrug It Off","Bloodletting"],"picked":"Pommel Strike","floor":3.0},{"not_picked":["Pommel Strike","Bloodletting"],"picked":"Battle Trance","floor":7.0},{"not_picked":["Flex","Sword Boomerang"],"picked":"Impervious","floor":10.0},{"not_picked":["Perfected Strike","Thunderclap"],"picked":"Disarm","floor":11.0},{"not_picked":["Perfected Strike","Sentinel","Anger"],"picked":"SKIP","floor":14.0},{"not_picked":["Juggernaut","Reaper"],"picked":"Berserk","floor":16.0},{"not_picked":["Perfected Strike","Pommel Strike+1"],"picked":"Burning Pact","floor":18.0},{"not_picked":["Clothesline","True Grit+1","Clash"],"picked":"SKIP","floor":24.0},{"not_picked":["Headbutt","True Grit+1"],"picked":"Flame Barrier+1","floor":29.0},{"not_picked":["Flex+1","Warcry+1"],"picked":"Shrug It Off+1","floor":30.0},{"not_picked":["Cleave","Shrug It Off+1"],"picked":"Demon Form","floor":31.0},{"not_picked":["Immolate","Berserk"],"picked":"Bludgeon","floor":33.0},{"not_picked":["Body Slam+1","Perfected Strike+1"],"picked":"Armaments+1","floor":35.0},{"not_picked":["Havoc+1","Cleave+1","Sentinel+1"],"picked":"SKIP","floor":35.0},{"not_picked":["Dropkick","Anger"],"picked":"Ghostly Armor+1","floor":36.0},{"not_picked":["Flex+1","Pommel Strike+1"],"picked":"Berserk","floor":36.0},{"not_picked":["Sword Boomerang","Double Tap+1"],"picked":"Evolve","floor":39.0},{"not_picked":["Clash+1","Thunderclap+1","Headbutt"],"picked":"SKIP","floor":39.0},{"not_picked":["Sword Boomerang","Twin Strike","Flex+1"],"picked":"SKIP","floor":41.0},{"not_picked":["Carnage","Dual Wield+1","Blood for Blood"],"picked":"SKIP","floor":41.0},{"not_picked":["Cleave","Inflame"],"picked":"Uppercut+1","floor":44.0},{"not_picked":["Cleave+1","Body Slam+1","Thunderclap"],"picked":"SKIP","floor":45.0},{"not_picked":["Twin Strike+1","Shrug It Off+1","Berserk"],"picked":"SKIP","floor":45.0}],"player_experience":730912,"relics_obtained":[{"floor":7.0,"key":"StoneCalendar"},{"floor":9.0,"key":"Mercury Hourglass"},{"floor":10.0,"key":"War Paint"},{"floor":12.0,"key":"Akabeko"},{"floor":26.0,"key":"Bottled Flame"},{"floor":29.0,"key":"Regal Pillow"},{"floor":31.0,"key":"Prayer Wheel"},{"floor":43.0,"key":"Dream Catcher"},{"floor":44.0,"key":"TungstenRod"}],"event_choices":[{"cards_removed":["Strike_R"],"damage_healed":0.0,"max_hp_gain":0.0,"max_hp_loss":0.0,"gold_gain":0.0,"event_name":"Golden Wing","player_choice":"Card Removal","floor":4.0,"gold_loss":0.0,"damage_taken":7.0},{"cards_removed":["Strike_R"],"damage_healed":0.0,"max_hp_gain":0.0,"max_hp_loss":0.0,"gold_gain":0.0,"event_name":"The Cleric","player_choice":"Card Removal","floor":8.0,"gold_loss":50.0,"damage_taken":0.0},{"damage_healed":0.0,"max_hp_gain":0.0,"max_hp_loss":0.0,"gold_gain":0.0,"event_name":"Dead Adventurer","player_choice":"Searched \u00271\u0027 times","floor":10.0,"gold_loss":0.0,"damage_taken":0.0},{"damage_healed":0.0,"max_hp_gain":0.0,"max_hp_loss":0.0,"gold_gain":0.0,"event_name":"The Mausoleum","player_choice":"Opened","floor":19.0,"gold_loss":0.0,"damage_taken":0.0,"relics_obtained":["Toxic Egg 2"]},{"cards_removed":["Strike_R"],"damage_healed":0.0,"max_hp_gain":0.0,"max_hp_loss":0.0,"gold_gain":0.0,"event_name":"Back to Basics","player_choice":"Elegance","floor":20.0,"gold_loss":0.0,"damage_taken":0.0},{"damage_healed":0.0,"max_hp_gain":0.0,"max_hp_loss":0.0,"gold_gain":0.0,"cards_transformed":["Defend_R","Defend_R"],"event_name":"Drug Dealer","player_choice":"Became Test Subject","floor":22.0,"gold_loss":0.0,"damage_taken":0.0,"cards_obtained":["Carnage","Blood for Blood"]},{"damage_healed":0.0,"max_hp_gain":0.0,"max_hp_loss":43.0,"gold_gain":0.0,"event_name":"Ghosts","player_choice":"Became a Ghost","floor":27.0,"gold_loss":0.0,"damage_taken":0.0,"cards_obtained":["Ghostly","Ghostly","Ghostly","Ghostly","Ghostly"]},{"cards_removed":["Inflame"],"damage_healed":0.0,"max_hp_gain":0.0,"max_hp_loss":0.0,"gold_gain":0.0,"event_name":"Falling","player_choice":"Removed Power","floor":38.0,"gold_loss":0.0,"damage_taken":0.0},{"damage_healed":0.0,"max_hp_gain":0.0,"max_hp_loss":0.0,"gold_gain":0.0,"event_name":"Tomb of Lord Red Mask","player_choice":"Paid","floor":42.0,"gold_loss":120.0,"damage_taken":0.0,"relics_obtained":["Red Mask"]},{"damage_healed":0.0,"max_hp_gain":0.0,"max_hp_loss":2.0,"gold_gain":0.0,"event_name":"Winding Halls","player_choice":"Max HP","floor":48.0,"gold_loss":0.0,"damage_taken":0.0}],"is_beta":false,"boss_relics":[{"not_picked":["Ectoplasm","Busted Crown"],"picked":"SlaversCollar"},{"not_picked":["Black Star","Snecko Eye"],"picked":"Sozu"}],"items_purged_floors":[5,21],"is_endless":false,"potions_floor_spawned":[1,2,10,18,24,29,30,36],"ascension_level":8}}