{"host":"r53pw7z744tg3fxg","time":1611945424,"event":{"mods":["AchievementEnabler","BaseMod","Colored Map","Colored Powertips","Highlight Path","Minty Spire (QoL Compilation)","Quick Restart","Transform Curses"],"gold_per_floor":[114,125,125,145,163,163,192,3,3,3,3,13,46,59,59,131,131,151,163,3,20,20,20,45,55,55,82,82,100,100,50,50,50,50],"floor_reached":33,"language":"ENG","playtime":1624,"items_purged":[],"score":549,"play_id":"4d06b969-1732-4b62-a73a-1272ff6a4752","local_time":"20210129113704","is_ascension_mode":true,"campfire_choices":[{"floor":6.0,"key":"REST"},{"floor":10.0,"key":"REST"},{"data":"Eruption","floor":15.0,"key":"SMITH"},{"floor":23.0,"key":"REST"},{"floor":30.0,"key":"REST"},{"floor":32.0,"key":"REST"}],"circlet_count":0,"master_deck":["AscendersBane","Strike_P","Strike_P","Strike_P","Strike_P","Defend_P","Defend_P+1","Defend_P","Defend_P","Eruption+1","Vigilance","Swivel","FlurryOfBlows","Wallop","Prostrate","DeusExMachina+1","Prostrate","CutThroughFate","EmptyBody","Evaluate","Establishment+1","CurseOfTheBell","Conclude","BowlingBash","FollowUp","ForeignInfluence+1","Fasting2+1","ClearTheMind+1","Halt+1","Crescendo+1"],"relics":["PureWater","Centennial Puzzle","InkBottle","Regal Pillow","Yang","Frozen Egg 2","Calling Bell","Toy Ornithopter","Toxic Egg 2","Mango","Vajra","Bottled Lightning","Tiny Chest","Blood Vial"],"acts_visited":["Exordium","TheCity"],"potions_floor_usage":[],"damage_taken":[{"damage":0.0,"enemies":"Cultist","floor":1.0,"turns":3.0},{"damage":7.0,"enemies":"Small Slimes","floor":2.0,"turns":3.0},{"damage":0.0,"enemies":"2 Louse","floor":4.0,"turns":2.0},{"damage":19.0,"enemies":"Gremlin Gang","floor":5.0,"turns":4.0},{"damage":12.0,"enemies":"3 Sentries","floor":7.0,"turns":11.0},{"damage":0.0,"enemies":"Blue Slaver","floor":12.0,"turns":5.0},{"damage":5.0,"enemies":"Gremlin Nob","floor":13.0,"turns":3.0},{"damage":0.0,"enemies":"Looter","floor":14.0,"turns":2.0},{"damage":31.0,"enemies":"Hexaghost","floor":16.0,"turns":9.0},{"damage":10.0,"enemies":"2 Thieves","floor":18.0,"turns":5.0},{"damage":42.0,"enemies":"Chosen","floor":19.0,"turns":4.0},{"damage":1.0,"enemies":"3 Cultists","floor":21.0,"turns":6.0},{"damage":38.0,"enemies":"Slavers","floor":24.0,"turns":8.0},{"damage":12.0,"enemies":"Chosen and Byrds","floor":25.0,"turns":5.0},{"damage":31.0,"enemies":"Gremlin Leader","floor":27.0,"turns":5.0},{"damage":2.0,"enemies":"Centurion and Healer","floor":29.0,"turns":3.0},{"damage":121,"enemies":"Collector","floor":33,"turns":8}],"seed_played":"-5386399204704753613","potions_obtained":[{"floor":1.0,"key":"Dexterity Potion"},{"floor":7.0,"key":"EntropicBrew"},{"floor":13.0,"key":"Block Potion"},{"floor":16.0,"key":"Weak Potion"},{"floor":18.0,"key":"Regen Potion"},{"floor":19.0,"key":"Dexterity Potion"},{"floor":24.0,"key":"SteroidPotion"},{"floor":25.0,"key":"BlessingOfTheForge"}],"is_trial":false,"path_per_floor":["M","M","?","M","M","R","E","$","T","R","$","M","E","M","R","B",null,"M","M","$","M","?","R","E","M","T","E","?","M","R","?","R","B"],"character_chosen":"WATCHER","items_purchased":["Regal Pillow","Prostrate","Vajra"],"campfire_rested":5,"item_purchase_floors":[8,8,20],"current_hp_per_floor":[61,54,54,54,35,55,43,43,43,68,68,68,63,63,63,32,73,73,31,31,55,55,82,44,37,37,11,11,11,50,50,82,0,0],"gold":50,"neow_bonus":"RANDOM_COMMON_RELIC","is_daily":false,"chose_seed":false,"campfire_upgraded":1,"win_rate":0.0,"timestamp":1611945424,"path_taken":["M","M","?","M","M","R","E","$","T","R","$","M","E","M","R","BOSS","M","M","$","M","?","R","E","M","T","E","?","M","R","?","R","BOSS"],"items_purchased_type":["Relic","Card","Relic"],"build_version":"2020-12-22","purchased_purges":0,"victory":false,"max_hp_per_floor":[68,68,68,68,68,68,68,68,68,68,68,68,68,68,68,68,82,82,82,82,82,82,82,82,82,82,82,82,82,82,82,82,82,82],"card_choices":[{"not_picked":["SignatureMove","Protect"],"picked":"Swivel","floor":1.0},{"not_picked":["ThirdEye","Halt"],"picked":"FlurryOfBlows","floor":2.0},{"not_picked":["BowlingBash","Meditate"],"picked":"Wallop","floor":4.0},{"not_picked":["FollowUp","Tantrum"],"picked":"Prostrate","floor":5.0},{"not_picked":["WheelKick","EmptyMind"],"picked":"DeusExMachina","floor":7.0},{"not_picked":["Indignation","SashWhip"],"picked":"CutThroughFate","floor":12.0},{"not_picked":["CrushJoints","JustLucky"],"picked":"EmptyBody","floor":13.0},{"not_picked":["Wireheading+1","CrushJoints"],"picked":"Evaluate","floor":14.0},{"not_picked":["LessonLearned","Scrawl"],"picked":"Establishment+1","floor":16.0},{"not_picked":["BowlingBash","Wallop"],"picked":"Conclude","floor":18.0},{"not_picked":["FollowUp+1","FlyingSleeves"],"picked":"BowlingBash","floor":19.0},{"not_picked":["Tantrum","SashWhip"],"picked":"FollowUp","floor":21.0},{"not_picked":["Indignation+1","MentalFortress+1"],"picked":"Fasting2+1","floor":24.0},{"not_picked":["Meditate+1","Prostrate+1"],"picked":"ClearTheMind+1","floor":25.0},{"not_picked":["Prostrate+1","CrushJoints"],"picked":"Halt+1","floor":27.0},{"not_picked":["Evaluate+1","Wish+1"],"picked":"Crescendo+1","floor":29.0}],"player_experience":1389821,"relics_obtained":[{"floor":7.0,"key":"InkBottle"},{"floor":9.0,"key":"Yang"},{"floor":13.0,"key":"Frozen Egg 2"},{"floor":17.0,"key":"Toy Ornithopter"},{"floor":17.0,"key":"Toxic Egg 2"},{"floor":17.0,"key":"Mango"},{"floor":24.0,"key":"Bottled Lightning"},{"floor":26.0,"key":"Tiny Chest"},{"floor":27.0,"key":"Blood Vial"}],"event_choices":[{"damage_healed":0.0,"max_hp_gain":0.0,"max_hp_loss":0.0,"gold_gain":0.0,"event_name":"Liars Game","player_choice":"Ignored","floor":3.0,"gold_loss":0.0,"damage_taken":0.0},{"damage_healed":0.0,"max_hp_gain":0.0,"max_hp_loss":0.0,"gold_gain":0.0,"event_name":"The Library","player_choice":"Read","floor":22.0,"gold_loss":0.0,"damage_taken":0.0,"cards_obtained":["ForeignInfluence"]},{"damage_healed":0.0,"max_hp_gain":0.0,"max_hp_loss":0.0,"gold_gain":0.0,"event_name":"Ghosts","player_choice":"Ignored","floor":28.0,"gold_loss":0.0,"damage_taken":0.0},{"damage_healed":0.0,"max_hp_gain":0.0,"max_hp_loss":0.0,"gold_gain":0.0,"event_name":"Designer","player_choice":"Upgraded Two","floor":31.0,"gold_loss":50.0,"damage_taken":0.0,"cards_upgraded":["DeusExMachina","Defend_P"]}],"is_beta":false,"boss_relics":[{"not_picked":["Velvet Choker","Runic Dome"],"picked":"Calling Bell"}],"items_purged_floors":[],"is_endless":false,"potions_floor_spawned":[1,7,12,13,16,18,19,24,25],"killed_by":"Collector","ascension_level":17}}