{"host":"twbuyd87gsx4w7po","time":1611962235,"event":{"mods":["BaseMod","Downfall","Minty Spire (QoL Compilation)","StSLib"],"gold_per_floor":[99,117,129,141,49,49,49,79,79,79,179,199,199,234,244,244,244,244],"floor_reached":16,"language":"ENG","playtime":1052,"items_purged":[],"score":116,"play_id":"4019a882-1358-4f78-8c4f-3068ec72f764","local_time":"20210129151715","is_ascension_mode":true,"campfire_choices":[{"data":"champ:Taunt","floor":1,"key":"SMITH"},{"data":"champ:AdrenalArmor","floor":10,"key":"SMITH"},{"data":"champ:AdrenalArmor","floor":13,"key":"SMITH"}],"circlet_count":0,"master_deck":["champ:Strike","champ:Strike","champ:Strike","champ:Defend","champ:Defend","champ:Defend","champ:Defend+1","champ:Execute","champ:Taunt+1","champ:AdrenalArmor+1","champ:Shatter+1","champ:ViciousMockery","champ:Encircle","champ:EndlessRage+1","downfall:Malfunctioning","champ:AdrenalArmor+1","champ:DeathBlow","champ:StanceDance"],"relics":["champ:ChampionCrown","Meat on the Bone","Pantograph","Champion Belt","PreservedInsect"],"acts_visited":["Exordium"],"potions_floor_usage":[5,15],"damage_taken":[{"damage":10,"enemies":"2 Louse","floor":2,"turns":2},{"damage":20,"enemies":"Jaw Worm","floor":3,"turns":5},{"damage":12,"enemies":"Small Slimes","floor":4,"turns":4},{"damage":22,"enemies":"downfall:FleeingMerchant","floor":5,"turns":4},{"damage":36,"enemies":"Lagavulin","floor":8,"turns":5},{"damage":68,"enemies":"Lagavulin","floor":11,"turns":5},{"damage":22,"enemies":"Red Slaver","floor":12,"turns":4},{"damage":43,"enemies":"3 Sentries","floor":14,"turns":8},{"damage":31,"enemies":"Exordium Wildlife","floor":15,"turns":6},{"damage":136,"enemies":"SI_SHIV_ARCHETYPE","floor":16,"turns":11}],"seed_played":"-5625738205834543946","potions_obtained":[{"floor":2,"key":"Guardian:BlockOnCardUsePotion"},{"floor":8,"key":"FairyPotion"},{"floor":11,"key":"LiquidBronze"},{"floor":12,"key":"Weak Potion"}],"is_trial":false,"path_per_floor":["R","M","M","M","$","?","T","E","?","R","?","M","R","E","M","B"],"character_chosen":"THE_CHAMP","items_purchased":["champ:Encircle"],"campfire_rested":0,"item_purchase_floors":[5],"current_hp_per_floor":[99,99,99,97,95,95,95,79,79,79,43,43,43,29,28,0,0,0],"gold":244,"neow_bonus":"TEN_PERCENT_HP_BONUS","is_daily":false,"chose_seed":false,"campfire_upgraded":3,"win_rate":0.0,"timestamp":1611962235,"path_taken":["R","M","M","M","$","?","T","E","?","R","?","?","R","E","M","BOSS"],"items_purchased_type":["Card"],"build_version":"2020-12-22","purchased_purges":0,"victory":false,"max_hp_per_floor":[99,99,99,99,99,99,99,99,99,99,99,99,99,99,99,99,99,99],"card_choices":[{"not_picked":["champ:GutPunch","champ:CrownThrow"],"picked":"champ:AdrenalArmor","floor":2},{"not_picked":["champ:DefensiveStyle","champ:PreemptiveStrike"],"picked":"champ:Shatter","floor":3},{"not_picked":["champ:ShieldSlam","champ:DefensiveShout"],"picked":"champ:ViciousMockery","floor":4},{"not_picked":["champ:LastStand","champ:DefensiveStyle","champ:Circumvent"],"picked":"SKIP","floor":5},{"not_picked":["champ:BerserkersShout","champ:IronFortress"],"picked":"champ:EndlessRage","floor":8},{"not_picked":["champ:RisingSlash","champ:EnGarde"],"picked":"champ:AdrenalArmor","floor":11},{"not_picked":["champ:CrownThrow","champ:CrookedStrike","champ:FancyFootwork"],"picked":"SKIP","floor":12},{"not_picked":["champ:PreciseThrust","champ:SetATrap"],"picked":"champ:DeathBlow","floor":14},{"not_picked":["champ:AdrenalArmor","champ:GutPunch"],"picked":"champ:StanceDance","floor":15}],"player_experience":385551,"relics_obtained":[{"floor":7,"key":"Meat on the Bone"},{"floor":8,"key":"Pantograph"},{"floor":11,"key":"Champion Belt"},{"floor":14,"key":"PreservedInsect"}],"event_choices":[{"cards_removed":["champ:Strike"],"damage_healed":0,"gold_gain":0,"player_choice":"Card Removal","damage_taken":0,"max_hp_gain":0,"max_hp_loss":0,"event_name":"The Cleric","floor":6,"gold_loss":0}],"is_beta":false,"boss_relics":[],"items_purged_floors":[],"is_endless":false,"potions_floor_spawned":[2,8,11,12,14],"killed_by":"SI_SHIV_ARCHETYPE","ascension_level":1}}