{"host":"qk12ohyvrq6bwjad","time":1611896828,"event":{"mods":["AchievementEnabler","BaseMod","Colored Map","Custom Start","KOR Keyword Fix","Minty Spire (QoL Compilation)","Quick Restart","StSLib","SuperFastMode"],"gold_per_floor":[118,118,118,118,118,118,193,193,247,247,262,275,200,212,212,316,316,329,342,342,361,371,371,386,386,409,424,424,324,324,324,324,427,427,439,439,439,439,452,452,173,173,225,252,252,252,102,113,113,113],"floor_reached":51,"language":"KOR","playtime":530,"items_purged":["Entrench","Strike_R","Strike_R+1","Defend_R+1"],"score":961,"play_id":"7c0f808b-46a1-4fe2-8e95-1b42fa4fcd13","local_time":"20210129140708","is_ascension_mode":false,"campfire_choices":[{"data":"Defend_R","floor":6,"key":"SMITH"},{"data":"Strike_R","floor":8,"key":"SMITH"},{"data":"Strike_R","floor":10,"key":"SMITH"},{"data":"Cleave","floor":15,"key":"SMITH"},{"floor":23,"key":"REST"},{"data":"Immolate","floor":25,"key":"SMITH"},{"data":"Sword Boomerang","floor":28,"key":"SMITH"},{"data":"Strike_R","floor":30,"key":"SMITH"},{"floor":32,"key":"REST"},{"floor":40,"key":"RECALL"},{"floor":42,"key":"REST"},{"data":"Defend_R","floor":46,"key":"SMITH"},{"floor":49,"key":"REST"}],"circlet_count":0,"master_deck":["Strike_R+1","Strike_R+1","Defend_R+1","Defend_R+1","Defend_R+1","Bash+1","Cleave+1","Immolate+1","Sword Boomerang+1"],"relics":["Black Blood","Vajra","Vajra","Vajra","Vajra","Vajra","Vajra","Vajra","Vajra","Vajra","Vajra","Vajra","Vajra","Vajra","Vajra","Vajra","Damaru","Damaru","Damaru","Damaru","Damaru","Damaru","Damaru","Damaru","Damaru","Damaru","Damaru","NeowsBlessing","Bronze Scales","Red Skull","SacredBark","Medical Kit","Juzu Bracelet","Art of War"],"acts_visited":["Exordium","TheCity","TheBeyond"],"potions_floor_usage":[50,50],"damage_taken":[{"damage":0,"enemies":"Cultist","floor":1,"turns":1},{"damage":0,"enemies":"Jaw Worm","floor":11,"turns":1},{"damage":0,"enemies":"Small Slimes","floor":12,"turns":1},{"damage":0,"enemies":"3 Louse","floor":14,"turns":1},{"damage":0,"enemies":"Slime Boss","floor":16,"turns":1},{"damage":0,"enemies":"2 Thieves","floor":18,"turns":1},{"damage":0,"enemies":"Chosen","floor":19,"turns":1},{"damage":0,"enemies":"Centurion and Healer","floor":21,"turns":1},{"damage":0,"enemies":"Shelled Parasite and Fungi","floor":22,"turns":1},{"damage":0,"enemies":"3 Cultists","floor":24,"turns":1},{"damage":0,"enemies":"Snake Plant","floor":27,"turns":1},{"damage":0,"enemies":"Collector","floor":33,"turns":1},{"damage":6,"enemies":"3 Shapes","floor":35,"turns":1},{"damage":0,"enemies":"3 Darklings","floor":39,"turns":1},{"damage":0,"enemies":"Reptomancer","floor":44,"turns":1},{"damage":0,"enemies":"Writhing Mass","floor":48,"turns":1},{"damage":20,"enemies":"Awakened One","floor":50,"turns":3}],"seed_played":"3197073744830788047","potions_obtained":[{"floor":14,"key":"LiquidBronze"},{"floor":16,"key":"BlessingOfTheForge"},{"floor":22,"key":"CultistPotion"}],"is_trial":false,"path_per_floor":["M","?","$","?","?","R","?","R","T","R","M","M","$","M","R","B",null,"M","M","?","M","M","R","M","R","T","M","R","$","R","?","R","B",null,"M","$","?","?","M","R","$","R","T","E","?","R","$","M","R","B",null],"character_chosen":"IRONCLAD","items_purchased":["Medical Kit"],"campfire_rested":4,"item_purchase_floors":[41],"current_hp_per_floor":[80,80,80,80,85,85,77,77,77,77,83,85,85,85,85,85,85,85,85,85,85,85,85,85,85,85,85,85,85,85,85,85,85,85,85,85,81,81,81,81,81,81,81,81,81,81,81,81,81,73],"gold":113,"neow_bonus":"THREE_ENEMY_KILL","is_daily":false,"chose_seed":false,"campfire_upgraded":8,"win_rate":0.0,"timestamp":1611896828,"path_taken":["M","?","?","?","?","R","?","R","T","R","?","M","$","M","R","BOSS","M","M","?","M","?","R","M","R","T","M","R","$","R","?","R","BOSS","M","?","?","?","?","R","$","R","T","E","?","R","$","M","R","BOSS"],"items_purchased_type":["Relic"],"build_version":"2020-12-22","purchased_purges":4,"victory":true,"max_hp_per_floor":[80,80,80,80,85,85,85,85,85,85,85,85,85,85,85,85,85,85,85,85,85,85,85,85,85,85,85,85,85,85,85,85,85,85,85,85,81,81,81,81,81,81,81,81,81,81,81,81,81,81],"card_choices":[{"not_picked":["Headbutt","Spot Weakness","Clash"],"picked":"SKIP","floor":1},{"not_picked":["Clash","Rupture","Seeing Red"],"picked":"SKIP","floor":11},{"not_picked":["Warcry","Clash"],"picked":"Entrench","floor":12},{"not_picked":["Whirlwind","Clothesline"],"picked":"Cleave","floor":14},{"not_picked":["Juggernaut","Brutality"],"picked":"Immolate","floor":16},{"not_picked":["Body Slam+1","Pummel","Inflame"],"picked":"SKIP","floor":18},{"not_picked":["Spot Weakness","Sword Boomerang","Flex+1"],"picked":"SKIP","floor":19},{"not_picked":["Body Slam","Burning Pact","Flame Barrier+1"],"picked":"SKIP","floor":21},{"not_picked":["Searing Blow+1","Wild Strike","Rupture"],"picked":"SKIP","floor":22},{"not_picked":["Body Slam+1","Shrug It Off","Flex"],"picked":"SKIP","floor":24},{"not_picked":["Cleave","Pummel"],"picked":"Sword Boomerang","floor":27},{"not_picked":["Sever Soul","Burning Pact","Thunderclap"],"picked":"SKIP","floor":35},{"not_picked":["Spot Weakness+1","Cleave","Metallicize"],"picked":"SKIP","floor":39},{"not_picked":["Havoc","Impervious","Sentinel"],"picked":"SKIP","floor":44},{"not_picked":["Warcry","Burning Pact+1","Havoc+1"],"picked":"SKIP","floor":48}],"player_experience":1606666,"relics_obtained":[{"floor":9,"key":"Bronze Scales"},{"floor":26,"key":"Red Skull"},{"floor":43,"key":"Juzu Bracelet"},{"floor":44,"key":"Art of War"}],"event_choices":[{"damage_healed":0,"gold_gain":0,"player_choice":"Bought 0 Potions","damage_taken":0,"max_hp_gain":0,"max_hp_loss":0,"event_name":"The Woman in Blue","floor":2,"gold_loss":0},{"damage_healed":0,"gold_gain":0,"player_choice":"Grow","damage_taken":0,"max_hp_gain":0,"max_hp_loss":0,"event_name":"Living Wall","floor":4,"gold_loss":0,"cards_upgraded":["Bash"]},{"damage_healed":0,"gold_gain":0,"player_choice":"Donut","damage_taken":0,"max_hp_gain":5,"max_hp_loss":0,"event_name":"Big Fish","floor":5,"gold_loss":0},{"damage_healed":0,"gold_gain":75,"player_choice":"Touch","damage_taken":8,"max_hp_gain":0,"max_hp_loss":0,"event_name":"FaceTrader","floor":7,"gold_loss":0},{"cards_removed":["Strike_R"],"damage_healed":0,"gold_gain":0,"player_choice":"Offered Basic","damage_taken":0,"max_hp_gain":0,"max_hp_loss":0,"event_name":"Bonfire Elementals","floor":20,"gold_loss":0},{"damage_healed":0,"gold_gain":0,"player_choice":"Upgraded","damage_taken":0,"max_hp_gain":0,"max_hp_loss":0,"event_name":"Upgrade Shrine","floor":31,"gold_loss":0,"cards_upgraded":["Defend_R"]},{"damage_healed":0,"gold_gain":0,"player_choice":"Max HP","damage_taken":0,"max_hp_gain":0,"max_hp_loss":4,"event_name":"Winding Halls","floor":37,"gold_loss":0},{"damage_healed":0,"gold_gain":0,"player_choice":"Ignored","damage_taken":0,"max_hp_gain":0,"max_hp_loss":0,"event_name":"NoteForYourself","floor":38,"gold_loss":0},{"damage_healed":0,"gold_gain":0,"player_choice":"Upgraded","damage_taken":0,"max_hp_gain":0,"max_hp_loss":0,"event_name":"Upgrade Shrine","floor":45,"gold_loss":0,"cards_upgraded":["Defend_R"]}],"is_beta":false,"boss_relics":[{"not_picked":["Philosopher\u0027s Stone","Velvet Choker"],"picked":"Black Blood"},{"not_picked":["Sozu","Tiny House"],"picked":"SacredBark"}],"items_purged_floors":[13,29,41,47],"is_endless":false,"potions_floor_spawned":[12,14,16,18,22,33,44,48],"ascension_level":0}}