{"host":"pmmuxs046gii331m","time":1611935560,"event":{"mods":["AchievementEnabler","BaseMod","Colored Powertips","Downfall","Gold Saver","Minty Spire (QoL Compilation)","Permanent Neow","Quick Restart","StSLib"],"gold_per_floor":[99,119,29,49,49,34,60,45,45,45,45],"floor_reached":9,"language":"ENG","playtime":841,"items_purged":["hexamod:Strike"],"score":49,"play_id":"c4ac860d-7cf0-489d-9e96-5484f0fd81a9","local_time":"20210129105240","is_ascension_mode":false,"campfire_choices":[{"data":"hexamod:Float","floor":1,"key":"SMITH"}],"circlet_count":0,"master_deck":["hexamod:Strike","hexamod:Strike","hexamod:Strike","hexamod:Defend","hexamod:Defend","hexamod:Defend","hexamod:Defend","hexamod:Sear","hexamod:Float+1","hexamod:ChargedBarrage","hexamod:FirstSeal","hexamod:BurningTouch","hexamod:ChargedBarrage","hexamod:ParanormalForm"],"relics":["hexamod:SpiritBrand","Bronze Scales"],"acts_visited":["Exordium"],"potions_floor_usage":[9],"damage_taken":[{"damage":0,"enemies":"Cultist","floor":2,"turns":3},{"damage":5,"enemies":"downfall:FleeingMerchant","floor":3,"turns":4},{"damage":3,"enemies":"Small Slimes","floor":4,"turns":3},{"damage":10,"enemies":"downfall:FleeingMerchant","floor":6,"turns":4},{"damage":15,"enemies":"downfall:FleeingMerchant","floor":8,"turns":4},{"damage":74,"enemies":"Gremlin Nob","floor":9,"turns":5}],"seed_played":"-6030764978291435902","potions_obtained":[{"floor":4,"key":"sneckomod:MuddlingPotion"}],"is_trial":false,"path_per_floor":["R","M","$","M","?","$","T","$","E"],"character_chosen":"THE_SPIRIT","items_purchased":[],"campfire_rested":0,"item_purchase_floors":[],"current_hp_per_floor":[70,70,70,70,70,67,67,59,0,0,0],"gold":45,"neow_bonus":"THREE_CARDS","is_daily":false,"chose_seed":false,"campfire_upgraded":1,"win_rate":0.0,"timestamp":1611935560,"path_taken":["R","M","?","M","?","$","T","$","E"],"items_purchased_type":[],"build_version":"2020-12-22","purchased_purges":1,"victory":false,"max_hp_per_floor":[70,70,70,70,70,70,70,70,70,70,70],"card_choices":[{"not_picked":["hexamod:HeatMetal","hexamod:ShieldOfDarkness"],"picked":"hexamod:ChargedBarrage","floor":0},{"not_picked":["hexamod:GhostLash","hexamod:Hexaguard"],"picked":"hexamod:FirstSeal","floor":2},{"not_picked":["hexamod:FlamesFromBeyond","hexamod:HeatMetal","hexamod:EtherealExpedition"],"picked":"SKIP","floor":3},{"not_picked":["hexamod:InspiringFlames","hexamod:PhantomCloak"],"picked":"hexamod:BurningTouch","floor":4},{"not_picked":["hexamod:GhostflameBarrier","hexamod:StepThrough"],"picked":"hexamod:ParanormalForm","floor":6},{"not_picked":["hexamod:SecondSeal","hexamod:InspiringFlames","hexamod:SpectersWail"],"picked":"SKIP","floor":8}],"player_experience":431019,"relics_obtained":[{"floor":7,"key":"Bronze Scales"}],"event_choices":[],"is_beta":false,"boss_relics":[],"items_purged_floors":[3],"is_endless":false,"potions_floor_spawned":[4],"killed_by":"Gremlin Nob","ascension_level":0}}