{"host":"y9jgkjnf95sujozk","time":1611939862,"event":{"mods":["2.2 Compatiblity","AchievementEnabler","Act Like it!","BaseMod","BetterRewards","Block Reminder","Colored Map","Colored Powertips","Decade(王小明)","Downfall","Friendly Minions","Gensokyo","GifTheSpireLib","Hallownest","Hermit","Highlight Path","HololiveMod","Hubris","Infinite Spire","Jorbs\u0027s Wanderer Trilogy","Koishi","Marisa（霧雨　魔理沙）","Minty Spire (QoL Compilation)","Quick Restart","Random Character Button","Rare Cards Sparkle","Reimu（博??梦）","Remilia（蕾米莉?）","Replay The Spire","Shop Mod","StSLib","SuperFastMode","The Animator","The Bug Knight","The Cursed","The Disciple","The Hierophant","The Jungle","The Poker Player","The Runesmith","The Senshi","The Servant 0.9.4"],"gold_per_floor":[113,188,188,206,28,59,73,93,145,155,155,155,155],"floor_reached":12,"language":"ENG","playtime":750,"items_purged":[],"score":80,"play_id":"03cabc4f-8d76-4d3c-acee-7a65dd05ac09","local_time":"20210129180422","is_ascension_mode":false,"campfire_choices":[{"floor":11,"key":"REST"}],"circlet_count":0,"master_deck":["Decade_Attack","Decade_Attack","Decade_Attack","Decade_Attack","KamenRide+1","Decade_SpecialSkill","Decade_Defend","Decade_Defend","Decade_Defend","Decade_Defend","Hibiki_Attack1+1","Violence","Replay:Sssssssssstrike","FormRidePegasus","Hibiki_Attack3","KamenRideAgito","Hibiki_Attack1","RideBooker_Skill_1","Hibiki_Attack2","KamenRideBlade","RideBooker_Skill_2","Kuuga_GouramAttack","AutoVajin","Blade_Slash"],"relics":["Decadriver","TOEIDeficitBill","hubris:AstralHammer","hubris:HerbalPaste","Centennial Puzzle","ClockworkSouvenir","Anchor","Gremlin Food"],"acts_visited":["Exordium"],"potions_floor_usage":[6,12],"damage_taken":[{"damage":0,"enemies":"2 Louse","floor":1,"turns":3},{"damage":0,"enemies":"Cultist","floor":4,"turns":3},{"damage":43,"enemies":"3 Sentries","floor":6,"turns":8},{"damage":0,"enemies":"Jaw Worm","floor":7,"turns":2},{"damage":13,"enemies":"Lots of Slimes","floor":8,"turns":5},{"damage":4,"enemies":"2 Fungi Beasts","floor":10,"turns":5},{"damage":13,"enemies":"Lagavulin","floor":12,"turns":3}],"seed_played":"-2794837857570876483","potions_obtained":[{"floor":4,"key":"Swift Potion"},{"floor":7,"key":"BlessingOfTheForge"}],"is_trial":false,"path_per_floor":["M","?","?","M","$","E","M","M","T","M","R","E"],"character_chosen":"Decade","items_purchased":["Hibiki_Attack1+1","hubris:HerbalPaste","Violence","Replay:Sssssssssstrike","Centennial Puzzle","Hibiki_Attack1","ClockworkSouvenir"],"campfire_rested":1,"item_purchase_floors":[0,0,0,0,0,5,5],"current_hp_per_floor":[70,59,59,64,64,27,30,23,23,22,43,35,35],"gold":155,"neow_bonus":"","is_daily":false,"chose_seed":false,"campfire_upgraded":0,"win_rate":0.0,"timestamp":1611939862,"path_taken":["M","?","?","?","?","E","M","?","T","M","R","E"],"items_purchased_type":["Card","Relic","Card","Card","Relic","Card","Relic"],"build_version":"2020-12-22","purchased_purges":0,"victory":false,"max_hp_per_floor":[70,70,70,70,70,70,70,70,70,70,70,70,70],"card_choices":[{"not_picked":["Kuuga_GouramAttack","Blade_Mach"],"picked":"FormRidePegasus","floor":1},{"not_picked":["UnarmedAttack4","Kiva_Frozen"],"picked":"Hibiki_Attack3","floor":4},{"not_picked":["KamenRideKabuto","FormRidePegasus"],"picked":"KamenRideAgito","floor":4},{"not_picked":["DenO_Sword","Blade_Slash"],"picked":"RideBooker_Skill_1","floor":6},{"not_picked":["Blade_Metal","AutoVajin"],"picked":"Hibiki_Attack2","floor":6},{"not_picked":["DenO_Sword","RideBooker_Skill_1"],"picked":"KamenRideBlade","floor":7},{"not_picked":["KamenRideDenO","DenO_Sword"],"picked":"RideBooker_Skill_2","floor":8},{"not_picked":["FormRideTitan","Kiva_Eat"],"picked":"Kuuga_GouramAttack","floor":8},{"not_picked":["UnarmedAttack4","FormRideBasshaa"],"picked":"AutoVajin","floor":10},{"not_picked":["Dragreder","KamenRideRyuki"],"picked":"Blade_Slash","floor":10}],"player_experience":173070,"relics_obtained":[{"floor":6,"key":"Anchor"},{"floor":9,"key":"Gremlin Food"}],"event_choices":[{"damage_healed":0,"gold_gain":75,"player_choice":"Gather Gold","damage_taken":11,"max_hp_gain":0,"max_hp_loss":0,"event_name":"World of Goop","floor":2,"gold_loss":0},{"damage_healed":0,"gold_gain":0,"player_choice":"Ignored","damage_taken":0,"max_hp_gain":0,"max_hp_loss":0,"event_name":"Purifier","floor":3,"gold_loss":0}],"is_beta":false,"boss_relics":[],"items_purged_floors":[],"is_endless":false,"potions_floor_spawned":[4,7],"killed_by":"Lagavulin","ascension_level":0}}