{"host":"8o45mh5p3pp1o2mi","time":1611884718,"event":{"mods":["BaseMod","Bestiary","Better Match","Better Third Choice","BetterRewards","Dark Map","Downfall","Fox Events","Minty Spire (QoL Compilation)","Rare Cards Sparkle","Relic Stats","Replay The Spire","Shop Mod","StSLib","everything is the same but u backflip on backflip"],"gold_per_floor":[99,99,119,133,133,161,161,161,193,213,229,239,239,256,268,370,370,270,281,281,340,358,37,64,64,76,104,4,4,24,55,115,219,219,219,231,287,305,317,358,358,358,369,70,70,43,71,82,101,101],"floor_reached":51,"language":"ENG","playtime":5584,"items_purged":["CommonCold","bronze:Strike"],"score":888,"play_id":"4e5b707a-38de-4535-bfda-1ebdf784d43b","local_time":"20210129014518","is_ascension_mode":false,"campfire_choices":[{"data":"bronze:Goto","floor":1,"key":"SMITH"},{"data":"bronze:Return","floor":8,"key":"SMITH"},{"floor":13,"key":"RECALL"},{"data":"bronze:GetLatest","floor":18,"key":"SMITH"},{"floor":25,"key":"REST"},{"data":"bronze:BugBarrage","floor":28,"key":"SMITH"},{"data":"bronze:ItsAFeature","floor":35,"key":"SMITH"},{"floor":42,"key":"REST"}],"circlet_count":0,"master_deck":["bronze:Strike","bronze:Strike","bronze:Defend","bronze:Defend","bronze:Replicate","bronze:Goto+1","bronze:Deprecate","bronze:Turbo","bronze:BronzeOrb","bronze:Shell","bronze:Return+1","bronze:Optimize","bronze:Mutator+1","bronze:BuggyMess","bronze:GetLatest+1","bronze:Branch","bronze:BugBarrage+1","bronze:BurnOut+1","bronze:CutThrough","bronze:ItsAFeature+1","bronze:FineTuning+1","bronze:Verify+1","bronze:DelayedGuard","bronze:WildBeam+1","bronze:FineTuning+1","bronze:Verify+1","bronze:BugBarrage+1","bronze:Break+1","bronze:Flail+1","bronze:Allocate","bronze:BugBarrage+1","bronze:Shield+1","expansioncontent:QuickStudy+1","bronze:Repair+1","bronze:Turbo+1","bronze:ClassDefault+1"],"relics":["bronze:PlatinumCore","Replay:WaspNest","ReplayTheSpireMod:Shallot","Golden Egg","Empty Cage","downfall:HeartBlessingRed","ReplayTheSpireMod:Ring of Challenge","Chemical X","Replay:Wax Seal","Ginger","downfall:HeartBlessingBlue","Art of War","Replay:Ringing Soul","Toxic Egg 2","bronze:CableSpool","Membership Card","Mummified Hand","HandDrill","Mango","Peace Pipe"],"acts_visited":["Exordium","TheCity","TheBeyond"],"potions_floor_usage":[6,16,16,33,40,40,50,50],"damage_taken":[{"damage":1,"enemies":"Cultist","floor":3,"turns":4},{"damage":0,"enemies":"Jaw Worm","floor":4,"turns":4},{"damage":23,"enemies":"3 Sentries","floor":6,"turns":11},{"damage":14,"enemies":"Replay:BlueRogue","floor":9,"turns":7},{"damage":0,"enemies":"2 Louse","floor":10,"turns":3},{"damage":0,"enemies":"Exordium Wildlife","floor":11,"turns":5},{"damage":7,"enemies":"Blue Slaver","floor":12,"turns":3},{"damage":0,"enemies":"Gremlin Gang","floor":14,"turns":5},{"damage":4,"enemies":"Exordium Wildlife","floor":15,"turns":3},{"damage":25,"enemies":"DF_ARCHETYPE_STREAMLINE","floor":16,"turns":8},{"damage":12,"enemies":"3 Byrds","floor":19,"turns":5},{"damage":40,"enemies":"Snake Plant","floor":21,"turns":4},{"damage":0,"enemies":"Shelled Parasite and Fungi","floor":22,"turns":3},{"damage":0,"enemies":"downfall:FleeingMerchant","floor":23,"turns":4},{"damage":0,"enemies":"Centurion and Healer","floor":26,"turns":4},{"damage":0,"enemies":"Replay:Snechameleon","floor":27,"turns":4},{"damage":12,"enemies":"Cultist and Chosen","floor":30,"turns":6},{"damage":10,"enemies":"Gremlin Leader","floor":31,"turns":7},{"damage":18,"enemies":"Snake Plant","floor":32,"turns":5},{"damage":8,"enemies":"SI_MIRROR_ARCHETYPE","floor":33,"turns":6},{"damage":11,"enemies":"3 Shapes","floor":36,"turns":4},{"damage":4,"enemies":"3 Darklings","floor":38,"turns":5},{"damage":21,"enemies":"Sphere and 2 Shapes","floor":39,"turns":3},{"damage":81,"enemies":"Reptomancer","floor":40,"turns":5},{"damage":20,"enemies":"Transient","floor":43,"turns":5},{"damage":0,"enemies":"downfall:FleeingMerchant","floor":44,"turns":4},{"damage":1,"enemies":"downfall:FleeingMerchant","floor":46,"turns":3},{"damage":0,"enemies":"Giant Head","floor":47,"turns":6},{"damage":15,"enemies":"3 Darklings","floor":48,"turns":4},{"damage":27,"enemies":"Writhing Mass","floor":49,"turns":5},{"damage":10,"enemies":"IC_BLOCK_ARCHETYPE","floor":50,"turns":7}],"seed_played":"6971203601390730228","potions_obtained":[{"floor":3,"key":"Elixir"},{"floor":10,"key":"GamblersBrew"},{"floor":12,"key":"FairyPotion"},{"floor":14,"key":"Cursed Concoction"},{"floor":16,"key":"LifebloodPotion"},{"floor":19,"key":"bronze:CleanCodePotion"},{"floor":31,"key":"bronze:BurnAndBuffPotion"},{"floor":33,"key":"LifebloodPotion"},{"floor":39,"key":"bronze:BuildAFunctionPotion"},{"floor":40,"key":"BlessingOfTheForge"},{"floor":48,"key":"Adrenaline Potion"}],"is_trial":false,"path_per_floor":["R","?","M","M","?","E","T","R","E","M","M","M","R","M","M","B",null,"R","M","?","M","M","$","T","R","M","E","R","?","M","E","M","B",null,"R","M","?","M","M","E","T","R","M","$","?","$","E","M","M","B",null],"character_chosen":"THE_AUTOMATON","items_purchased":["Chemical X","Replay:Wax Seal","Membership Card","expansioncontent:QuickStudy","Mummified Hand","HandDrill","Mango"],"campfire_rested":2,"item_purchase_floors":[23,23,44,44,46,46,46],"current_hp_per_floor":[77,77,76,76,76,53,53,53,39,39,39,32,32,32,28,3,77,77,65,65,25,25,25,25,48,48,48,58,58,46,36,18,10,87,87,76,76,72,54,4,4,31,14,17,84,100,101,89,75,99],"gold":101,"neow_bonus":"TEN_PERCENT_HP_BONUS","is_daily":false,"chose_seed":false,"campfire_upgraded":5,"win_rate":0.0,"timestamp":1611884718,"path_taken":["R","?","M","M","?","E","T","R","E","?","?","M","R","M","M","BOSS","R","M","?","M","M","$","T","R","M","E","R","?","M","E","M","BOSS","R","M","?","M","?","E","T","R","M","$","?","?","E","M","M","BOSS"],"items_purchased_type":["Relic","Relic","Relic","Card","Relic","Relic","Relic"],"build_version":"2020-12-22","purchased_purges":2,"victory":true,"max_hp_per_floor":[77,77,77,77,77,77,77,77,77,77,77,77,77,77,77,77,77,77,77,77,77,77,77,77,77,77,77,87,87,87,87,87,87,87,87,87,87,87,90,90,90,90,93,96,84,101,101,104,107,107],"relic_stats":{"Peace Pipe":0,"counters":[31,152],"Mummified Hand":[25],"Art of War":[2],"HandDrill":[26],"Chemical X":[17],"Ginger":[33],"obtain_stats":[{"Golden Egg":9,"bronze:PlatinumCore":34,"bronze:BronzeCore":0,"downfall:HeartBlessingRed":18,"Mango":46,"Replay:WaspNest":6,"Ginger":27,"Empty Cage":17,"bronze:CableSpool":41,"Peace Pipe":47,"Replay:Ringing Soul":37,"ReplayTheSpireMod:Shallot":7,"downfall:HeartBlessingBlue":28,"Mummified Hand":46,"Art of War":31,"HandDrill":46,"Chemical X":23,"Membership Card":44,"ReplayTheSpireMod:Ring of Challenge":20,"Replay:Wax Seal":23,"Toxic Egg 2":40},{"Golden Egg":4,"bronze:PlatinumCore":20,"bronze:BronzeCore":0,"downfall:HeartBlessingRed":10,"Mango":27,"Replay:WaspNest":3,"Ginger":16,"Empty Cage":10,"bronze:CableSpool":24,"Peace Pipe":28,"Replay:Ringing Soul":21,"ReplayTheSpireMod:Shallot":3,"downfall:HeartBlessingBlue":16,"Mummified Hand":27,"Art of War":18,"HandDrill":27,"Chemical X":14,"Membership Card":26,"ReplayTheSpireMod:Ring of Challenge":11,"Replay:Wax Seal":14,"Toxic Egg 2":24},{"Golden Egg":26,"bronze:PlatinumCore":101,"bronze:BronzeCore":0,"downfall:HeartBlessingRed":53,"Mango":130,"Replay:WaspNest":19,"Ginger":77,"Empty Cage":53,"bronze:CableSpool":118,"Peace Pipe":136,"Replay:Ringing Soul":105,"ReplayTheSpireMod:Shallot":19,"downfall:HeartBlessingBlue":77,"Mummified Hand":130,"Art of War":90,"HandDrill":130,"Chemical X":69,"Membership Card":127,"ReplayTheSpireMod:Ring of Challenge":58,"Replay:Wax Seal":69,"Toxic Egg 2":118}]},"card_choices":[{"not_picked":["bronze:ForceShield","bronze:FineTuning"],"picked":"bronze:Turbo","floor":3},{"not_picked":["bronze:DelayedGuard","bronze:Frontload"],"picked":"bronze:BronzeOrb","floor":4},{"not_picked":["bronze:DelayedSlice","bronze:Iterate"],"picked":"bronze:Return","floor":6},{"not_picked":["bronze:DigitalCarnage","bronze:DelayedGuard"],"picked":"bronze:Optimize","floor":9},{"not_picked":["bronze:Philosophize","bronze:Overheat"],"picked":"bronze:Mutator","floor":10},{"not_picked":["bronze:WildBeam","bronze:Invalidate"],"picked":"bronze:BuggyMess","floor":11},{"not_picked":["bronze:DelayedSlice","bronze:DelayedGuard"],"picked":"bronze:GetLatest","floor":12},{"not_picked":["bronze:DigitalCarnage","bronze:Deprecate"],"picked":"bronze:Branch","floor":14},{"not_picked":["bronze:Iterate","bronze:Invalidate"],"picked":"bronze:BugBarrage","floor":15},{"not_picked":["bronze:RecursiveStrike","bronze:Assembly"],"picked":"bronze:BurnOut","floor":16},{"not_picked":["bronze:Deprecate+1","bronze:WildBeam"],"picked":"bronze:CutThrough","floor":19},{"not_picked":["bronze:Repair","bronze:DarkDash"],"picked":"bronze:ItsAFeature","floor":21},{"not_picked":["bronze:FollowUp","bronze:BugBarrage"],"picked":"bronze:FineTuning+1","floor":22},{"not_picked":["bronze:WildBeam","bronze:Branch"],"picked":"bronze:Verify","floor":23},{"not_picked":["bronze:FineTuning","bronze:Branch"],"picked":"bronze:DelayedGuard","floor":26},{"not_picked":["bronze:FollowUp","bronze:Philosophize"],"picked":"bronze:WildBeam+1","floor":27},{"not_picked":["bronze:WildBeam+1","bronze:DarkDash"],"picked":"bronze:FineTuning+1","floor":30},{"not_picked":["bronze:Overheat+1","bronze:BitShift+1"],"picked":"bronze:Verify","floor":31},{"not_picked":["bronze:Overheat","bronze:Safeguard"],"picked":"bronze:BugBarrage+1","floor":32},{"not_picked":["bronze:FindAndReplace","bronze:Virus"],"picked":"bronze:Break","floor":33},{"not_picked":["bronze:Overload","bronze:BuggyMess"],"picked":"bronze:Flail+1","floor":36},{"not_picked":["bronze:DelayedGuard+1","bronze:DelayedSlice+1","bronze:Iterate"],"picked":"SKIP","floor":38},{"not_picked":["bronze:DelayedSlice+1","bronze:Return"],"picked":"bronze:Allocate","floor":39},{"not_picked":["bronze:Branch+1","bronze:CutThrough","bronze:ItsAFeature"],"picked":"SKIP","floor":40},{"not_picked":["bronze:Deprecate+1","bronze:Repulsor"],"picked":"bronze:BugBarrage+1","floor":43},{"not_picked":["bronze:BronzeOrb","bronze:Fortify+1"],"picked":"bronze:Shield+1","floor":44},{"not_picked":["bronze:CleanCode","bronze:ChosenStrike+1"],"picked":"bronze:Repair+1","floor":46},{"not_picked":["bronze:BitShift+1","bronze:Frontload+1","bronze:Allocate+1"],"picked":"SKIP","floor":47},{"not_picked":["bronze:DelayedGuard+1","bronze:Optimize"],"picked":"bronze:Turbo+1","floor":48},{"not_picked":["bronze:Boost+1","bronze:BugBarrage+1"],"picked":"bronze:ClassDefault+1","floor":49}],"player_experience":139732,"relics_obtained":[{"floor":6,"key":"Replay:WaspNest"},{"floor":7,"key":"ReplayTheSpireMod:Shallot"},{"floor":9,"key":"Golden Egg"},{"floor":20,"key":"ReplayTheSpireMod:Ring of Challenge"},{"floor":27,"key":"Ginger"},{"floor":31,"key":"Art of War"},{"floor":37,"key":"Replay:Ringing Soul"},{"floor":40,"key":"Toxic Egg 2"},{"floor":41,"key":"bronze:CableSpool"},{"floor":47,"key":"Peace Pipe"}],"event_choices":[],"is_beta":false,"boss_relics":[{"not_picked":["Snecko Eye","Replay:Grab Bag"],"picked":"Empty Cage"},{"not_picked":["Busted Crown","Honey Jar"],"picked":"bronze:PlatinumCore"}],"items_purged_floors":[23,44],"is_endless":false,"potions_floor_spawned":[3,10,12,14,16,19,22,27,30,31,33,39,40,48],"ascension_level":0}}