{"host":"ozl61tfu5a3o8grk","time":1611948710,"event":{"mods":["AchievementEnabler","Ascension Reborn","BaseMod","Better Vampires","BetterRewards","Colored Powertips","Downfall","Hermit","Hubris","Minty Spire (QoL Compilation)","Replay The Spire","StSLib"],"gold_per_floor":[111,122,37,50,50,76,76,76],"floor_reached":6,"language":"ENG","playtime":384,"items_purged":[],"score":46,"play_id":"1816062e-f33e-4eef-ad8a-b47eb1c0b97a","local_time":"20210129193150","daily_mods":["Heirloom","Time Dilation"],"is_ascension_mode":true,"campfire_choices":[],"circlet_count":0,"master_deck":["champ:Strike+1","champ:Strike+1","champ:Strike+1","champ:Strike+1","champ:Defend+1","champ:Defend+1","champ:Defend+1","champ:Defend+1","champ:Execute+1","champ:Taunt+1","champ:IronFortress+1","champ:Haymaker+1","champ:BringItOn","champ:BringItOn","champ:PerfectedStrike","champ:FlashCut","champ:CrookedStrike"],"relics":["champ:ChampionCrown","champ:DuelingGlove","Blue Doll"],"acts_visited":["Exordium"],"potions_floor_usage":[],"damage_taken":[{"damage":3,"enemies":"Jaw Worm","floor":1,"turns":3},{"damage":16,"enemies":"Cultist","floor":2,"turns":3},{"damage":5,"enemies":"Small Slimes","floor":4,"turns":2},{"damage":28,"enemies":"Gremlin Nob","floor":6,"turns":4}],"seed_played":"4505455332736937830","potions_obtained":[{"floor":1,"key":"Elixir"},{"floor":6,"key":"SkillPotion"}],"is_trial":true,"path_per_floor":["M","M","$","M","?","E"],"character_chosen":"THE_CHAMP","items_purchased":["champ:BringItOn","champ:PerfectedStrike"],"campfire_rested":0,"item_purchase_floors":[3,3],"current_hp_per_floor":[87,81,81,76,58,40,40,40],"gold":76,"neow_bonus":"","is_daily":false,"chose_seed":false,"campfire_upgraded":0,"win_rate":0.0,"timestamp":1611948710,"path_taken":["M","M","$","M","?","E"],"items_purchased_type":["Card","Card"],"build_version":"2020-12-22","purchased_purges":0,"victory":false,"max_hp_per_floor":[90,90,90,90,90,90,90,90],"card_choices":[{"not_picked":["champ:RapidStrikes","champ:Circumvent"],"picked":"champ:IronFortress","floor":1},{"not_picked":["champ:Lariat","champ:BerserkersShout"],"picked":"champ:Haymaker","floor":2},{"not_picked":["champ:PerfectedStrike","champ:GutPunch"],"picked":"champ:FlashCut","floor":4},{"not_picked":["champ:CrownThrow","champ:EnragedBash"],"picked":"champ:CrookedStrike","floor":6}],"player_experience":225255,"relics_obtained":[{"floor":6,"key":"Blue Doll"}],"event_choices":[{"damage_healed":0,"gold_gain":0,"player_choice":"Entered Light","damage_taken":18,"max_hp_gain":0,"max_hp_loss":0,"event_name":"Shining Light","floor":5,"gold_loss":0,"cards_upgraded":["champ:Haymaker","champ:IronFortress"]}],"is_beta":false,"boss_relics":[],"items_purged_floors":[],"is_endless":false,"potions_floor_spawned":[1,6],"killed_by":"Gremlin Nob","ascension_level":0}}