{"host":"bht7q8dqip9du99t","time":1611936994,"event":{"mods":["BaseMod","Colored Map","Colored Powertips","Highlight Path","Minty Spire (QoL Compilation)","Quick Restart","Replay The Spire","StSLib"],"gold_per_floor":[109,109,109,109,34,77,77,108,108,143,155,208,220,246,258,270,270],"floor_reached":16,"language":"ENG","playtime":521,"items_purged":["Defend_P"],"score":296,"play_id":"2ff910ce-0609-4020-bce5-befa100d7079","local_time":"20210129111634","is_ascension_mode":true,"campfire_choices":[{"data":"Vigilance","floor":7.0,"key":"SMITH"},{"floor":15,"key":"DIG"}],"circlet_count":0,"master_deck":["AscendersBane","Strike_P+1","Strike_P+1","Strike_P","Defend_P","Defend_P","Defend_P","Eruption+1","Vigilance+1","Replay:DivineShield","LikeWater"],"relics":["PureWater","NeowsBlessing","Golden Idol","Tiny Chest","Replay:Rubber Ducky","Iron Hammer","MawBank","Gremlin Food","Ancient Tea Set"],"acts_visited":["Exordium"],"potions_floor_usage":[],"damage_taken":[{"damage":0.0,"enemies":"Small Slimes","floor":1.0,"turns":1.0},{"damage":0.0,"enemies":"3 Sentries","floor":6.0,"turns":2.0},{"damage":0.0,"enemies":"Gremlin Nob","floor":8.0,"turns":1.0},{"damage":18.0,"enemies":"Replay:BlueRogue","floor":10.0,"turns":7.0},{"damage":7.0,"enemies":"Gremlin Nob","floor":12.0,"turns":4.0},{"damage":0,"enemies":"2 Louse","floor":14,"turns":4},{"damage":10,"enemies":"Slime Boss","floor":16,"turns":3}],"seed_played":"439190876920102802","potions_obtained":[{"floor":1.0,"key":"Explosive Potion"},{"floor":10.0,"key":"Fire Potion"}],"is_trial":false,"path_per_floor":["M","?","?","?","$","E","R","E","T","E","?","E","$","M","R_BF","B"],"character_chosen":"WATCHER","items_purchased":[],"campfire_rested":0,"item_purchase_floors":[],"current_hp_per_floor":[61,61,61,44,44,44,44,44,44,26,12,5,5,5,5,0,0],"gold":270,"neow_bonus":"THREE_ENEMY_KILL","is_daily":false,"chose_seed":false,"campfire_upgraded":1,"win_rate":0.0,"timestamp":1611936994,"path_taken":["M","?","?","?","$","E","R","E","T","E","?","E","$","?","R_BF","BOSS"],"items_purchased_type":[],"build_version":"2020-12-22","purchased_purges":1,"victory":false,"max_hp_per_floor":[68,68,68,68,68,68,68,68,68,68,68,68,68,68,68,68,68],"card_choices":[{"not_picked":["Pray","Nirvana","Crescendo"],"picked":"SKIP","floor":1.0},{"not_picked":["FlyingSleeves","Replay:AtTheReady","Prostrate"],"picked":"SKIP","floor":6.0},{"not_picked":["FearNoEvil","Omniscience"],"picked":"Replay:DivineShield","floor":8.0},{"not_picked":["Wireheading","Pray"],"picked":"LikeWater","floor":10.0},{"not_picked":["JustLucky","InnerPeace","Indignation"],"picked":"SKIP","floor":12.0},{"not_picked":["Prostrate","Crescendo","JustLucky"],"picked":"SKIP","floor":14}],"player_experience":676330,"relics_obtained":[{"floor":6.0,"key":"Tiny Chest"},{"floor":8.0,"key":"Replay:Rubber Ducky"},{"floor":9.0,"key":"Iron Hammer"},{"floor":10.0,"key":"MawBank"},{"floor":12.0,"key":"Gremlin Food"},{"floor":15,"key":"Ancient Tea Set"}],"event_choices":[{"damage_healed":0.0,"max_hp_gain":0.0,"max_hp_loss":0.0,"gold_gain":0.0,"event_name":"Living Wall","player_choice":"Grow","floor":2.0,"gold_loss":0.0,"damage_taken":0.0,"cards_upgraded":["Eruption"]},{"damage_healed":0.0,"max_hp_gain":0.0,"max_hp_loss":0.0,"gold_gain":0.0,"event_name":"Golden Idol","player_choice":"Take Damage","floor":4.0,"gold_loss":0.0,"damage_taken":17.0,"relics_obtained":["Golden Idol"]},{"damage_healed":0.0,"max_hp_gain":0.0,"max_hp_loss":0.0,"gold_gain":0.0,"event_name":"Shining Light","player_choice":"Entered Light","floor":11.0,"gold_loss":0.0,"damage_taken":14.0,"cards_upgraded":["Strike_P","Strike_P"]}],"is_beta":false,"boss_relics":[],"items_purged_floors":[5],"is_endless":false,"potions_floor_spawned":[1,10],"killed_by":"Slime Boss","ascension_level":14}}