{"host":"xmr2g8b7eju0288o","time":1611905509,"event":{"mods":["100% Spire Juice","AchievementEnabler","BaseMod","Colored Map","Colored Powertips","KOR Keyword Fix","Minty Spire (QoL Compilation)","Quick Restart","Spicy Shops","StSLib","SuperFastMode"],"gold_per_floor":[114,124,124,274,109,109,126,126,126],"floor_reached":8,"language":"KOR","playtime":120,"items_purged":[],"score":92,"play_id":"8bd592fc-de52-4e98-aef8-5c0c4cca7f40","local_time":"20210129163149","daily_mods":["Hoarder","Heirloom","DeadlyEvents","Elite Swarm"],"is_ascension_mode":true,"campfire_choices":[{"data":"1","floor":6,"key":"LIFT"}],"circlet_count":0,"master_deck":["AscendersBane","Moonworks:Strike","Moonworks:Strike","Moonworks:Strike","Moonworks:Strike","Moonworks:Defend","Moonworks:Defend","Moonworks:Defend","Moonworks:Defend","Moonworks:Ambush","Moonworks:LongDistanceShot","Doubt","Doubt","Doubt"],"relics":["Moonworks:BrokenBomb","Moonworks:Homemark","Girya","Sling"],"acts_visited":["Exordium"],"potions_floor_usage":[8],"damage_taken":[{"damage":3,"enemies":"2 Louse","floor":1,"turns":3},{"damage":7,"enemies":"Jaw Worm","floor":2,"turns":3},{"damage":7,"enemies":"Small Slimes","floor":7,"turns":4},{"damage":5,"enemies":"3 Sentries","floor":8,"turns":2}],"seed_played":"8687624977385606626","potions_obtained":[{"floor":2,"key":"SteroidPotion"}],"is_trial":true,"path_per_floor":["M","M","$","?","$","R","M","E"],"character_chosen":"THE_STARBREAKER","items_purchased":["Sling"],"campfire_rested":0,"item_purchase_floors":[5],"current_hp_per_floor":[47,40,40,40,40,40,33,28,28],"gold":126,"neow_bonus":"","is_daily":false,"chose_seed":false,"campfire_upgraded":0,"win_rate":0.0,"timestamp":1611905509,"path_taken":["M","M","$","?","$","R","M","E"],"items_purchased_type":["Relic"],"build_version":"2020-12-22","purchased_purges":0,"victory":false,"max_hp_per_floor":[55,55,55,55,55,55,55,55,55],"card_choices":[{"not_picked":["Moonworks:DeployBits","Moonworks:CloudOfSeagulls","Moonworks:BigBangBell"],"picked":"SKIP","floor":1},{"not_picked":["Moonworks:ExtendedPhotonRifle","Moonworks:UnpaidWork","Moonworks:LulusLuckyEgg"],"picked":"SKIP","floor":2},{"not_picked":["Moonworks:Heat300Percent","Moonworks:SakisCookie","Moonworks:Assault"],"picked":"SKIP","floor":7}],"player_experience":115912,"relics_obtained":[],"event_choices":[{"damage_healed":0,"gold_gain":150,"player_choice":"AGREE","damage_taken":0,"max_hp_gain":0,"max_hp_loss":0,"event_name":"Liars Game","floor":4,"gold_loss":0,"cards_obtained":["Doubt"]}],"is_beta":false,"boss_relics":[],"items_purged_floors":[],"is_endless":true,"potions_floor_spawned":[2],"killed_by":"3 Sentries","ascension_level":20}}