{"host":"t9zjxed0utvsfjwc","time":1611888192,"event":{"mods":["2.2 Compatiblity","Aspiration","BaseMod","Better Altar","Better Match","Better Note","Better Sensory Stone","Better Skull","Better Third Choice","Block Reminder","Colored Map","Colored Powertips","Custom Start","Downfall","Hermit","Highlight Path","Hubris","Infinite Spire","Marisa????????","Minty Spire (QoL Compilation)","Quick Restart","Rare Cards Sparkle","Reliquary","Replay The Spire","StSLib","The Cursed","The Marked","The Runesmith","Unceasing Turn Reminder","everything is the same but u backflip on backflip"],"gold_per_floor":[99,119,135,154,329,171,198,198,215,229,247,266,266,266,280,280,280,280],"floor_reached":16,"language":"ENG","playtime":552,"items_purged":[],"score":101,"play_id":"51fb6870-4fa8-4dbb-a08e-b401189cc613","local_time":"20210129024312","is_ascension_mode":true,"campfire_choices":[{"data":"bronze:Terminator","floor":8,"key":"SMITH"},{"floor":13,"key":"REST"}],"circlet_count":0,"master_deck":["bronze:Strike","bronze:Strike","bronze:Strike","bronze:Defend","bronze:Defend","bronze:Defend","bronze:Defend","bronze:Replicate","bronze:Goto","bronze:ThunderWave","bronze:Flail","bronze:Terminator+1","Doubt","bronze:Separator","bronze:Separator","bronze:Terminator","bronze:Constructor","bronze:Constructor"],"relics":["bronze:BronzeCore","Orrery","reliquary:RoseTintedGlasses"],"acts_visited":["Exordium"],"potions_floor_usage":[12,16,16],"damage_taken":[{"damage":1,"enemies":"Cultist","floor":2,"turns":3},{"damage":1,"enemies":"Jaw Worm","floor":3,"turns":4},{"damage":8,"enemies":"2 Louse","floor":4,"turns":2},{"damage":0,"enemies":"downfall:FleeingMerchant","floor":6,"turns":4},{"damage":8,"enemies":"2 Fungi Beasts","floor":9,"turns":3},{"damage":22,"enemies":"3 Louse","floor":10,"turns":3},{"damage":21,"enemies":"Red Slaver","floor":11,"turns":5},{"damage":7,"enemies":"Large Slime","floor":12,"turns":3},{"damage":8,"enemies":"2 Fungi Beasts","floor":15,"turns":4},{"damage":17,"enemies":"WA_ARCHETYPE_RETAIN","floor":16,"turns":2}],"seed_played":"923527774342390948","potions_obtained":[{"floor":3,"key":"Elixir"},{"floor":9,"key":"infinitespire:BlackPotion"},{"floor":10,"key":"sneckomod:MuddlingPotion"},{"floor":15,"key":"Explosive Potion"}],"is_trial":false,"path_per_floor":["R_BF","M","M","M","?","$","T","R","M","M","M","M","R","?","M","B"],"character_chosen":"THE_AUTOMATON","items_purchased":["Orrery"],"campfire_rested":1,"item_purchase_floors":[6],"current_hp_per_floor":[70,69,68,60,60,60,60,60,52,30,9,2,23,23,15,0,0,0],"gold":280,"neow_bonus":"ONE_RANDOM_RARE_CARD","is_daily":false,"chose_seed":false,"campfire_upgraded":1,"win_rate":0.0,"timestamp":1611888192,"path_taken":["R_BF","M","?","M","?","$","T","R","M","M","M","M","R","?","M","BOSS"],"items_purchased_type":["Relic"],"build_version":"2020-12-22","purchased_purges":0,"victory":false,"max_hp_per_floor":[70,70,70,70,70,70,70,70,70,70,70,70,70,70,70,70,70,70],"card_choices":[{"not_picked":["bronze:CutThrough","bronze:BuggyMess","bronze:Return"],"picked":"SKIP","floor":2},{"not_picked":["bronze:DelayedSlice","bronze:Branch","bronze:GetLatest"],"picked":"SKIP","floor":3},{"not_picked":["bronze:FineTuning","bronze:GetLatest"],"picked":"bronze:Terminator","floor":4},{"not_picked":["bronze:Branch","bronze:ClassDefault","bronze:WildBeam"],"picked":"SKIP","floor":6},{"not_picked":["bronze:DelayedSlice","bronze:FollowUp"],"picked":"bronze:Separator","floor":6},{"not_picked":["bronze:Shield","bronze:Overload"],"picked":"bronze:Separator","floor":6},{"not_picked":["bronze:Overheat","bronze:ChildClass","bronze:BugBarrage"],"picked":"SKIP","floor":9},{"not_picked":["bronze:CutThrough","bronze:DelayedSlice","bronze:Boost"],"picked":"SKIP","floor":10},{"not_picked":["bronze:Separator","bronze:FineTuning"],"picked":"bronze:Terminator","floor":11},{"not_picked":["bronze:DelayedSlice","bronze:Iterate"],"picked":"bronze:Constructor","floor":12},{"not_picked":["bronze:DelayedSlice","bronze:ItsAFeature"],"picked":"bronze:Constructor","floor":15}],"player_experience":458967,"relics_obtained":[{"floor":7,"key":"reliquary:RoseTintedGlasses"}],"event_choices":[],"is_beta":false,"boss_relics":[],"items_purged_floors":[],"is_endless":false,"potions_floor_spawned":[3,9,10,15],"killed_by":"WA_ARCHETYPE_RETAIN","ascension_level":1}}