{"host":"c97twqu0op5dg8i4","time":1611891124,"event":{"mods":["AchievementEnabler","BaseMod","Colored Map","Minty Spire (QoL Compilation)","Permanent Neow"],"gold_per_floor":[115,115,115,138,138,138,138,138],"floor_reached":7,"language":"ENG","playtime":71,"items_purged":[],"score":57,"play_id":"4acaaa8e-260d-46f5-962d-6999ec2687fb","local_time":"20210128223204","is_ascension_mode":true,"campfire_choices":[{"data":"Bash","floor":6,"key":"SMITH"}],"circlet_count":0,"master_deck":["Strike_R","Strike_R","Strike_R","Strike_R","Strike_R","Defend_R","Defend_R","Defend_R","Defend_R","Bash+1","Pommel Strike","Iron Wave","Twin Strike"],"relics":["Burning Blood","Golden Idol","Tiny Chest"],"acts_visited":["Exordium"],"potions_floor_usage":[],"damage_taken":[{"damage":12,"enemies":"Jaw Worm","floor":1,"turns":2},{"damage":2,"enemies":"2 Louse","floor":4,"turns":3},{"damage":0,"enemies":"3 Sentries","floor":7,"turns":1}],"seed_played":"5772686843693162533","potions_obtained":[{"floor":1,"key":"PowerPotion"}],"is_trial":false,"path_per_floor":["M","?","?","M","?","R","E"],"character_chosen":"IRONCLAD","items_purchased":[],"campfire_rested":0,"item_purchase_floors":[],"current_hp_per_floor":[66,66,59,63,63,63,63,63],"gold":138,"neow_bonus":"THREE_CARDS","is_daily":false,"chose_seed":false,"campfire_upgraded":1,"win_rate":0.0,"timestamp":1611891124,"path_taken":["M","?","?","M","?","R","E"],"items_purchased_type":[],"build_version":"2020-12-22","purchased_purges":0,"victory":false,"max_hp_per_floor":[80,74,74,74,74,74,74,74],"card_choices":[{"not_picked":["Evolve","Ghostly Armor"],"picked":"Pommel Strike","floor":0},{"not_picked":["Warcry","Body Slam"],"picked":"Iron Wave","floor":1},{"not_picked":["Flex","Headbutt"],"picked":"Twin Strike","floor":4}],"player_experience":327422,"relics_obtained":[],"event_choices":[{"damage_healed":0,"gold_gain":0,"player_choice":"Lose Max HP","damage_taken":0,"relics_obtained":["Golden Idol"],"max_hp_gain":0,"max_hp_loss":6,"event_name":"Golden Idol","floor":2,"gold_loss":0},{"damage_healed":0,"gold_gain":0,"player_choice":"Success","damage_taken":7,"relics_obtained":["Tiny Chest"],"max_hp_gain":0,"max_hp_loss":0,"event_name":"Scrap Ooze","floor":3,"gold_loss":0},{"damage_healed":0,"gold_gain":0,"player_choice":"Ignored","damage_taken":0,"max_hp_gain":0,"max_hp_loss":0,"event_name":"Golden Wing","floor":5,"gold_loss":0}],"is_beta":false,"boss_relics":[],"items_purged_floors":[],"is_endless":false,"potions_floor_spawned":[1],"killed_by":"3 Sentries","ascension_level":9}}