{"host":"dn6kke80v5f7isus","time":1611893084,"event":{"mods":["AchievementEnabler","Act Like it!","BaseMod","Colored Powertips","Custom Start","Defuse TimeMaze Blight","Duelist Mod","Gremlin Skip","Highlight Path","Hubris","Infinite Spire","Minty Spire (QoL Compilation)","Rare Cards Sparkle","Replay The Spire","StSLib","Uncapped"],"gold_per_floor":[142,161,161,181,30,60,60,60,60,100,125,125,125,148,148,148,148],"floor_reached":16,"language":"ENG","playtime":422,"items_purged":[],"score":116,"play_id":"580bf907-234c-4c13-bff8-57a9476e46c0","local_time":"20210128230443","is_ascension_mode":true,"campfire_choices":[{"floor":8,"key":"REST"},{"floor":15,"key":"DIG"}],"circlet_count":0,"master_deck":["theDuelist:DarkFusion","theDuelist:ArchfiendSoldier","theDuelist:ArchfiendSoldier","theDuelist:CastleWalls","theDuelist:CastleWalls","theDuelist:CastleWalls","theDuelist:FiendMegacyber","theDuelist:Sparks","theDuelist:Sparks+1","theDuelist:SummonedSkull","theDuelist:Lajinn","theDuelist:Lajinn","theDuelist:UmbralHorrorGhoul+1"],"relics":["theDuelist:MillenniumPuzzle","theDuelist:CardPoolRelic","theDuelist:CardPoolBasicRelic","theDuelist:BoosterPackPoolRelic","theDuelist:CardPoolAddRelic","theDuelist:CardPoolMinusRelic","theDuelist:CardPoolSaveRelic","theDuelist:CardPoolOptionsRelic","NeowsBlessing","Whetstone","ReplayFunnel","Golden Idol","Eternal Feather","theDuelist:DuelistTeaSet","infinitespire:Beetle Shell","infinitespire:FocusingShard"],"acts_visited":["Exordium"],"potions_floor_usage":[6,16,16],"damage_taken":[{"damage":0,"enemies":"Cultist","floor":1,"turns":1},{"damage":0,"enemies":"Small Slimes","floor":2,"turns":1},{"damage":0,"enemies":"2 Louse","floor":4,"turns":1},{"damage":26,"enemies":"Replay:BlueRogue","floor":6,"turns":4},{"damage":24,"enemies":"Lagavulin","floor":10,"turns":5},{"damage":3,"enemies":"2 Fungi Beasts","floor":11,"turns":4},{"damage":0,"enemies":"Large Slime","floor":14,"turns":3},{"damage":37,"enemies":"Hexaghost","floor":16,"turns":9}],"seed_played":"-2032722186391135958","potions_obtained":[{"floor":4,"key":"Venom Potion"},{"floor":10,"key":"LifebloodPotion"},{"floor":11,"key":"Ancient Potion"}],"is_trial":false,"path_per_floor":["M","M","?","M","$","E","?","R","T","E","M","?","?","M","R","B"],"character_chosen":"THE_DUELIST","items_purchased":["Whetstone"],"campfire_rested":1,"item_purchase_floors":[5],"current_hp_per_floor":[80,80,80,80,80,54,34,58,58,34,31,24,29,29,35,0,0],"gold":148,"neow_bonus":"THREE_ENEMY_KILL","is_daily":false,"chose_seed":false,"campfire_upgraded":0,"win_rate":0.0,"timestamp":1611893083,"path_taken":["M","?","?","M","$","E","?","R","T","E","M","?","?","M","R","BOSS"],"items_purchased_type":["Relic"],"build_version":"2020-12-22","purchased_purges":0,"victory":false,"max_hp_per_floor":[80,80,80,80,80,80,80,80,80,80,80,80,85,85,85,85,85],"card_choices":[{"not_picked":["theDuelist:Pumpking","theDuelist:PortraitSecret","theDuelist:CheerfulCoffin","theDuelist:GiantOrc"],"picked":"theDuelist:Lajinn","floor":1},{"not_picked":["theDuelist:UmbralHorrorGhost","theDuelist:CyberArchfiend","theDuelist:DrivenDaredevil","theDuelist:WanderingKing"],"picked":"theDuelist:Lajinn","floor":2},{"not_picked":["theDuelist:Relinkuriboh","theDuelist:SummonedSkull","theDuelist:PortraitSecret","theDuelist:FiendMegacyber"],"picked":"theDuelist:UmbralHorrorGhoul","floor":4},{"not_picked":["theDuelist:DarklordMarie","theDuelist:PortraitSecret","theDuelist:TerraTerrible","theDuelist:DarkFusion","theDuelist:DrivenDaredevil"],"picked":"SKIP","floor":6},{"not_picked":["theDuelist:DarkEnergy","theDuelist:TributeDoomed","theDuelist:JamBreeding","theDuelist:RockSunrise","theDuelist:CheerfulCoffin"],"picked":"SKIP","floor":10},{"not_picked":["theDuelist:DarkCubicLord","theDuelist:FeatherShot","theDuelist:ArchfiendGeneral"],"picked":"SKIP","floor":11},{"not_picked":["theDuelist:WormKing","theDuelist:BigKoala","theDuelist:MillenniumScorpion","theDuelist:PotDichotomy","theDuelist:UltimateOffering"],"picked":"SKIP","floor":14}],"player_experience":599139,"relics_obtained":[{"floor":6,"key":"ReplayFunnel"},{"floor":9,"key":"Eternal Feather"},{"floor":10,"key":"theDuelist:DuelistTeaSet"},{"floor":15,"key":"infinitespire:FocusingShard"}],"event_choices":[{"damage_healed":0,"gold_gain":0,"player_choice":"Traded Archfiend Soldier for Dark Fusion","duelist":true,"damage_taken":0,"max_hp_gain":0,"max_hp_loss":0,"event_name":"Card Trader","floor":3,"gold_loss":0},{"damage_healed":0,"gold_gain":0,"player_choice":"Take Damage","damage_taken":20,"relics_obtained":["Golden Idol"],"max_hp_gain":0,"max_hp_loss":0,"event_name":"Golden Idol","floor":7,"gold_loss":0},{"damage_healed":0,"gold_gain":0,"player_choice":"Success","damage_taken":7,"relics_obtained":["infinitespire:Beetle Shell"],"max_hp_gain":0,"max_hp_loss":0,"event_name":"Scrap Ooze","floor":12,"gold_loss":0},{"damage_healed":0,"gold_gain":0,"player_choice":"Donut","damage_taken":0,"max_hp_gain":5,"max_hp_loss":0,"event_name":"Big Fish","floor":13,"gold_loss":0}],"is_beta":false,"boss_relics":[],"items_purged_floors":[],"is_endless":false,"potions_floor_spawned":[4,10,11],"killed_by":"Hexaghost","ascension_level":1}}