{"host":"w3q5ijqu8eoknil3","time":1611928598,"event":{"mods":["AchievementEnabler","BaseMod","Block Reminder","Colored Map","Colored Powertips","Curses Come First","Dark Map","Minty Spire (QoL Compilation)","Quick Restart","Relic Stats","StSLib","ojb\u0027s Better Paths Mod","ojb\u0027s Info Mod","slay the spire mod where everything is the same but ironclad has a cowboy hat"],"gold_per_floor":[115,129,141,152,227,262,262,262,262,262,262],"floor_reached":10,"language":"ENG","playtime":223,"items_purged":[],"score":133,"play_id":"b0bfe565-4727-4974-8f01-72455379e8d2","local_time":"20210129135638","is_ascension_mode":true,"campfire_choices":[{"data":"Bouncing Flask","floor":7,"key":"SMITH"}],"circlet_count":0,"master_deck":["AscendersBane","Strike_G","Strike_G","Strike_G","Strike_G","Defend_G","Defend_G","Defend_G","Defend_G","Defend_G","Survivor","Neutralize","Deadly Poison","Blade Dance","Leg Sweep","Bouncing Flask+1","Storm of Steel"],"relics":["Ring of the Snake","NeowsBlessing","Boot","Snake Skull"],"acts_visited":["Exordium"],"potions_floor_usage":[6],"damage_taken":[{"damage":0,"enemies":"Jaw Worm","floor":1,"turns":1},{"damage":0,"enemies":"Small Slimes","floor":2,"turns":1},{"damage":0,"enemies":"2 Louse","floor":3,"turns":1},{"damage":0,"enemies":"Blue Slaver","floor":4,"turns":4},{"damage":42,"enemies":"Gremlin Nob","floor":6,"turns":6},{"damage":17,"enemies":"3 Sentries","floor":10,"turns":3}],"seed_played":"-6896032879710659754","potions_obtained":[{"floor":4,"key":"Regen Potion"}],"is_trial":false,"path_per_floor":["M","M","M","M","?","E","R","?","T","E"],"character_chosen":"THE_SILENT","items_purchased":[],"campfire_rested":0,"item_purchase_floors":[],"current_hp_per_floor":[59,59,59,59,48,21,21,14,14,0,0],"gold":262,"neow_bonus":"THREE_ENEMY_KILL","is_daily":false,"chose_seed":false,"campfire_upgraded":1,"win_rate":0.0,"timestamp":1611928598,"path_taken":["M","M","M","M","?","E","R","?","T","E"],"items_purchased_type":[],"build_version":"2020-12-22","purchased_purges":0,"victory":false,"max_hp_per_floor":[66,66,66,66,66,66,66,66,66,66,66],"relic_stats":{"counters":[6,16],"Snake Skull":[5],"Boot":[2],"obtain_stats":[{"NeowsBlessing":0,"Snake Skull":9,"Boot":6,"Ring of the Snake":0},{"NeowsBlessing":0,"Snake Skull":5,"Boot":5,"Ring of the Snake":0},{"NeowsBlessing":0,"Snake Skull":13,"Boot":13,"Ring of the Snake":0}],"Ring of the Snake":[12]},"card_choices":[{"not_picked":["Dodge and Roll","Backflip"],"picked":"Deadly Poison","floor":1},{"not_picked":["Caltrops","Slice"],"picked":"Blade Dance","floor":2},{"not_picked":["Cloak And Dagger","Accuracy"],"picked":"Leg Sweep","floor":3},{"not_picked":["Tactician","Dagger Spray"],"picked":"Bouncing Flask","floor":4},{"not_picked":["Heel Hook","Flying Knee"],"picked":"Storm of Steel","floor":6}],"player_experience":1019736,"relics_obtained":[{"floor":6,"key":"Boot"},{"floor":9,"key":"Snake Skull"}],"event_choices":[{"damage_healed":0,"gold_gain":75,"player_choice":"Gather Gold","damage_taken":11,"max_hp_gain":0,"max_hp_loss":0,"event_name":"World of Goop","floor":5,"gold_loss":0},{"cards_removed":["Strike_G"],"damage_healed":0,"gold_gain":0,"player_choice":"Card Removal","damage_taken":7,"max_hp_gain":0,"max_hp_loss":0,"event_name":"Golden Wing","floor":8,"gold_loss":0}],"is_beta":false,"boss_relics":[],"items_purged_floors":[],"is_endless":false,"potions_floor_spawned":[4],"killed_by":"3 Sentries","ascension_level":19}}