{"host":"kg61lsvem4dxoat8","time":1611884795,"event":{"mods":["AchievementEnabler","BaseMod","Better Altar","Better Match","Better Sensory Stone","Highlight Path","Minty Spire (QoL Compilation)","Quick Restart","Relic Sorter","Relic Stats","StSLib","Synergy Search","slay the spire mod where everything is the same but ironclad has a cowboy hat"],"gold_per_floor":[109,109,34,109,122,151,166,180,180,180,180,180,196,226,226,303,303,316,329,346,261,261,261,273,198,198,215,1,14,14,26,26,105,105,116,133,1132,299,299,333,333,364,364,374,374,374],"floor_reached":45,"language":"ENG","playtime":1302,"items_purged":["Strike_G","Normality"],"score":1050,"play_id":"4177902d-00c5-4c17-9754-2a2a6e0772e0","local_time":"20210129094635","is_ascension_mode":true,"campfire_choices":[{"data":"Blade Dance","floor":10.0,"key":"SMITH"},{"floor":12.0,"key":"REST"},{"floor":15.0,"key":"REST"},{"data":"Cloak And Dagger","floor":23.0,"key":"SMITH"},{"floor":32.0,"key":"REST"}],"circlet_count":0,"master_deck":["AscendersBane","Defend_G","Defend_G","Defend_G","Survivor","Neutralize","Deadly Poison","Dagger Spray","Blade Dance+1","Accuracy+1","Phantasmal Killer+1","CurseOfTheBell","Escape Plan","Cloak And Dagger+1","Backflip+1","Well Laid Plans","Blade Dance+1","Distraction+1","Normality","Blade Dance+1"],"relics":["Ring of the Snake","NeowsBlessing","Pen Nib","Nunchaku","Odd Mushroom","Calling Bell","Centennial Puzzle","Ornamental Fan","Incense Burner","Toxic Egg 2","Vajra","Empty Cage","Ginger","Bird Faced Urn","Bronze Scales","Snake Skull","Smiling Mask"],"acts_visited":["Exordium","TheCity","TheBeyond"],"potions_floor_usage":[],"damage_taken":[{"damage":0.0,"enemies":"Small Slimes","floor":1.0,"turns":1.0},{"damage":0.0,"enemies":"Jaw Worm","floor":5.0,"turns":1.0},{"damage":0.0,"enemies":"3 Sentries","floor":6.0,"turns":1.0},{"damage":0.0,"enemies":"2 Louse","floor":7.0,"turns":2.0},{"damage":17.0,"enemies":"Exordium Wildlife","floor":8.0,"turns":4.0},{"damage":1.0,"enemies":"Looter","floor":13.0,"turns":3.0},{"damage":4.0,"enemies":"The Mushroom Lair","floor":14.0,"turns":2.0},{"damage":30.0,"enemies":"The Guardian","floor":16.0,"turns":9.0},{"damage":5.0,"enemies":"2 Thieves","floor":18.0,"turns":4.0},{"damage":0.0,"enemies":"3 Byrds","floor":19.0,"turns":4.0},{"damage":4.0,"enemies":"Centurion and Healer","floor":20.0,"turns":8.0},{"damage":7.0,"enemies":"3 Cultists","floor":24.0,"turns":4.0},{"damage":2.0,"enemies":"Sentry and Sphere","floor":27.0,"turns":3.0},{"damage":1.0,"enemies":"Chosen and Byrds","floor":29.0,"turns":3.0},{"damage":7.0,"enemies":"Centurion and Healer","floor":31.0,"turns":2.0},{"damage":46.0,"enemies":"Champ","floor":33.0,"turns":8.0},{"damage":0.0,"enemies":"3 Shapes","floor":35.0,"turns":7.0},{"damage":0.0,"enemies":"Orb Walker","floor":36.0,"turns":2.0},{"damage":17.0,"enemies":"Giant Head","floor":40.0,"turns":5.0},{"damage":13,"enemies":"Nemesis","floor":42,"turns":5},{"damage":6,"enemies":"Writhing Mass","floor":44,"turns":4},{"damage":74,"enemies":"Transient","floor":45,"turns":6}],"seed_played":"226143783509749027","potions_obtained":[{"floor":6.0,"key":"PowerPotion"},{"floor":7.0,"key":"BlessingOfTheForge"},{"floor":8.0,"key":"Block Potion"},{"floor":19.0,"key":"SpeedPotion"},{"floor":24.0,"key":"GamblersBrew"},{"floor":27.0,"key":"Poison Potion"},{"floor":31.0,"key":"Dexterity Potion"},{"floor":35.0,"key":"Explosive Potion"}],"is_trial":false,"path_per_floor":["M","?","?","?","M","E","M","M","T","R","?","R","M","?","R","B",null,"M","M","M","?","?","R","M","?","T","M","$","M","?","M","R","B",null,"M","M","?","$","?","E","?","E","T","M","M"],"character_chosen":"THE_SILENT","items_purchased":["Blade Dance+1","Distraction+1","Ginger","Bird Faced Urn","Blade Dance+1"],"campfire_rested":3,"item_purchase_floors":[28,28,38,38,38],"current_hp_per_floor":[59,52,52,41,41,41,41,24,24,24,24,43,42,38,57,27,56,51,51,47,47,47,47,40,40,40,38,38,37,37,30,49,3,50,50,50,50,50,50,35,35,26,26,22,0,0],"gold":374,"neow_bonus":"THREE_ENEMY_KILL","is_daily":false,"chose_seed":false,"campfire_upgraded":2,"win_rate":0.0,"timestamp":1611884795,"path_taken":["M","?","?","?","?","E","M","M","T","R","?","R","M","?","R","BOSS","M","M","M","?","?","R","M","?","T","?","$","M","?","M","R","BOSS","M","?","?","$","?","E","?","E","T","M","M"],"items_purchased_type":["Card","Card","Relic","Relic","Card"],"build_version":"2020-12-22","purchased_purges":2,"victory":false,"max_hp_per_floor":[66,66,66,66,66,66,66,66,66,66,66,66,66,66,66,66,66,66,66,66,66,66,66,66,66,66,66,66,66,66,66,66,66,66,66,66,66,66,66,66,66,66,66,66,66,66],"relic_stats":{"Nunchaku":[29],"Centennial Puzzle":[33],"counters":[22,88],"Ornamental Fan":[260],"Bird Faced Urn":[10],"Bronze Scales":[51],"Pen Nib":[30],"Snake Skull":[3],"Ginger":[4],"Smiling Mask":0,"obtain_stats":[{"NeowsBlessing":0,"Vajra":26,"Pen Nib":6,"Snake Skull":42,"Incense Burner":17,"Ginger":38,"Odd Mushroom":14,"Empty Cage":34,"Smiling Mask":43,"Calling Bell":17,"Nunchaku":9,"Centennial Puzzle":17,"Ornamental Fan":17,"Bird Faced Urn":38,"Bronze Scales":40,"Toxic Egg 2":21,"Ring of the Snake":0},{"NeowsBlessing":0,"Vajra":12,"Pen Nib":3,"Snake Skull":20,"Incense Burner":8,"Ginger":18,"Odd Mushroom":7,"Empty Cage":16,"Smiling Mask":20,"Calling Bell":8,"Nunchaku":5,"Centennial Puzzle":8,"Ornamental Fan":8,"Bird Faced Urn":18,"Bronze Scales":19,"Toxic Egg 2":11,"Ring of the Snake":0},{"NeowsBlessing":0,"Vajra":43,"Pen Nib":3,"Snake Skull":78,"Incense Burner":23,"Ginger":68,"Odd Mushroom":14,"Empty Cage":59,"Smiling Mask":78,"Calling Bell":23,"Nunchaku":9,"Centennial Puzzle":23,"Ornamental Fan":23,"Bird Faced Urn":68,"Bronze Scales":73,"Toxic Egg 2":39,"Ring of the Snake":0}],"Ring of the Snake":[44]},"card_choices":[{"not_picked":["Underhanded Strike","Terror"],"picked":"Deadly Poison","floor":1.0},{"not_picked":["Footwork","Slice"],"picked":"Dagger Spray","floor":5.0},{"not_picked":["Dagger Throw","PiercingWail"],"picked":"Blade Dance","floor":6.0},{"not_picked":["Calculated Gamble","All Out Attack"],"picked":"Accuracy","floor":7.0},{"not_picked":["Prepared","Grand Finale","Catalyst"],"picked":"SKIP","floor":8.0},{"not_picked":["Bouncing Flask","Flying Knee","Endless Agony"],"picked":"SKIP","floor":13.0},{"not_picked":["Storm of Steel","Malaise"],"picked":"Phantasmal Killer","floor":16.0},{"not_picked":["Eviscerate","Prepared"],"picked":"Escape Plan","floor":18.0},{"not_picked":["Blur","Dash"],"picked":"Cloak And Dagger","floor":19.0},{"not_picked":["Noxious Fumes","Terror","Dagger Spray"],"picked":"SKIP","floor":20.0},{"not_picked":["PiercingWail+1","Bane"],"picked":"Backflip+1","floor":24.0},{"not_picked":["Catalyst+1","Outmaneuver+1","Doppelganger+1"],"picked":"SKIP","floor":27.0},{"not_picked":["Quick Slash","Heel Hook+1","Crippling Poison+1"],"picked":"SKIP","floor":29.0},{"not_picked":["Dodge and Roll+1","Dash","Backflip+1"],"picked":"SKIP","floor":31.0},{"not_picked":["Poisoned Stab","Dagger Throw","Dagger Spray"],"picked":"SKIP","floor":35.0},{"not_picked":["All Out Attack","Blur+1","Slice"],"picked":"SKIP","floor":36.0},{"not_picked":["Finisher+1","Caltrops+1","All Out Attack+1"],"picked":"SKIP","floor":40.0},{"not_picked":["Poisoned Stab","Dagger Throw","Slice"],"picked":"SKIP","floor":42},{"not_picked":["Outmaneuver+1","Dagger Throw+1","Reflex+1"],"picked":"SKIP","floor":44}],"player_experience":1418178,"relics_obtained":[{"floor":6.0,"key":"Pen Nib"},{"floor":9.0,"key":"Nunchaku"},{"floor":14.0,"key":"Odd Mushroom"},{"floor":17.0,"key":"Centennial Puzzle"},{"floor":17.0,"key":"Ornamental Fan"},{"floor":17.0,"key":"Incense Burner"},{"floor":26.0,"key":"Vajra"},{"floor":40.0,"key":"Bronze Scales"},{"floor":42,"key":"Snake Skull"},{"floor":43,"key":"Smiling Mask"}],"event_choices":[{"cards_removed":["Strike_G"],"damage_healed":0.0,"max_hp_gain":0.0,"max_hp_loss":0.0,"gold_gain":0.0,"event_name":"Golden Wing","player_choice":"Card Removal","floor":2.0,"gold_loss":0.0,"damage_taken":7.0},{"cards_removed":["Strike_G"],"damage_healed":0.0,"max_hp_gain":0.0,"max_hp_loss":0.0,"gold_gain":0.0,"event_name":"The Cleric","player_choice":"Card Removal","floor":3.0,"gold_loss":75.0,"damage_taken":0.0},{"damage_healed":0.0,"max_hp_gain":0.0,"max_hp_loss":0.0,"gold_gain":75.0,"event_name":"World of Goop","player_choice":"Gather Gold","floor":4.0,"gold_loss":0.0,"damage_taken":11.0},{"damage_healed":0.0,"max_hp_gain":0.0,"max_hp_loss":0.0,"gold_gain":0.0,"event_name":"Living Wall","player_choice":"Grow","floor":11.0,"gold_loss":0.0,"damage_taken":0.0,"cards_upgraded":["Accuracy"]},{"damage_healed":0.0,"max_hp_gain":0.0,"max_hp_loss":0.0,"gold_gain":0.0,"event_name":"Mushrooms","player_choice":"Fought Mushrooms","floor":14.0,"gold_loss":0.0,"damage_taken":0.0},{"damage_healed":0.0,"max_hp_gain":0.0,"max_hp_loss":0.0,"gold_gain":0.0,"event_name":"Addict","player_choice":"Obtained Relic","floor":21.0,"gold_loss":85.0,"damage_taken":0.0,"relics_obtained":["Toxic Egg 2"]},{"damage_healed":0.0,"max_hp_gain":0.0,"max_hp_loss":0.0,"gold_gain":0.0,"event_name":"Ghosts","player_choice":"Ignored","floor":22.0,"gold_loss":0.0,"damage_taken":0.0},{"damage_healed":0.0,"max_hp_gain":0.0,"max_hp_loss":0.0,"gold_gain":0.0,"cards_transformed":["Strike_G","Defend_G"],"event_name":"Designer","player_choice":"Transformed Cards","floor":25.0,"gold_loss":75.0,"damage_taken":0.0,"cards_obtained":["Well Laid Plans","Dagger Spray"]},{"damage_healed":0.0,"max_hp_gain":0.0,"max_hp_loss":0.0,"gold_gain":0.0,"event_name":"Accursed Blacksmith","player_choice":"Forge","floor":30.0,"gold_loss":0.0,"damage_taken":0.0,"cards_upgraded":["Phantasmal Killer"]},{"damage_healed":0.0,"max_hp_gain":0.0,"max_hp_loss":0.0,"gold_gain":999.0,"event_name":"MindBloom","player_choice":"Gold","floor":37.0,"gold_loss":0.0,"damage_taken":0.0,"cards_obtained":["Normality","Normality"]},{"damage_healed":0.0,"max_hp_gain":0.0,"max_hp_loss":0.0,"gold_gain":0.0,"event_name":"Tomb of Lord Red Mask","player_choice":"Ignored","floor":39.0,"gold_loss":0.0,"damage_taken":0.0},{"cards_removed":["Dagger Spray"],"damage_healed":0.0,"max_hp_gain":0.0,"max_hp_loss":0.0,"gold_gain":0.0,"event_name":"Falling","player_choice":"Removed Attack","floor":41.0,"gold_loss":0.0,"damage_taken":0.0}],"is_beta":false,"boss_relics":[{"not_picked":["SacredBark","SlaversCollar"],"picked":"Calling Bell"},{"not_picked":["Pandora\u0027s Box","Tiny House"],"picked":"Empty Cage"}],"items_purged_floors":[28,38],"is_endless":false,"potions_floor_spawned":[6,7,8,14,19,24,27,31,35],"killed_by":"Transient","ascension_level":20}}