{"host":"p8f0otjoacyb9giz","time":1611942440,"event":{"mods":["AchievementEnabler","BaseMod","Downfall","Minty Spire (QoL Compilation)","StSLib"],"gold_per_floor":[0,15,0,11,29,179,179,209,222,256,256,288,88,188,204,299,299,299,312,327,327,327,327,351,383,333,233,253,270,287,157,174,272,272,272,285,285,295,305,305,328,366,151,151,171,516,516,208,219,219,219,248,36,36,36,36],"floor_reached":57,"language":"ENG","playtime":3173,"items_purged":["downfall:Icky","Parasite"],"score":1574,"play_id":"af163a17-5802-460a-9587-202b135021aa","local_time":"20210129204720","is_ascension_mode":true,"campfire_choices":[{"data":"Guardian:CurlUp","floor":1.0,"key":"SMITH"},{"floor":11.0,"key":"RECALL"},{"data":"Guardian:FloatingOrbs","floor":13.0,"key":"SMITH"},{"data":"Guardian:ConstructionForm","floor":18.0,"key":"SMITH"},{"data":"Guardian:BodySlam","floor":23.0,"key":"SMITH"},{"data":"RitualDagger","floor":27,"key":"SMITH"},{"data":"Guardian:SphericShield","floor":35,"key":"SMITH"},{"data":"Guardian:FloatingOrbs","floor":47,"key":"SMITH"},{"data":"Guardian:BodySlam","floor":54,"key":"SMITH"}],"circlet_count":0,"master_deck":["Guardian:Strike_Guardian","Guardian:Strike_Guardian","Guardian:Strike_Guardian","Guardian:Defend_Guardian","Guardian:Defend_Guardian","Guardian:Defend_Guardian","Guardian:Defend_Guardian","Guardian:CurlUp+1","Guardian:TwinSlam","Guardian:ConstructionForm+1","Guardian:ShieldCharger","Guardian:FloatingOrbs+1","Guardian:Recover","Guardian:TimeSifter","Guardian:Harden","Guardian:Clone","Guardian:BodySlam+1","RitualDagger+1","Guardian:ShieldCharger+1","Guardian:ChargeUp+1","Guardian:BronzeOrb","Guardian:SphericShield+1","Guardian:StasisStrike","Guardian:SpikerProtocol+1","Guardian:FloatingOrbs+1","Guardian:ConstructionForm+1","Guardian:BodySlam+1","Guardian:BronzeOrb","Guardian:TemporalShield","Guardian:Repulse"],"relics":["Guardian:ModeShifter","Calipers","Darkstone Periapt","MealTicket","downfall:HeartBlessingRed","downfall:HeartBlessingGreen","Runic Dome","downfall:RedIOU","Pear","downfall:HeartBlessingBlue","SlaversCollar","CeramicFish","DollysMirror","Gremlin Horn","Guardian:GemstoneGun"],"acts_visited":["Exordium","TheCity","TheBeyond","TheEnding"],"potions_floor_usage":[25,31,31,56,56],"damage_taken":[{"damage":0.0,"enemies":"Cultist","floor":2.0,"turns":5.0},{"damage":2.0,"enemies":"downfall:FleeingMerchant","floor":3.0,"turns":4.0},{"damage":7.0,"enemies":"Jaw Worm","floor":4.0,"turns":4.0},{"damage":9.0,"enemies":"Small Slimes","floor":5.0,"turns":4.0},{"damage":10.0,"enemies":"3 Sentries","floor":8.0,"turns":8.0},{"damage":0.0,"enemies":"Blue Slaver","floor":9.0,"turns":6.0},{"damage":0.0,"enemies":"Gremlin Nob","floor":10.0,"turns":5.0},{"damage":15.0,"enemies":"3 Sentries","floor":12.0,"turns":14.0},{"damage":3.0,"enemies":"2 Fungi Beasts","floor":15.0,"turns":4.0},{"damage":6.0,"enemies":"WA_ARCHETYPE_RETAIN","floor":16.0,"turns":9.0},{"damage":6.0,"enemies":"Chosen","floor":19.0,"turns":6.0},{"damage":12.0,"enemies":"Snake Plant","floor":20.0,"turns":7.0},{"damage":14,"enemies":"Book of Stabbing","floor":25,"turns":6},{"damage":18,"enemies":"Snecko","floor":28,"turns":8},{"damage":3,"enemies":"Centurion and Healer","floor":29,"turns":5},{"damage":0,"enemies":"Cultist and Chosen","floor":30,"turns":7},{"damage":0,"enemies":"downfall:FleeingMerchant","floor":31,"turns":4},{"damage":18,"enemies":"Shelled Parasite and Fungi","floor":32,"turns":5},{"damage":10,"enemies":"SI_MIRROR_ARCHETYPE","floor":33,"turns":10},{"damage":16,"enemies":"3 Shapes","floor":36,"turns":3},{"damage":0,"enemies":"Orb Walker","floor":38,"turns":3},{"damage":23,"enemies":"Jaw Worm Horde","floor":39,"turns":5},{"damage":26,"enemies":"Writhing Mass","floor":42,"turns":6},{"damage":4,"enemies":"downfall:FleeingMerchant","floor":43,"turns":4},{"damage":0,"enemies":"Sphere and 2 Shapes","floor":45,"turns":6},{"damage":0,"enemies":"downfall:FleeingMerchant","floor":46,"turns":3},{"damage":26,"enemies":"Maw","floor":49,"turns":6},{"damage":42,"enemies":"DF_ARCHETYPE_ORBS","floor":50,"turns":11},{"damage":3,"enemies":"downfall:CharBossMerchant","floor":52,"turns":9},{"damage":0,"enemies":"downfall:NeowBoss","floor":55,"turns":13},{"damage":0,"enemies":"downfall:NeowBossFinal","floor":56,"turns":10}],"seed_played":"3283115700344403876","potions_obtained":[{"floor":5.0,"key":"Energy Potion"},{"floor":9.0,"key":"Guardian:AcceleratePotion"},{"floor":10.0,"key":"FearPotion"},{"floor":12.0,"key":"Guardian:BlockOnCardUsePotion"},{"floor":16.0,"key":"Dexterity Potion"},{"floor":28,"key":"ColorlessPotion"},{"floor":32,"key":"champ:CounterPotion"},{"floor":36,"key":"SpeedPotion"},{"floor":42,"key":"FairyPotion"}],"is_trial":false,"path_per_floor":["R","M","$","M","M","?","T","E","M","E","R","E","R","?","M","B",null,"R","M","M","?","?","R","T","E","?","R","M","M","M","$","M","B",null,"R","M","?","M","M","?","T","M","$","?","M","$","R","$","M","B",null,"E","$","R","B","B",null],"character_chosen":"GUARDIAN","items_purchased":["Guardian:BronzeOrb","Guardian:FloatingOrbs","DollysMirror","Gremlin Horn","Guardian:BronzeOrb","Guardian:TemporalShield","Guardian:Repulse"],"campfire_rested":0,"item_purchase_floors":[31,43,43,48,48,53,53],"current_hp_per_floor":[72,72,70,63,54,54,54,44,44,44,44,29,29,29,26,20,65,65,59,47,47,41,41,41,37,70,80,62,59,59,74,56,46,87,87,71,71,71,48,87,87,67,78,78,78,93,93,93,67,25,76,73,88,88,88,88],"gold":36,"neow_bonus":"THREE_RARE_CARDS","is_daily":false,"chose_seed":false,"campfire_upgraded":8,"win_rate":0.0,"timestamp":1611942440,"path_taken":["R","M","$","M","M","?","T","E","M","E","R","E","R","?","M","BOSS","R","M","M","?","?","R","T","E","?","R","M","M","M","$","M","BOSS","R","M","?","M","M","?","T","M","$","?","M","?","R","$","M","BOSS","E","$","R","BOSS","BOSS"],"items_purchased_type":["Card","Card","Relic","Relic","Card","Card","Card"],"build_version":"2020-12-22","purchased_purges":2,"victory":true,"max_hp_per_floor":[80,80,80,80,80,80,80,80,80,80,80,80,80,80,80,80,80,80,80,80,80,80,80,80,90,90,100,100,100,100,100,100,100,100,100,100,100,100,100,87,87,93,93,93,93,93,93,93,93,93,93,93,90,90,90,90],"card_choices":[{"not_picked":["Guardian:Gem_Synthetic","Guardian:StasisField"],"picked":"Guardian:ConstructionForm","floor":0.0},{"not_picked":["Guardian:CrystalBeam","Guardian:Gem_Green"],"picked":"Guardian:ShieldCharger","floor":2.0},{"not_picked":["Guardian:Preprogram","Guardian:TimeCapacitor"],"picked":"Guardian:FloatingOrbs","floor":3.0},{"not_picked":["Guardian:CrystalBeam","Guardian:PrismaticBarrier"],"picked":"Guardian:Recover","floor":4.0},{"not_picked":["Guardian:Gem_Green","Guardian:RollAttack","Guardian:WalkerClaw"],"picked":"SKIP","floor":5.0},{"not_picked":["Guardian:RollAttack","Guardian:Recover"],"picked":"Guardian:TimeSifter","floor":8.0},{"not_picked":["Guardian:Reroute","Guardian:Incinerate"],"picked":"Guardian:Harden","floor":9.0},{"not_picked":["Guardian:WalkerClaw","Guardian:Gem_Purple"],"picked":"Guardian:Gem_Orange","floor":10.0},{"not_picked":["Guardian:PrimingBeam","Guardian:SentryBeam","Guardian:Incinerate"],"picked":"SKIP","floor":12.0},{"not_picked":["Guardian:PrimingBeam","Guardian:Repulse"],"picked":"Guardian:Clone","floor":15.0},{"not_picked":["Guardian:Gem_Synthetic","Guardian:GemFire"],"picked":"Guardian:Gem_Orange","floor":16.0},{"not_picked":["Guardian:Suspension","Guardian:PrismaticBeam","Guardian:TemporalStrike"],"picked":"SKIP","floor":19.0},{"not_picked":["Guardian:Clone","Guardian:Gem_Lightblue"],"picked":"Guardian:BodySlam","floor":20.0},{"not_picked":["Guardian:CrystalBeam+1","Guardian:SphericShield"],"picked":"Guardian:ShieldCharger+1","floor":25},{"not_picked":["Guardian:Recover","Guardian:Preprogram","Guardian:Gem_Fragmented"],"picked":"SKIP","floor":28},{"not_picked":["Guardian:ChargeCore","Guardian:PrimingBeam+1"],"picked":"Guardian:ChargeUp+1","floor":29},{"not_picked":["Guardian:TimeCapacitor","Guardian:PiercingHide","Guardian:VentSteam"],"picked":"SKIP","floor":30},{"not_picked":["Guardian:Emergency","Guardian:TemporalShield","Guardian:PrimingBeam"],"picked":"SKIP","floor":31},{"not_picked":["Guardian:EvasiveProtocol","Guardian:VentSteam","Guardian:TemporalStrike"],"picked":"SKIP","floor":32},{"not_picked":["Guardian:Gem_Orange","Guardian:ExploitGems"],"picked":"Guardian:SphericShield","floor":33},{"not_picked":["Guardian:TimeBomb","Guardian:Gem_Red","Guardian:VentSteam"],"picked":"SKIP","floor":36},{"not_picked":["Guardian:CrystalBeam","Guardian:Reroute","Guardian:Gem_Green"],"picked":"SKIP","floor":38},{"not_picked":["Guardian:Orbwalk+1","Guardian:SentryBeam"],"picked":"Guardian:StasisStrike","floor":39},{"not_picked":["Guardian:VentSteam","Guardian:CrystalBeam+1"],"picked":"Guardian:SpikerProtocol+1","floor":42},{"not_picked":["Guardian:Preprogram+1","Guardian:Orbwalk+1","Guardian:Gem_Green"],"picked":"SKIP","floor":43},{"not_picked":["Guardian:BronzeOrb","Guardian:Repulse"],"picked":"Guardian:BodySlam","floor":45},{"not_picked":["Guardian:ShieldSpikes","Guardian:Gem_White","Guardian:ChargeCore+1"],"picked":"SKIP","floor":46},{"not_picked":["Guardian:BronzeOrb","Guardian:Gem_Red","Guardian:Preprogram+1"],"picked":"SKIP","floor":49},{"not_picked":["Guardian:CrystalBeam+1","Guardian:RollAttack+1","Guardian:Planning+1"],"picked":"SKIP","floor":52}],"player_experience":419003,"relics_obtained":[{"floor":7.0,"key":"Calipers"},{"floor":8.0,"key":"Darkstone Periapt"},{"floor":10.0,"key":"MealTicket"},{"floor":12.0,"key":"Orichalcum"},{"floor":25,"key":"Pear"},{"floor":41,"key":"CeramicFish"},{"floor":52,"key":"Guardian:GemstoneGun"}],"event_choices":[{"cards_removed":["Guardian:Strike_Guardian"],"damage_healed":0,"gold_gain":0,"player_choice":"Removed Attack","damage_taken":0,"max_hp_gain":0,"max_hp_loss":0,"event_name":"Falling","floor":37,"gold_loss":0},{"damage_healed":0,"gold_gain":0,"player_choice":"Ignored","damage_taken":0,"max_hp_gain":0,"max_hp_loss":0,"event_name":"Mysterious Sphere","floor":44,"gold_loss":0}],"is_beta":false,"boss_relics":[{"not_picked":["Snecko Eye","Calling Bell"],"picked":"Runic Dome"},{"not_picked":["Empty Cage","Coffee Dripper"],"picked":"SlaversCollar"}],"items_purged_floors":[31,53],"is_endless":false,"potions_floor_spawned":[5,9,10,12,15,16,19,20,28,32,36,42,45,49,52],"ascension_level":7}}