{"host":"hca6liskeo7s99fa","time":1611952746,"event":{"mods":["BaseMod","Downfall","Hermit","Minty Spire (QoL Compilation)","Replay The Spire","StSLib"],"gold_per_floor":[112,112,3,3,15,46,46,60,60,88,88,122,4,29,29,128,128,141,157,229,57,57,57,382,72,95,20,39,59,59,59,59,164,164,179,190,115,115,128,157,157,4,4,22,34,34,34,34,34,34],"floor_reached":51,"language":"ENG","playtime":2075,"items_purged":["Strike_R"],"score":1068,"play_id":"de2013b7-888f-4f85-a7b6-afa05ed64811","local_time":"20210129153906","is_ascension_mode":true,"campfire_choices":[{"data":"Whirlwind","floor":7,"key":"SMITH"},{"data":"Replay:BasicMightCard","floor":11,"key":"SMITH"},{"data":"Rage","floor":15,"key":"SMITH"},{"data":"Flex","floor":23,"key":"SMITH"},{"data":"Heavy Blade","floor":30,"key":"SMITH"},{"data":"Heavy Blade","floor":32,"key":"SMITH"},{"data":"Exhume","floor":41,"key":"SMITH"},{"floor":47,"key":"REST"},{"floor":49,"key":"REST"}],"circlet_count":0,"master_deck":["Strike_R","Strike_R","Defend_R","Defend_R","Defend_R+1","Bash+1","AbeCurse","Iron Wave+1","Replay:BasicMightCard+1","Clothesline","Rage+1","Whirlwind+1","Shrug It Off","Limit Break+1","Dual Wield","Secret Technique+1","Limit Break","Seeing Red","Dual Wield","ReplayTheSpireMod:Muscle Training","Flex+1","Heavy Blade+1","Heavy Blade+1","Limit Break+1","Whirlwind","Enlightenment","Twin Strike","ReplayTheSpireMod:Stacked+1","Exhume+1","Cleave+1","Flex+1","Massacre+1","Uppercut+1","Inflame","Heavy Blade+1","Pummel+1","Reckless Charge+1"],"relics":["Abe\u0027s Treasure","Art of War","Blue Doll","Onion Ring","Dream Catcher","TungstenRod","Vajra","Philosopher\u0027s Stone","Replay:Wax Seal","ClockworkSouvenir","Old Coin","Guide Book","Juzu Bracelet","Runic Pyramid","Molten Egg 2","Gremlin Food","Thread and Needle"],"acts_visited":["Exordium","TheCity","TheBeyond"],"potions_floor_usage":[10,14,14,19,24,33,44,50,50],"damage_taken":[{"damage":3,"enemies":"Small Slimes","floor":1,"turns":3},{"damage":0,"enemies":"Cultist","floor":5,"turns":2},{"damage":6,"enemies":"Gremlin Nob","floor":6,"turns":3},{"damage":2,"enemies":"2 Louse","floor":8,"turns":2},{"damage":12,"enemies":"3 Sentries","floor":10,"turns":2},{"damage":0,"enemies":"Gremlin Nob","floor":12,"turns":2},{"damage":0,"enemies":"Lagavulin","floor":14,"turns":2},{"damage":26,"enemies":"Hexaghost","floor":16,"turns":7},{"damage":0,"enemies":"Spheric Guardian","floor":18,"turns":3},{"damage":8,"enemies":"2 Thieves","floor":19,"turns":2},{"damage":12,"enemies":"Replay:Snechameleon","floor":24,"turns":4},{"damage":5,"enemies":"Chosen and Byrds","floor":28,"turns":3},{"damage":0,"enemies":"Cultist and Chosen","floor":29,"turns":3},{"damage":3,"enemies":"Champ","floor":33,"turns":7},{"damage":6,"enemies":"Orb Walker","floor":35,"turns":2},{"damage":0,"enemies":"3 Shapes","floor":36,"turns":3},{"damage":3,"enemies":"Sphere and 2 Shapes","floor":39,"turns":2},{"damage":21,"enemies":"Nemesis","floor":40,"turns":3},{"damage":0,"enemies":"Transient","floor":44,"turns":5},{"damage":0,"enemies":"Spire Growth","floor":45,"turns":2},{"damage":0,"enemies":"Time Eater","floor":50,"turns":2}],"seed_played":"1475569561057083878","potions_obtained":[{"floor":6,"key":"Cursed Concoction"},{"floor":8,"key":"Fire Potion"},{"floor":10,"key":"FearPotion"},{"floor":14,"key":"Reflective Coating"},{"floor":18,"key":"SkillPotion"},{"floor":20,"key":"bronze:BurnAndBuffPotion"},{"floor":28,"key":"Venom Potion"},{"floor":39,"key":"FearPotion"},{"floor":40,"key":"SkillPotion"},{"floor":44,"key":"DuplicationPotion"},{"floor":45,"key":"Adrenaline Potion"}],"is_trial":false,"path_per_floor":["M","?","$","T","M","E","R","M","T","E","R","E","$","E","R","B",null,"M","M","?","$","?","R","E","$","T","?","M","M","R","?","R","B",null,"M","M","$","?","M","E","R","$","T","M","M","?","R","?","R","B",null],"character_chosen":"IRONCLAD","items_purchased":["Replay:BasicMightCard","Clothesline","Secret Technique+1","Heavy Blade","ClockworkSouvenir","Guide Book","Whirlwind","Enlightenment","Gremlin Food"],"campfire_rested":2,"item_purchase_floors":[3,3,13,21,21,25,25,25,42],"current_hp_per_floor":[77,77,77,77,77,71,71,69,69,57,57,57,57,57,57,31,68,68,60,60,60,60,60,48,48,48,48,43,43,43,43,43,40,70,64,64,64,64,61,40,40,40,40,40,40,40,64,64,80,80],"gold":34,"neow_bonus":"BOSS_RELIC","is_daily":false,"chose_seed":false,"campfire_upgraded":7,"win_rate":0.0,"timestamp":1611952746,"path_taken":["M","?","$","?","M","E","R","M","T","E","R","E","$","E","R","BOSS","M","M","?","$","?","R","E","$","T","?","M","M","R","?","R","BOSS","M","M","$","?","M","E","R","$","T","M","M","?","R","?","R","BOSS"],"items_purchased_type":["Card","Card","Card","Card","Relic","Relic","Card","Card","Relic"],"build_version":"2020-12-22","purchased_purges":1,"victory":true,"max_hp_per_floor":[80,80,80,80,80,80,80,80,80,80,80,80,80,80,80,80,80,80,80,80,80,80,80,80,80,80,80,80,80,80,80,80,80,80,80,80,80,80,80,80,80,80,80,80,80,80,80,80,80,80],"card_choices":[{"not_picked":["Replay:Undeath\u0027s Touch","Wild Strike"],"picked":"Iron Wave","floor":1},{"not_picked":["Replay:Undeath\u0027s Touch","Havoc"],"picked":"Rage","floor":5},{"not_picked":["Twin Strike","Heavy Blade"],"picked":"Whirlwind","floor":6},{"not_picked":["Infernal Blade","Warcry"],"picked":"Shrug It Off","floor":8},{"not_picked":["Clash","Clothesline"],"picked":"Limit Break","floor":10},{"not_picked":["Shrug It Off","ReplayTheSpireMod:Stacked"],"picked":"Dual Wield","floor":12},{"not_picked":["Pommel Strike","Wild Strike","Fire Breathing"],"picked":"SKIP","floor":14},{"not_picked":["Exhume","Brutality"],"picked":"Limit Break","floor":16},{"not_picked":["Shrug It Off","Burning Pact"],"picked":"Seeing Red","floor":18},{"not_picked":["Uppercut+1","Carnage"],"picked":"Dual Wield","floor":19},{"not_picked":["Iron Wave","Anger"],"picked":"ReplayTheSpireMod:Muscle Training","floor":20},{"not_picked":["Wild Strike+1","Pommel Strike+1"],"picked":"Flex","floor":20},{"not_picked":["Iron Wave","Combust"],"picked":"Limit Break","floor":24},{"not_picked":["Metallicize","True Grit+1"],"picked":"Twin Strike","floor":28},{"not_picked":["Perfected Strike+1","Havoc"],"picked":"ReplayTheSpireMod:Stacked+1","floor":29},{"not_picked":["Hemogenesis","Barricade"],"picked":"Exhume","floor":33},{"not_picked":["ReplayTheSpireMod:Stacked","Twin Strike+1"],"picked":"Cleave+1","floor":35},{"not_picked":["Disarm","Wild Strike"],"picked":"Flex+1","floor":36},{"not_picked":["Cleave","Uppercut"],"picked":"Massacre+1","floor":39},{"not_picked":["Fire Breathing","Life Link"],"picked":"Uppercut+1","floor":40},{"not_picked":["Run Through+1","ReplayReversal+1"],"picked":"Inflame","floor":44},{"not_picked":["Juggernaut","True Grit+1"],"picked":"Heavy Blade+1","floor":45},{"not_picked":["Burning Pact+1","Thunderclap+1"],"picked":"Pummel+1","floor":47},{"not_picked":["True Grit+1","Wild Strike+1"],"picked":"Reckless Charge+1","floor":49}],"player_experience":294396,"relics_obtained":[{"floor":4,"key":"Art of War"},{"floor":6,"key":"Blue Doll"},{"floor":9,"key":"Onion Ring"},{"floor":10,"key":"Dream Catcher"},{"floor":12,"key":"TungstenRod"},{"floor":14,"key":"Vajra"},{"floor":20,"key":"Replay:Wax Seal"},{"floor":24,"key":"Old Coin"},{"floor":26,"key":"Juzu Bracelet"},{"floor":40,"key":"Molten Egg 2"},{"floor":43,"key":"Thread and Needle"}],"event_choices":[{"damage_healed":0,"gold_gain":0,"player_choice":"Forge","damage_taken":0,"max_hp_gain":0,"max_hp_loss":0,"event_name":"Accursed Blacksmith","floor":2,"gold_loss":0,"cards_upgraded":["Bash"]},{"cards_removed":["Strike_R"],"damage_healed":0,"gold_gain":0,"player_choice":"Purged","damage_taken":0,"max_hp_gain":0,"max_hp_loss":0,"event_name":"Purifier","floor":22,"gold_loss":0},{"cards_removed":["Strike_R"],"damage_healed":0,"gold_gain":0,"player_choice":"Gave Gold","damage_taken":0,"max_hp_gain":0,"max_hp_loss":0,"event_name":"Beggar","floor":27,"gold_loss":75},{"cards_removed":["Defend_R"],"damage_healed":0,"gold_gain":0,"player_choice":"Removed Skill","damage_taken":0,"max_hp_gain":0,"max_hp_loss":0,"event_name":"Falling","floor":38,"gold_loss":0},{"damage_healed":0,"gold_gain":0,"player_choice":"0 cards matched","damage_taken":0,"max_hp_gain":0,"max_hp_loss":0,"event_name":"Match and Keep!","floor":46,"gold_loss":0,"cards_obtained":[]}],"is_beta":false,"boss_relics":[{"not_picked":["Astrolabe","Ring of Chaos"],"picked":"Philosopher\u0027s Stone"},{"not_picked":["Snecko Heart","Runic Dome"],"picked":"Runic Pyramid"}],"items_purged_floors":[37],"is_endless":false,"potions_floor_spawned":[6,8,10,14,18,28,39,40,44,45],"ascension_level":5}}