{"host":"mj8akmyfd5lo602f","time":1611936141,"event":{"mods":["2.2 Compatiblity","Act Like it!","BaseMod","Bestiary","BshForSts","Colored Map","Colored Powertips","Downfall","Highlight Path","Minty Spire (QoL Compilation)","Permanent Neow","Relic Stats","StSLib"],"gold_per_floor":[99,114,132,142,242,258,258,198,98,133,33,48,61,94,114,213,213,213,224,163,174,174,184,256,356,374,274,290,128,128,113,129,233,233,233,245,461,474,484,484,511,523,542,542,553,553,553,553,567,567,567,567],"floor_reached":50,"language":"ENG","playtime":3589,"items_purged":[],"score":535,"play_id":"802bc616-8900-45f4-a4c5-8bc4f65c5295","local_time":"20210129160221","is_ascension_mode":false,"campfire_choices":[{"floor":1.0,"key":"RECALL"},{"data":"bronze:GetLatest","floor":9.0,"key":"SMITH"},{"data":"bronze:FollowUp","floor":11.0,"key":"SMITH"},{"data":"bronze:Frontload","floor":18.0,"key":"SMITH"},{"data":"bronze:Repulsor","floor":27.0,"key":"SMITH"},{"data":"bronze:SpaghettiCode","floor":35,"key":"SMITH"},{"data":"bronze:ItsAFeature","floor":40,"key":"SMITH"},{"data":"bronze:Turbo","floor":44,"key":"SMITH"},{"data":"bronze:Shell","floor":47,"key":"SMITH"}],"circlet_count":0,"master_deck":["bronze:Strike","bronze:Strike","bronze:Strike","bronze:Strike","bronze:Defend","bronze:Defend","bronze:Defend","bronze:Defend","bronze:Replicate","bronze:Goto+1","bronze:Branch","bronze:BronzeOrb","bronze:GetLatest+1","bronze:FollowUp+1","bronze:Safeguard","bronze:Frontload+1","bronze:Repair+1","bronze:Shield","bronze:BronzeOrb","bronze:FollowUp","bronze:InfiniteLoop","bronze:Shell+1","bronze:CloningBeam+1","bronze:Turbo+1","bronze:Repulsor+1","bronze:ItsAFeature+1","bronze:SpaghettiCode+1","bronze:Frontload+1","bronze:Repulsor+1","downfall:Malfunctioning","bronze:Turbo+1","bronze:AlphaBuild"],"relics":["bronze:BronzeCore","Toy Ornithopter","downfall:HeartBlessingRed","Bottled Flame","downfall:HeartBlessingGreen","Ice Cream","Philosopher\u0027s Stone","Potion Belt","downfall:HeartBlessingBlue","Medical Kit","Cursed Key","War Paint","Bag of Preparation"],"acts_visited":["Exordium","TheCity","TheBeyond"],"potions_floor_usage":[39,43,50],"damage_taken":[{"damage":2.0,"enemies":"2 Louse","floor":2.0,"turns":4.0},{"damage":2.0,"enemies":"Small Slimes","floor":3.0,"turns":4.0},{"damage":0.0,"enemies":"Cultist","floor":4.0,"turns":4.0},{"damage":2.0,"enemies":"Blue Slaver","floor":6.0,"turns":4.0},{"damage":0.0,"enemies":"downfall:FleeingMerchant","floor":8.0,"turns":4.0},{"damage":0.0,"enemies":"Gremlin Nob","floor":10.0,"turns":4.0},{"damage":4.0,"enemies":"Exordium Thugs","floor":12.0,"turns":4.0},{"damage":0.0,"enemies":"Large Slime","floor":13.0,"turns":4.0},{"damage":3.0,"enemies":"3 Sentries","floor":14.0,"turns":5.0},{"damage":0.0,"enemies":"2 Fungi Beasts","floor":15.0,"turns":3.0},{"damage":76.0,"enemies":"SI_SHIV_ARCHETYPE","floor":16.0,"turns":16.0},{"damage":0.0,"enemies":"Shell Parasite","floor":19.0,"turns":5.0},{"damage":0.0,"enemies":"downfall:FleeingMerchant","floor":20.0,"turns":4.0},{"damage":11.0,"enemies":"3 Byrds","floor":21.0,"turns":4.0},{"damage":0.0,"enemies":"Sentry and Sphere","floor":23.0,"turns":4.0},{"damage":0.0,"enemies":"downfall:LadyInBlue","floor":25.0,"turns":14.0},{"damage":0.0,"enemies":"Snecko","floor":26.0,"turns":4.0},{"damage":1.0,"enemies":"Chosen and Byrds","floor":28.0,"turns":6.0},{"damage":7.0,"enemies":"downfall:FleeingMerchant","floor":29.0,"turns":4.0},{"damage":0.0,"enemies":"downfall:FleeingMerchant","floor":31.0,"turns":4.0},{"damage":5.0,"enemies":"Shelled Parasite and Fungi","floor":32.0,"turns":6.0},{"damage":47.0,"enemies":"IC_MUSHROOM_ARCHETYPE","floor":33.0,"turns":11.0},{"damage":0,"enemies":"3 Shapes","floor":36,"turns":2},{"damage":0,"enemies":"downfall:FleeingMerchant","floor":37,"turns":3},{"damage":15,"enemies":"Orb Walker","floor":38,"turns":4},{"damage":8,"enemies":"Transient","floor":39,"turns":5},{"damage":17,"enemies":"4 Shapes","floor":42,"turns":7},{"damage":0,"enemies":"Sphere and 2 Shapes","floor":43,"turns":4},{"damage":6,"enemies":"3 Darklings","floor":45,"turns":8},{"damage":13,"enemies":"Writhing Mass","floor":49,"turns":9},{"damage":107,"enemies":"WA_ARCHETYPE_DIVINITY","floor":50,"turns":9}],"seed_played":"-1324027562043793282","potions_obtained":[{"floor":3.0,"key":"AttackPotion"},{"floor":12.0,"key":"SpeedPotion"},{"floor":13.0,"key":"Energy Potion"},{"floor":15.0,"key":"LiquidMemories"},{"floor":16.0,"key":"champ:CounterPotion"},{"floor":25.0,"key":"Fire Potion"},{"floor":25.0,"key":"SneckoOil"},{"floor":25.0,"key":"Fruit Juice"},{"floor":25.0,"key":"PowerPotion"},{"floor":26.0,"key":"bronze:FreeFunctionsPotion"},{"floor":32.0,"key":"Weak Potion"},{"floor":33.0,"key":"LiquidBronze"},{"floor":36,"key":"DuplicationPotion"},{"floor":39,"key":"DistilledChaos"},{"floor":43,"key":"Ancient Potion"}],"is_trial":false,"path_per_floor":["R","M","M","M","?","M","T","$","R","E","R","M","M","E","M","B",null,"R","M","$","M","?","M","T","?","M","R","M","$","?","$","M","B",null,"R","M","$","M","M","R","T","M","M","R","M","?","R","?","M","B"],"character_chosen":"THE_AUTOMATON","items_purchased":["bronze:Frontload","bronze:Turbo","Medical Kit","War Paint"],"campfire_rested":0,"item_purchase_floors":[8,20,29,37],"current_hp_per_floor":[70,68,66,66,66,64,64,64,64,64,64,66,70,70,70,9,70,70,70,70,66,66,70,70,70,70,80,79,73,65,72,67,37,80,80,80,80,65,72,72,72,63,83,83,79,79,79,79,72,0,0,0],"gold":567,"neow_bonus":"UPGRADE_CARD","is_daily":false,"chose_seed":false,"campfire_upgraded":8,"win_rate":0.0,"timestamp":1611936141,"path_taken":["R","M","M","M","?","M","T","$","R","E","R","M","M","E","M","BOSS","R","M","$","M","?","M","T","?","M","R","?","$","?","$","M","BOSS","R","M","$","M","M","R","T","M","M","R","M","?","R","?","M","BOSS"],"items_purchased_type":["Card","Card","Relic","Relic"],"build_version":"2020-12-22","purchased_purges":0,"victory":false,"max_hp_per_floor":[70,70,70,70,70,70,70,70,70,70,70,70,70,70,70,70,70,70,70,70,70,70,70,70,70,70,80,80,80,80,80,80,80,80,80,80,80,80,80,80,80,80,85,85,85,85,85,85,85,85,85,85],"relic_stats":{"counters":[31,173],"Bag of Preparation":[10],"War Paint":["bronze:Repair","bronze:Turbo"],"Medical Kit":[7],"Cursed Key":1,"obtain_stats":[{"Ice Cream":14,"Potion Belt":25,"bronze:BronzeCore":0,"downfall:HeartBlessingRed":9,"downfall:HeartBlessingGreen":11,"Bag of Preparation":41,"War Paint":37,"Medical Kit":29,"Cursed Key":34,"Bottled Flame":10,"downfall:HeartBlessingBlue":27,"Philosopher\u0027s Stone":17,"Toy Ornithopter":7},{"Ice Cream":9,"Potion Belt":16,"bronze:BronzeCore":0,"downfall:HeartBlessingRed":5,"downfall:HeartBlessingGreen":6,"Bag of Preparation":26,"War Paint":24,"Medical Kit":19,"Cursed Key":22,"Bottled Flame":6,"downfall:HeartBlessingBlue":17,"Philosopher\u0027s Stone":11,"Toy Ornithopter":4},{"Ice Cream":37,"Potion Belt":87,"bronze:BronzeCore":0,"downfall:HeartBlessingRed":20,"downfall:HeartBlessingGreen":24,"Bag of Preparation":136,"War Paint":127,"Medical Kit":101,"Cursed Key":122,"Bottled Flame":24,"downfall:HeartBlessingBlue":91,"Philosopher\u0027s Stone":56,"Toy Ornithopter":16}],"Toy Ornithopter":40},"card_choices":[{"not_picked":["bronze:Invalidate","bronze:ItsAFeature"],"picked":"bronze:Branch","floor":2.0},{"not_picked":["bronze:ClassDefault","bronze:DelayedSlice"],"picked":"bronze:BronzeOrb","floor":3.0},{"not_picked":["bronze:NullPointer","bronze:Allocate"],"picked":"bronze:GetLatest","floor":4.0},{"not_picked":["bronze:Separator","bronze:FineTuning"],"picked":"bronze:FollowUp","floor":6.0},{"not_picked":["bronze:Constructor","bronze:BitShift"],"picked":"bronze:Safeguard","floor":8.0},{"not_picked":["bronze:TinkerersToolbox","bronze:ForLoop"],"picked":"bronze:Repair","floor":10.0},{"not_picked":["bronze:DelayedSlice","bronze:Frontload"],"picked":"bronze:Shield","floor":12.0},{"not_picked":["bronze:BitShift","bronze:Branch"],"picked":"bronze:BronzeOrb","floor":13.0},{"not_picked":["bronze:Allocate","bronze:BronzeOrb","bronze:DelayedSlice"],"picked":"SKIP","floor":14.0},{"not_picked":["bronze:DelayedSlice","bronze:BronzeArmor"],"picked":"bronze:FollowUp","floor":15.0},{"not_picked":["bronze:ShipIt","bronze:Format"],"picked":"bronze:InfiniteLoop","floor":16.0},{"not_picked":["bronze:ChildClass+1","bronze:Deprecate+1"],"picked":"bronze:Shell","floor":19.0},{"not_picked":["bronze:GetLatest+1","bronze:Frontload"],"picked":"bronze:CloningBeam","floor":20.0},{"not_picked":["bronze:Invalidate","bronze:Deprecate","bronze:WildBeam"],"picked":"SKIP","floor":21.0},{"not_picked":["bronze:Constructor+1","bronze:Deprecate"],"picked":"bronze:Repulsor","floor":23.0},{"not_picked":["bronze:Overheat+1","bronze:Frontload"],"picked":"bronze:ItsAFeature","floor":25.0},{"not_picked":["bronze:BugBarrage+1","bronze:Constructor","bronze:Return+1"],"picked":"SKIP","floor":26.0},{"not_picked":["bronze:Backtrace","bronze:WildBeam","bronze:FineTuning"],"picked":"SKIP","floor":28.0},{"not_picked":["bronze:BuggyMess","bronze:TinkerersToolbox","bronze:WildBeam+1"],"picked":"SKIP","floor":29.0},{"not_picked":["bronze:Optimize","bronze:Safeguard","bronze:Overload"],"picked":"SKIP","floor":31.0},{"not_picked":["bronze:CutThrough","bronze:Separator","bronze:DelayedGuard"],"picked":"SKIP","floor":32.0},{"not_picked":["bronze:CutThrough","bronze:Separator","bronze:DelayedGuard"],"picked":"SKIP","floor":32.0},{"not_picked":["bronze:CleanCode","bronze:BurnOut"],"picked":"bronze:SpaghettiCode","floor":33.0},{"not_picked":["bronze:DelayedSlice","bronze:Iterate","bronze:Constructor+1"],"picked":"SKIP","floor":36},{"not_picked":["bronze:CutThrough","bronze:DelayedGuard+1","bronze:Philosophize"],"picked":"SKIP","floor":37},{"not_picked":["bronze:CutThrough+1","bronze:NullPointer+1"],"picked":"bronze:Frontload+1","floor":38},{"not_picked":["bronze:FollowUp+1","bronze:Philosophize+1"],"picked":"bronze:Repulsor+1","floor":39},{"not_picked":["bronze:Boost+1","bronze:Deprecate+1"],"picked":"bronze:Turbo","floor":42},{"not_picked":["bronze:Frontload+1","bronze:CutThrough+1","bronze:Separator+1"],"picked":"SKIP","floor":43},{"not_picked":["bronze:Backtrace+1","bronze:Separator+1","bronze:BitShift"],"picked":"SKIP","floor":45},{"not_picked":["bronze:ChosenStrike","bronze:Branch"],"picked":"bronze:AlphaBuild","floor":49}],"player_experience":453986,"relics_obtained":[{"floor":7.0,"key":"Toy Ornithopter"},{"floor":10.0,"key":"Bottled Flame"},{"floor":14.0,"key":"Ice Cream"},{"floor":25.0,"key":"Potion Belt"},{"floor":41,"key":"Bag of Preparation"}],"event_choices":[],"is_beta":false,"boss_relics":[{"not_picked":["bronze:MakeshiftBattery","Velvet Choker"],"picked":"Philosopher\u0027s Stone"},{"not_picked":["SlaversCollar","expansioncontent:StudyCardRelic"],"picked":"Cursed Key"}],"items_purged_floors":[],"is_endless":false,"potions_floor_spawned":[3,12,13,15,16,25,26,32,33,36,39,43,49],"killed_by":"WA_ARCHETYPE_DIVINITY","ascension_level":0}}