{"host":"r53pw7z744tg3fxg","time":1611937669,"event":{"mods":["AchievementEnabler","BaseMod","Colored Map","Colored Powertips","Highlight Path","Minty Spire (QoL Compilation)","Quick Restart","Transform Curses"],"gold_per_floor":[110,120,120,85,85,85,105,137,137,137,51,78,20,20,20,93,143,163,163,175,175,185,185,25,25,25],"floor_reached":25,"language":"ENG","playtime":633,"items_purged":[],"score":475,"play_id":"975de4dd-6da7-4ed8-8b30-322b1953b0b1","local_time":"20210129092749","is_ascension_mode":true,"campfire_choices":[{"data":"Evaluate","floor":6.0,"key":"SMITH"},{"floor":15.0,"key":"REST"},{"floor":23,"key":"REST"}],"circlet_count":0,"master_deck":["AscendersBane","Strike_P+1","Strike_P+1","Strike_P","Strike_P","Defend_P","Defend_P","Defend_P+1","Eruption+1","Vigilance","Consecrate+1","Evaluate+1","Sanctity","WheelKick","Wallop","BattleHymn","PathToVictory","DeusExMachina","FlurryOfBlows","Pray","Halt","Worship"],"relics":["PureWater","Calipers","White Beast Statue","Peace Pipe","Whetstone","Tiny House","Lantern"],"acts_visited":["Exordium","TheCity"],"potions_floor_usage":[22,22,25],"damage_taken":[{"damage":2.0,"enemies":"2 Louse","floor":1.0,"turns":4.0},{"damage":0.0,"enemies":"Small Slimes","floor":2.0,"turns":2.0},{"damage":0.0,"enemies":"Jaw Worm","floor":7.0,"turns":3.0},{"damage":12.0,"enemies":"3 Sentries","floor":8.0,"turns":3.0},{"damage":24.0,"enemies":"Gremlin Nob","floor":12.0,"turns":3.0},{"damage":0.0,"enemies":"Slime Boss","floor":16.0,"turns":4.0},{"damage":18.0,"enemies":"Shell Parasite","floor":18.0,"turns":3.0},{"damage":0.0,"enemies":"3 Byrds","floor":20.0,"turns":3.0},{"damage":14,"enemies":"Centurion and Healer","floor":22,"turns":4},{"damage":54,"enemies":"Chosen and Byrds","floor":25,"turns":3}],"seed_played":"302329877719942896","potions_obtained":[{"floor":2.0,"key":"BlessingOfTheForge"},{"floor":12.0,"key":"FearPotion"},{"floor":16.0,"key":"SkillPotion"},{"floor":17.0,"key":"Block Potion"},{"floor":20.0,"key":"Weak Potion"},{"floor":22,"key":"DistilledChaos"}],"is_trial":false,"path_per_floor":["M","M","?","?","?","R","M","E","T","?","$","E","$","?","R","B",null,"M","?","M","?","M","R","$","M"],"character_chosen":"WATCHER","items_purchased":["Wallop","PathToVictory","Lantern"],"campfire_rested":2,"item_purchase_floors":[11,13,24],"current_hp_per_floor":[59,59,33,50,50,50,50,38,38,38,38,14,14,14,34,34,65,47,47,47,47,33,54,54,0,0],"gold":25,"neow_bonus":"UPGRADE_CARD","is_daily":false,"chose_seed":false,"campfire_upgraded":1,"win_rate":0.0,"timestamp":1611937669,"path_taken":["M","M","?","?","?","R","?","E","T","?","?","E","$","?","R","BOSS","M","?","M","?","M","R","?","M"],"items_purchased_type":["Card","Card","Relic"],"build_version":"2020-12-22","purchased_purges":0,"victory":false,"max_hp_per_floor":[68,68,68,68,68,68,68,68,68,68,68,68,68,68,68,68,73,73,73,73,73,73,73,73,73,73],"card_choices":[{"not_picked":["EmptyBody","FollowUp"],"picked":"Consecrate","floor":1.0},{"not_picked":["Prostrate","FollowUp"],"picked":"Evaluate","floor":2.0},{"not_picked":["Conclude","Fasting2"],"picked":"Sanctity","floor":7.0},{"not_picked":["SandsOfTime","Vengeance"],"picked":"WheelKick","floor":8.0},{"not_picked":["Weave","Ragnarok"],"picked":"BattleHymn","floor":12.0},{"not_picked":["Alpha","Ragnarok"],"picked":"DeusExMachina","floor":16.0},{"not_picked":["CrushJoints","Consecrate"],"picked":"FlurryOfBlows","floor":17.0},{"not_picked":["Worship","EmptyFist"],"picked":"Pray","floor":18.0},{"not_picked":["FlyingSleeves","Wireheading"],"picked":"Halt","floor":20.0},{"not_picked":["JustLucky","Protect"],"picked":"Worship","floor":22}],"player_experience":1386681,"relics_obtained":[{"floor":8.0,"key":"White Beast Statue"},{"floor":9.0,"key":"Peace Pipe"},{"floor":12.0,"key":"Whetstone"}],"event_choices":[{"damage_healed":0.0,"max_hp_gain":0.0,"max_hp_loss":0.0,"gold_gain":0.0,"event_name":"Scrap Ooze","player_choice":"Success","floor":3.0,"gold_loss":0.0,"damage_taken":26.0,"relics_obtained":["Calipers"]},{"damage_healed":17.0,"max_hp_gain":0.0,"max_hp_loss":0.0,"gold_gain":0.0,"event_name":"The Cleric","player_choice":"Healed","floor":4.0,"gold_loss":35.0,"damage_taken":0.0},{"damage_healed":0.0,"max_hp_gain":0.0,"max_hp_loss":0.0,"gold_gain":0.0,"event_name":"Living Wall","player_choice":"Grow","floor":5.0,"gold_loss":0.0,"damage_taken":0.0,"cards_upgraded":["Consecrate"]},{"cards_removed":["Defend_P"],"damage_healed":0.0,"max_hp_gain":0.0,"max_hp_loss":0.0,"gold_gain":0.0,"event_name":"Bonfire Elementals","player_choice":"Offered Basic","floor":10.0,"gold_loss":0.0,"damage_taken":0.0},{"damage_healed":0.0,"max_hp_gain":0.0,"max_hp_loss":0.0,"gold_gain":0.0,"event_name":"Liars Game","player_choice":"Ignored","floor":14.0,"gold_loss":0.0,"damage_taken":0.0},{"damage_healed":0.0,"max_hp_gain":0.0,"max_hp_loss":0.0,"gold_gain":0.0,"event_name":"Beggar","player_choice":"Ignored","floor":19.0,"gold_loss":0.0,"damage_taken":0.0},{"damage_healed":0.0,"max_hp_gain":0.0,"max_hp_loss":0.0,"gold_gain":0.0,"event_name":"Vampires","player_choice":"Ignored","floor":21.0,"gold_loss":0.0,"damage_taken":0.0}],"is_beta":false,"boss_relics":[{"not_picked":["Astrolabe","Ectoplasm"],"picked":"Tiny House"}],"items_purged_floors":[],"is_endless":false,"potions_floor_spawned":[2,12,16,18,20,22],"killed_by":"Chosen and Byrds","ascension_level":17}}