{"host":"oeqgep2lwmjgysjb","time":1611890306,"event":{"mods":["AchievementEnabler","Aspiration","BaseMod","BetterRewards","Colored Powertips","Conspire","Custom Start","Downfall","Hubris","Infinite Spire","Minty Spire (QoL Compilation)","Quick Restart","Replay The Spire","Shop Mod","StSLib","The Hierophant","The Poker Player","The Runesmith"],"gold_per_floor":[111,111,61,61,61,61,72,72,72],"floor_reached":8,"language":"ENG","playtime":521,"items_purged":["Runesmith:PoweredAnvil+1"],"score":44,"play_id":"9ac27c40-6252-4f99-b6c0-f6b5fbec0213","local_time":"20210129141826","is_ascension_mode":false,"campfire_choices":[{"data":"Runesmith:Firestorm","floor":6,"key":"SMITH"}],"circlet_count":0,"master_deck":["Runesmith:PoweredAnvil+1","Runesmith:Strike_RS","Runesmith:Strike_RS","Runesmith:Strike_RS","Runesmith:Defend_RS","Runesmith:Defend_RS","Runesmith:Defend_RS","Runesmith:Defend_RS","Runesmith:CraftFirestone","Runesmith:Fortify","Runesmith:Firestorm+1","Runesmith:RunicBlueprint","Runesmith:ElementalConversion+1","Runesmith:Accelerate","Runesmith:LithiumIon","Injury","Runesmith:CraftMedicinae","Runesmith:NanitesCloud","Runesmith:Fortify","Runesmith:CraftVitae"],"relics":["Runesmith:BrokenRuby","hubris:EmptyBottle","Frozen Egg 2"],"acts_visited":["Exordium"],"potions_floor_usage":[8],"damage_taken":[{"damage":2,"enemies":"Small Slimes","floor":1,"turns":4},{"damage":7,"enemies":"Jaw Worm","floor":7,"turns":4},{"damage":63,"enemies":"Gremlin Nob","floor":8,"turns":5}],"seed_played":"-6153058762873052578","potions_obtained":[{"floor":1,"key":"LiquidMemories"}],"is_trial":false,"path_per_floor":["M","?","?","?","?","R","M","E"],"character_chosen":"RUNESMITH_CLASS","items_purchased":["hubris:EmptyBottle","Runesmith:Firestorm","Runesmith:RunicBlueprint","Runesmith:ElementalConversion+1"],"campfire_rested":0,"item_purchase_floors":[0,0,0,0],"current_hp_per_floor":[50,50,50,50,50,50,43,0,0],"gold":72,"neow_bonus":"","is_daily":false,"chose_seed":false,"campfire_upgraded":1,"win_rate":0.0,"timestamp":1611890306,"path_taken":["M","?","?","?","?","R","?","E"],"items_purchased_type":["Relic","Card","Card","Card"],"build_version":"2020-12-22","purchased_purges":1,"victory":false,"max_hp_per_floor":[70,70,70,70,70,70,70,70,70],"card_choices":[{"not_picked":["Runesmith:BackupBattery","Runesmith:Grindstone"],"picked":"Runesmith:LithiumIon","floor":1},{"not_picked":["Runesmith:Attraction","Runesmith:ShiftingStrike"],"picked":"Runesmith:CraftVitae","floor":7}],"player_experience":383939,"relics_obtained":[],"event_choices":[{"cards_removed":["Runesmith:Strike_RS"],"damage_healed":0,"gold_gain":0,"player_choice":"Card Removal","damage_taken":0,"max_hp_gain":0,"max_hp_loss":0,"event_name":"The Cleric","floor":3,"gold_loss":50},{"damage_healed":0,"gold_gain":0,"player_choice":"Ignored","damage_taken":0,"max_hp_gain":0,"max_hp_loss":0,"event_name":"Liars Game","floor":4,"gold_loss":0},{"damage_healed":0,"gold_gain":0,"player_choice":"3 cards matched","damage_taken":0,"max_hp_gain":0,"max_hp_loss":0,"event_name":"Match and Keep!","floor":5,"gold_loss":0,"cards_obtained":["Runesmith:CraftMedicinae","Runesmith:NanitesCloud","Runesmith:Fortify"]}],"is_beta":false,"boss_relics":[],"items_purged_floors":[0],"is_endless":false,"potions_floor_spawned":[1],"killed_by":"Gremlin Nob","ascension_level":0}}