{"host":"d2y4rmbezebiv8aj","time":1611906310,"event":{"mods":["AchievementEnabler","BaseMod","Bestiary","BetterRewards","Colored Map","Colored Powertips","Custom Start","Highlight Path","Minty Spire (QoL Compilation)","Quick Restart","Rare Cards Sparkle","Relic Sorter","Relic Stats","Shop Mod","Slay-I","StSLib","SuperFastMode"],"gold_per_floor":[116,129,129,148,223,223,258,258,258,272,283,309,309,334,334,436,436,452,302,319,92,191,225,237,237,237,271,281,281,294,310,310,310,310],"floor_reached":33,"language":"DEU","playtime":973,"items_purged":[],"score":471,"play_id":"bde2490b-2371-46f4-8008-545e1204ecf0","local_time":"20210129084510","is_ascension_mode":true,"campfire_choices":[{"data":"Backstab","floor":6.0,"key":"SMITH"},{"data":"Flying Knee","floor":8.0,"key":"SMITH"},{"data":"Quick Slash","floor":13.0,"key":"SMITH"},{"data":"Flying Knee","floor":15.0,"key":"SMITH"},{"floor":29,"key":"REST"},{"floor":32,"key":"REST"}],"circlet_count":0,"master_deck":["AscendersBane","Strike_G","Strike_G","Strike_G","Strike_G","Strike_G","Defend_G","Defend_G","Defend_G","Defend_G","Defend_G","Survivor","Neutralize","Backstab+1","Quick Slash+1","Flying Knee+1","Flying Knee","Blade Dance","Masterful Stab","Flying Knee+1","Infinite Blades","Adrenaline","CurseOfTheBell","Noxious Fumes","Backstab","Infinite Blades","Die Die Die","Pain","All Out Attack+1","Accuracy","Burst"],"relics":["Ring of the Snake","Oddly Smooth Stone","Pear","Blood Vial","Ice Cream","Calling Bell","Juzu Bracelet","Kunai","Thread and Needle","Snake Skull","Toolbox","Lizard Tail","WarpedTongs","Art of War","MealTicket"],"acts_visited":["Exordium","TheCity"],"potions_floor_usage":[28,30,30,30,31,33,33],"damage_taken":[{"damage":0.0,"enemies":"Cultist","floor":1.0,"turns":4.0},{"damage":0.0,"enemies":"Jaw Worm","floor":2.0,"turns":3.0},{"damage":0.0,"enemies":"2 Louse","floor":4.0,"turns":2.0},{"damage":11.0,"enemies":"Gremlin Nob","floor":7.0,"turns":5.0},{"damage":0.0,"enemies":"Blue Slaver","floor":10.0,"turns":3.0},{"damage":0.0,"enemies":"Exordium Wildlife","floor":11.0,"turns":1.0},{"damage":12.0,"enemies":"3 Sentries","floor":14.0,"turns":5.0},{"damage":43.0,"enemies":"Slime Boss","floor":16.0,"turns":11.0},{"damage":8.0,"enemies":"Shell Parasite","floor":18.0,"turns":5.0},{"damage":0.0,"enemies":"Spheric Guardian","floor":20.0,"turns":3.0},{"damage":12.0,"enemies":"Slavers","floor":23.0,"turns":4.0},{"damage":29.0,"enemies":"Snake Plant","floor":24.0,"turns":5.0},{"damage":37.0,"enemies":"Gremlin Leader","floor":27.0,"turns":9.0},{"damage":27,"enemies":"Chosen and Byrds","floor":28,"turns":5},{"damage":27,"enemies":"Shelled Parasite and Fungi","floor":30,"turns":5},{"damage":0,"enemies":"Centurion and Healer","floor":31,"turns":3},{"damage":75,"enemies":"Collector","floor":33,"turns":7}],"seed_played":"-4683309313990842099","potions_obtained":[{"floor":1.0,"key":"Fruit Juice"},{"floor":2.0,"key":"GhostInAJar"},{"floor":11.0,"key":"GamblersBrew"},{"floor":14.0,"key":"Fruit Juice"},{"floor":18.0,"key":"BlessingOfTheForge"},{"floor":20.0,"key":"Weak Potion"},{"floor":27.0,"key":"EntropicBrew"},{"floor":30,"key":"AttackPotion"},{"floor":31,"key":"EssenceOfSteel"}],"is_trial":false,"path_per_floor":["M","M","?","M","?","R","E","R","T","M","M","T","R","E","R","B",null,"M","$","M","$","?","E","M","?","T","E","M","R","M","M","R","B"],"character_chosen":"THE_SILENT","items_purchased":["Backstab","Snake Skull","Infinite Blades","Toolbox"],"campfire_rested":2,"item_purchase_floors":[0,19,21,21],"current_hp_per_floor":[63,63,63,63,52,52,46,46,56,56,56,56,56,46,46,10,70,64,64,66,66,66,56,29,29,29,45,20,47,22,24,51,0,0],"gold":310,"neow_bonus":"","is_daily":false,"chose_seed":false,"campfire_upgraded":4,"win_rate":0.0,"timestamp":1611906310,"path_taken":["M","?","?","M","?","R","E","R","T","M","M","?","R","E","R","BOSS","M","$","M","$","?","E","M","?","T","E","M","R","M","M","R","BOSS"],"items_purchased_type":["Card","Relic","Card","Relic"],"build_version":"2020-12-22","purchased_purges":0,"victory":false,"max_hp_per_floor":[70,70,70,70,70,70,75,75,85,85,85,85,85,85,85,90,90,90,90,90,90,90,90,90,90,90,90,90,90,90,90,90,90,90],"relic_stats":{"Blood Vial":22,"Lizard Tail":45,"counters":[60,322],"MealTicket":0,"Snake Skull":[32],"Juzu Bracelet":0,"Art of War":[1],"Kunai":[40],"obtain_stats":[{"Ice Cream":17,"Darkstone Periapt":9,"TwistedFunnel":0,"Lantern":22,"Regal Pillow":0,"Snake Skull":19,"Incense Burner":6,"Bag of Preparation":4,"Juzu Bracelet":17,"Smiling Mask":5,"Blood Vial":10,"Dream Catcher":11,"Lizard Tail":23,"Ninja Scroll":5,"Toolbox":21,"Tiny Chest":17,"MealTicket":21,"Red Mask":20,"Kunai":9,"Toxic Egg 2":11,"Ring of the Snake":0,"Girya":9,"Pear":9,"Oddly Smooth Stone":13,"Thread and Needle":26,"War Paint":9,"White Beast Statue":6,"WarpedTongs":25,"Calling Bell":17,"Shuriken":22,"Orrery":0,"Molten Egg 2":17,"Turnip":8,"Art of War":27,"Bag of Marbles":29,"Meat on the Bone":17,"Pocketwatch":17},{"Ice Cream":16,"Darkstone Periapt":21,"TwistedFunnel":39,"Lantern":17,"Regal Pillow":18,"Snake Skull":52,"Incense Burner":11,"Bag of Preparation":20,"Juzu Bracelet":24,"Smiling Mask":10,"Blood Vial":5,"Dream Catcher":36,"Lizard Tail":54,"Ninja Scroll":33,"Toolbox":53,"Tiny Chest":16,"MealTicket":17,"Red Mask":27,"Kunai":35,"Toxic Egg 2":22,"Ring of the Snake":0,"Girya":5,"Pear":47,"Oddly Smooth Stone":14,"Thread and Needle":28,"War Paint":12,"White Beast Statue":34,"WarpedTongs":55,"Calling Bell":16,"Shuriken":17,"Orrery":8,"Molten Egg 2":24,"Turnip":5,"Art of War":28,"Bag of Marbles":29,"Meat on the Bone":16,"Pocketwatch":24},{"Ice Cream":95,"Darkstone Periapt":121,"TwistedFunnel":218,"Lantern":103,"Regal Pillow":110,"Snake Skull":281,"Incense Burner":58,"Bag of Preparation":118,"Juzu Bracelet":141,"Smiling Mask":52,"Blood Vial":27,"Dream Catcher":203,"Lizard Tail":288,"Ninja Scroll":184,"Toolbox":284,"Tiny Chest":95,"MealTicket":103,"Red Mask":155,"Kunai":197,"Toxic Egg 2":127,"Ring of the Snake":0,"Girya":27,"Pear":256,"Oddly Smooth Stone":74,"Thread and Needle":162,"War Paint":60,"White Beast Statue":192,"WarpedTongs":293,"Calling Bell":95,"Shuriken":103,"Orrery":45,"Molten Egg 2":141,"Turnip":27,"Art of War":162,"Bag of Marbles":168,"Meat on the Bone":95,"Pocketwatch":141}],"Ring of the Snake":[120],"WarpedTongs":[29]},"card_choices":[{"not_picked":["Terror","Underhanded Strike"],"picked":"Quick Slash","floor":1.0},{"not_picked":["Quick Slash","Acrobatics"],"picked":"Flying Knee","floor":2.0},{"not_picked":["Deflect","Outmaneuver"],"picked":"Flying Knee","floor":4.0},{"not_picked":["Distraction","Doppelganger"],"picked":"Blade Dance","floor":7.0},{"not_picked":["Dash","Dodge and Roll"],"picked":"Masterful Stab","floor":10.0},{"not_picked":["Underhanded Strike","Cloak And Dagger"],"picked":"Flying Knee","floor":11.0},{"not_picked":["Bane","Dodge and Roll"],"picked":"Infinite Blades","floor":14.0},{"not_picked":["Corpse Explosion","Burst"],"picked":"Adrenaline","floor":16.0},{"not_picked":["Slice","Quick Slash"],"picked":"Noxious Fumes","floor":18.0},{"not_picked":["Dagger Spray+1","Prepared"],"picked":"Backstab","floor":20.0},{"not_picked":["Tactician","Deadly Poison"],"picked":"Die Die Die","floor":23.0},{"not_picked":["Backflip+1","Outmaneuver","Dagger Throw"],"picked":"SKIP","floor":24.0},{"not_picked":["Finisher","Endless Agony"],"picked":"All Out Attack+1","floor":27.0},{"not_picked":["Underhanded Strike","Deflect"],"picked":"Accuracy","floor":28},{"not_picked":["Bouncing Flask","Acrobatics"],"picked":"Burst","floor":30},{"not_picked":["Eviscerate+1","Bouncing Flask","Well Laid Plans"],"picked":"SKIP","floor":31}],"player_experience":384661,"relics_obtained":[{"floor":7.0,"key":"Oddly Smooth Stone"},{"floor":9.0,"key":"Pear"},{"floor":12.0,"key":"Blood Vial"},{"floor":14.0,"key":"Ice Cream"},{"floor":17.0,"key":"Juzu Bracelet"},{"floor":17.0,"key":"Kunai"},{"floor":17.0,"key":"Thread and Needle"},{"floor":23.0,"key":"Lizard Tail"},{"floor":26.0,"key":"Art of War"},{"floor":27.0,"key":"MealTicket"}],"event_choices":[{"damage_healed":0.0,"max_hp_gain":0.0,"max_hp_loss":0.0,"gold_gain":0.0,"event_name":"The Cleric","player_choice":"Leave","floor":3.0,"gold_loss":0.0,"damage_taken":0.0},{"damage_healed":0.0,"max_hp_gain":0.0,"max_hp_loss":0.0,"gold_gain":75.0,"event_name":"World of Goop","player_choice":"Gather Gold","floor":5.0,"gold_loss":0.0,"damage_taken":11.0},{"damage_healed":0.0,"max_hp_gain":0.0,"max_hp_loss":0.0,"gold_gain":99.0,"event_name":"Nest","player_choice":"Stole From Cult","floor":22.0,"gold_loss":0.0,"damage_taken":0.0},{"damage_healed":0.0,"max_hp_gain":0.0,"max_hp_loss":0.0,"gold_gain":0.0,"event_name":"Accursed Blacksmith","player_choice":"Rummage","floor":25.0,"gold_loss":0.0,"damage_taken":0.0,"relics_obtained":["WarpedTongs"],"cards_obtained":["Pain"]}],"is_beta":false,"boss_relics":[{"not_picked":["Tiny House","Runic Dome"],"picked":"Calling Bell"}],"items_purged_floors":[],"is_endless":false,"potions_floor_spawned":[1,2,11,14,18,20,27,30,31],"killed_by":"Collector","ascension_level":10}}