{"host":"8kweeulvvasqx820","time":1611887632,"event":{"mods":["Aspiration","BaseMod","Better Altar","Better Match","Better Note","Better Sensory Stone","Better Skull","Better Third Choice","BetterRewards","Colored Map","Conspire","Displayed Cursed Tome","Downfall","Hubris","Infinite Spire","Jorbs\u0027s Wanderer Trilogy","Minty Spire (QoL Compilation)","Relic Stats","Replay The Spire","Spicy Shops","StSLib","SuperFastMode","Swap Starting Deck Mod","The Construct","The Marked","The Servant 0.9.4","everything is the same but u backflip on backflip","slay the spire mod where everything is the same but ironclad has a cowboy hat"],"gold_per_floor":[99,16,37,26,60,60,106,27,59,85,85,85,85,102,130,145,145,145],"floor_reached":16,"language":"ENG","playtime":1564,"items_purged":[],"score":100,"play_id":"11876e08-8025-40df-b515-152392c8b3ed","local_time":"20210128213352","is_ascension_mode":false,"campfire_choices":[{"data":"Guardian:CurlUp","floor":1,"key":"SMITH"},{"data":"Guardian:Preprogram","floor":11,"key":"SMITH"},{"data":"Guardian:DonusPower","floor":13,"key":"SMITH"}],"circlet_count":0,"master_deck":["conspire:SpireCoStock","Guardian:Strike_Guardian","Guardian:Strike_Guardian","Guardian:Strike_Guardian","Guardian:Strike_Guardian","Guardian:Defend_Guardian","Guardian:Defend_Guardian","Guardian:Defend_Guardian","Guardian:Defend_Guardian","Guardian:CurlUp+1","Guardian:TwinSlam","Guardian:FloatingOrbs","Shame","Guardian:SphericShield","Guardian:Preprogram+1","Guardian:DonusPower+1","Guardian:ShieldCharger","Guardian:Emergency","Guardian:SentryBeam"],"relics":["Guardian:ModeShifter","ReplayTheSpireMod:Lightbulb","ReplayTheSpireMod:TigerMarble"],"acts_visited":["Exordium"],"potions_floor_usage":[4,9,16,16,16],"damage_taken":[{"damage":5,"enemies":"downfall:FleeingMerchant","floor":2,"turns":4},{"damage":13,"enemies":"Small Slimes","floor":3,"turns":5},{"damage":7,"enemies":"downfall:FleeingMerchant","floor":4,"turns":4},{"damage":6,"enemies":"Cultist","floor":5,"turns":5},{"damage":17,"enemies":"downfall:FleeingMerchant","floor":8,"turns":4},{"damage":10,"enemies":"Replay:BlueRogue","floor":9,"turns":7},{"damage":1,"enemies":"Jaw Worm","floor":10,"turns":6},{"damage":5,"enemies":"Lots of Slimes","floor":14,"turns":5},{"damage":7,"enemies":"3 Louse","floor":15,"turns":3},{"damage":18,"enemies":"DF_ARCHETYPE_STREAMLINE","floor":16,"turns":14}],"seed_played":"-1398331576075011301","potions_obtained":[{"floor":0,"key":"FearPotion"},{"floor":0,"key":"EssenceOfSteel"},{"floor":0,"key":"hexamod:SoulburnPotion"},{"floor":9,"key":"CultistPotion"},{"floor":10,"key":"LiquidMemories"}],"is_trial":false,"path_per_floor":["R","$","M","$","M","?","T","$","E","M","R","?","R","M","M","B"],"character_chosen":"GUARDIAN","items_purchased":["ReplayTheSpireMod:Lightbulb","Guardian:ShieldCharger"],"campfire_rested":0,"item_purchase_floors":[2,8],"current_hp_per_floor":[80,75,62,55,49,57,57,40,30,29,29,29,29,24,17,0,0,0],"gold":145,"neow_bonus":"THREE_SMALL_POTIONS","is_daily":false,"chose_seed":false,"campfire_upgraded":3,"win_rate":0.0,"timestamp":1611887632,"path_taken":["R","$","M","$","M","?","T","?","E","M","R","?","R","M","M","BOSS"],"items_purchased_type":["Relic","Card"],"build_version":"2020-12-22","purchased_purges":0,"victory":false,"max_hp_per_floor":[80,80,80,80,80,80,80,80,80,80,80,80,80,80,80,80,80,80],"relic_stats":{"counters":[10,57],"obtain_stats":[{"Guardian:ModeShifter":0,"ReplayTheSpireMod:TigerMarble":9,"ReplayTheSpireMod:Lightbulb":2},{"Guardian:ModeShifter":0,"ReplayTheSpireMod:TigerMarble":6,"ReplayTheSpireMod:Lightbulb":1},{"Guardian:ModeShifter":0,"ReplayTheSpireMod:TigerMarble":29,"ReplayTheSpireMod:Lightbulb":4}]},"card_choices":[{"not_picked":["Guardian:Gem_Red","Guardian:Gem_Green"],"picked":"Guardian:FloatingOrbs","floor":2},{"not_picked":["Guardian:WalkerClaw","Guardian:TemporalStrike"],"picked":"Guardian:Gem_Cyan","floor":3},{"not_picked":["Guardian:VentSteam","Guardian:WalkerClaw"],"picked":"Guardian:SphericShield","floor":4},{"not_picked":["Guardian:Incinerate","Guardian:WalkerClaw"],"picked":"Guardian:Preprogram","floor":5},{"not_picked":["Guardian:PiercingHide","Guardian:Gem_Blue"],"picked":"Guardian:DonusPower","floor":8},{"not_picked":["Guardian:RollAttack","Guardian:VentSteam","Guardian:HyperBeam_Guardian"],"picked":"SKIP","floor":9},{"not_picked":["Guardian:WalkerClaw","Guardian:RollAttack"],"picked":"Guardian:Emergency","floor":10},{"not_picked":["Guardian:PrismaticBarrier","Guardian:Suspension"],"picked":"Guardian:SentryBeam","floor":14},{"not_picked":["Guardian:PrismaticBarrier","Guardian:TemporalShield","Guardian:ShieldCharger"],"picked":"SKIP","floor":15}],"player_experience":103224,"relics_obtained":[{"floor":9,"key":"ReplayTheSpireMod:TigerMarble"}],"event_choices":[],"is_beta":false,"boss_relics":[],"items_purged_floors":[],"is_endless":false,"potions_floor_spawned":[3,9,10,14],"killed_by":"DF_ARCHETYPE_STREAMLINE","ascension_level":0}}