{"host":"4kmvpqjeiacgn1pr","time":1611884348,"event":{"mods":["AchievementEnabler","BaseMod","Better Altar","Better Match","Better Note","Better Sensory Stone","Better Skull","Better Third Choice","Colored Map","Colored Powertips","Curses Come First","Downfall","Highlight Path","Hubris","Infinite Spire","Minty Spire (QoL Compilation)","Permanent Neow","Quick Restart","Rare Cards Sparkle","Replay The Spire","Spicy Shops","StSLib"],"gold_per_floor":[99,115,115,134,158,177,200,200,228,228,245,245,264,3,17,17,17,17],"floor_reached":16,"language":"ENG","playtime":905,"items_purged":[],"score":127,"play_id":"4d5fbd69-1290-41bd-9abd-57bee82b26e1","local_time":"20210128203908","is_ascension_mode":false,"campfire_choices":[{"data":"Slimebound:MassFeed","floor":1,"key":"SMITH"},{"floor":10,"key":"REST"}],"circlet_count":0,"master_deck":["Slimebound:Strike_Slimebound","Slimebound:Strike_Slimebound","Slimebound:Strike_Slimebound","Slimebound:Tackle","Slimebound:Defend_Slimebound","Slimebound:Defend_Slimebound","Slimebound:Defend_Slimebound","Slimebound:Defend_Slimebound","Slimebound:Split","Slimebound:CorrosiveSpit","Slimebound:MassFeed+1","Slimebound:RejuvenatingLick","Slimebound:AcidTongue","Slimebound:Chomp","Slimebound:Overexert","Slimebound:SplitMire","Slimebound:SplitBruiser","Slimebound:GrowthPunch","Slimebound:HungryTackle","expansioncontent:DashGenerateEvil","Blood for Blood","Blood for Blood","Slimebound:Chomp"],"relics":["Omamori","Blue Doll","Lantern","m_BurningSludge"],"acts_visited":["Exordium"],"potions_floor_usage":[9,9,16,16],"damage_taken":[{"damage":2,"enemies":"2 Louse","floor":2,"turns":2},{"damage":3,"enemies":"Cultist","floor":4,"turns":2},{"damage":17,"enemies":"Small Slimes","floor":6,"turns":3},{"damage":36,"enemies":"3 Sentries","floor":9,"turns":6},{"damage":26,"enemies":"Exordium Thugs","floor":11,"turns":4},{"damage":7,"enemies":"Blue Slaver","floor":13,"turns":3},{"damage":4,"enemies":"downfall:FleeingMerchant","floor":14,"turns":4},{"damage":3,"enemies":"3 Louse","floor":15,"turns":2},{"damage":28,"enemies":"WA_ARCHETYPE_RETAIN","floor":16,"turns":4}],"seed_played":"5918498622555813585","potions_obtained":[{"floor":3,"key":"champ:CounterPotion"},{"floor":3,"key":"DistilledChaos"},{"floor":3,"key":"CultistPotion"},{"floor":15,"key":"champ:CounterPotion"}],"is_trial":false,"path_per_floor":["R","M","?","M","T","M","T","?","E","R","M","?","M","$","M","B"],"character_chosen":"SLIMEBOUND","items_purchased":["expansioncontent:DashGenerateEvil","Blood for Blood"],"campfire_rested":1,"item_purchase_floors":[14,14],"current_hp_per_floor":[47,53,53,58,58,47,47,47,17,42,24,24,21,19,18,0,0,0],"gold":17,"neow_bonus":"THREE_RARE_CARDS","is_daily":false,"chose_seed":false,"campfire_upgraded":1,"win_rate":0.0,"timestamp":1611884348,"path_taken":["R","M","?","?","?","M","T","?","E","R","?","?","M","$","M","BOSS"],"items_purchased_type":["Card","Card"],"build_version":"2020-12-22","purchased_purges":0,"victory":false,"max_hp_per_floor":[65,73,73,77,77,81,81,81,85,85,89,89,93,93,93,93,93,93],"card_choices":[{"not_picked":["Slimebound:DuplicatedForm","Slimebound:Teamwork"],"picked":"Slimebound:MassFeed","floor":0},{"not_picked":["Slimebound:ItLooksTasty","Slimebound:RainOfGoop"],"picked":"Slimebound:RejuvenatingLick","floor":2},{"not_picked":["Slimebound:TongueLash","Slimebound:Equalize"],"picked":"Slimebound:AcidTongue","floor":4},{"not_picked":["Slimebound:SamplingLick","Slimebound:LeechEnergy"],"picked":"Slimebound:Chomp","floor":6},{"not_picked":["Slimebound:LeechingTouch","Slimebound:LevelUp"],"picked":"Slimebound:SplitMire","floor":9},{"not_picked":["Slimebound:Prepare","Slimebound:ComboTackle"],"picked":"Slimebound:SplitBruiser","floor":11},{"not_picked":["Life Link","Slimebound:Grow"],"picked":"Slimebound:GrowthPunch","floor":13},{"not_picked":["Twin Strike","Slimebound:Nibble"],"picked":"Slimebound:HungryTackle","floor":14},{"not_picked":["Slimebound:LeechEnergy","Slimebound:RainOfGoop"],"picked":"Slimebound:Chomp","floor":15}],"player_experience":376969,"relics_obtained":[{"floor":5,"key":"Omamori"},{"floor":7,"key":"Blue Doll"},{"floor":9,"key":"Lantern"}],"event_choices":[{"damage_healed":0,"gold_gain":0,"player_choice":"Got Potions","damage_taken":0,"max_hp_gain":0,"max_hp_loss":0,"event_name":"Lab","floor":3,"gold_loss":0}],"is_beta":false,"boss_relics":[],"items_purged_floors":[],"is_endless":false,"potions_floor_spawned":[4,15],"killed_by":"WA_ARCHETYPE_RETAIN","ascension_level":0}}