{"host":"hkj1blq6xqcrzx6o","time":1611924924,"event":{"mods":["BaseMod","Downfall","Marisa£®ÏF”Í°°ƒß¿Ì…≥£©","Minty Spire (QoL Compilation)","Reimu£®≤©¿ˆ¡È√Œ£©","Remilia£®¿Ÿ√◊¿Ú—«£©","Replay The Spire","StSLib","The Cursed","The Senshi","The Servant 0.9.4"],"gold_per_floor":[99,115,133,133,23,23,100,60,18,18,18,34,49,68,84,180,180,180,200,39,39,54,65,65,75,75,85,104,137,137,237,255,255,255,255],"floor_reached":33,"language":"ZHS","playtime":2136,"items_purged":[],"score":261,"play_id":"68b29495-12fc-45d8-abc8-051b7c63a835","local_time":"20210129205524","is_ascension_mode":false,"campfire_choices":[{"data":"Slimebound:CorrosiveSpit","floor":1,"key":"SMITH"},{"data":"Slimebound:RainOfGoop","floor":10,"key":"SMITH"},{"data":"Slimebound:MassRepurpose","floor":18,"key":"SMITH"},{"floor":30,"key":"REST"}],"circlet_count":0,"master_deck":["Slimebound:Strike_Slimebound","Slimebound:Strike_Slimebound","Slimebound:Strike_Slimebound","Slimebound:Tackle","Slimebound:Defend_Slimebound","Slimebound:Defend_Slimebound","Slimebound:Defend_Slimebound","Slimebound:Defend_Slimebound","Slimebound:Split","Slimebound:CorrosiveSpit+1","Slimebound:SplitMire","Slimebound:ProtectTheBoss+1","Slimebound:ItLooksTasty","Slimebound:PressTheAttack","Slimebound:Prepare","Slimebound:RainOfGoop+1","Slimebound:LeechEnergy","Slimebound:FinishingTackle","Slimebound:HauntingLick","Slimebound:SplitLeeching","Slimebound:MassFeed","Slimebound:MassRepurpose+1","Slimebound:HauntingLick","Slimebound:Dissolve","Slimebound:RejuvenatingLick","Slimebound:Repurpose","Slimebound:RejuvenatingLick","Slimebound:RallyTheTroops","Slimebound:Schlurp","Slimebound:SplitAcid+1","Slimebound:GoopTackle","Slimebound:SamplingLick+1","Slimebound:GoopSpray","Slimebound:GoopSpray+1"],"relics":["Slimebound:AbsorbEndCombatUpgraded","Replay:Accelerometer","PaintedHorse:ReiMu","Ornamental Fan","White Beast Statue","Bottled Flame"],"acts_visited":["Exordium","TheCity"],"potions_floor_usage":[25,29,33,33],"damage_taken":[{"damage":9,"enemies":"2 Louse","floor":2,"turns":3},{"damage":4,"enemies":"Cultist","floor":3,"turns":3},{"damage":10,"enemies":"downfall:FleeingMerchant","floor":5,"turns":4},{"damage":3,"enemies":"downfall:FleeingMerchant","floor":9,"turns":4},{"damage":8,"enemies":"Small Slimes","floor":12,"turns":2},{"damage":1,"enemies":"2 Fungi Beasts","floor":13,"turns":3},{"damage":16,"enemies":"Exordium Thugs","floor":14,"turns":3},{"damage":3,"enemies":"Large Slime","floor":15,"turns":3},{"damage":28,"enemies":"SI_SHIV_ARCHETYPE","floor":16,"turns":6},{"damage":17,"enemies":"Shell Parasite","floor":19,"turns":4},{"damage":23,"enemies":"downfall:FleeingMerchant","floor":20,"turns":4},{"damage":0,"enemies":"Chosen and Byrds","floor":22,"turns":2},{"damage":15,"enemies":"Snake Plant","floor":23,"turns":4},{"damage":9,"enemies":"Snecko","floor":25,"turns":4},{"damage":25,"enemies":"Chosen and Byrds","floor":27,"turns":5},{"damage":17,"enemies":"Snake Plant","floor":28,"turns":3},{"damage":30,"enemies":"Gremlin Leader","floor":29,"turns":4},{"damage":38,"enemies":"Shelled Parasite and Fungi","floor":32,"turns":5},{"damage":43,"enemies":"IC_MUSHROOM_ARCHETYPE","floor":33,"turns":4}],"seed_played":"-4336654029971465606","potions_obtained":[{"floor":3,"key":"FairyPotion"},{"floor":12,"key":"ZuzhouPotion:ReiMu"},{"floor":14,"key":"Explosive Potion"},{"floor":15,"key":"Fire Potion"},{"floor":25,"key":"GamblersBrew"},{"floor":27,"key":"PowerPotion"},{"floor":29,"key":"SteroidPotion"},{"floor":32,"key":"Strength Potion"}],"is_trial":false,"path_per_floor":["R","M","M","?","$","?","T","?","$","R","T","M","M","M","M","B",null,"R","M","$","?","M","M","T","M","?","M","M","E","R","?","M","B"],"character_chosen":"SLIMEBOUND","items_purchased":["Slimebound:PressTheAttack","Slimebound:Prepare","Slimebound:LeechEnergy","Slimebound:RejuvenatingLick","Slimebound:Repurpose"],"campfire_rested":1,"item_purchase_floors":[5,5,9,20,20],"current_hp_per_floor":[65,58,60,60,54,54,54,54,57,57,57,51,56,46,47,27,65,65,57,49,49,55,49,49,46,46,27,16,20,39,39,10,0,0,0],"gold":255,"neow_bonus":"","is_daily":false,"chose_seed":false,"campfire_upgraded":3,"win_rate":0.0,"timestamp":1611924924,"path_taken":["R","M","M","?","?","?","T","?","$","R","?","M","?","M","M","BOSS","R","M","$","?","M","?","T","M","?","M","M","E","R","?","M","BOSS"],"items_purchased_type":["Card","Card","Card","Card","Card"],"build_version":"2020-12-22","purchased_purges":0,"victory":false,"max_hp_per_floor":[65,65,65,65,65,65,65,65,65,65,65,65,65,65,65,65,65,65,65,65,65,65,65,65,65,65,65,65,65,65,65,65,65,65,65],"card_choices":[{"not_picked":["Slimebound:GoopSpray","Slimebound:FinishingTackle"],"picked":"Slimebound:SplitMire","floor":2},{"not_picked":["Slimebound:GoopTackle","Slimebound:RollThrough"],"picked":"Slimebound:ProtectTheBoss","floor":3},{"not_picked":["Slimebound:SlimeBrawl","Slimebound:BestDefense"],"picked":"Slimebound:ItLooksTasty","floor":5},{"not_picked":["Slimebound:TongueLash","Slimebound:SamplingLick"],"picked":"Slimebound:RainOfGoop","floor":9},{"not_picked":["Slimebound:SlimeTap","Slimebound:LeechEnergy"],"picked":"Slimebound:FinishingTackle","floor":12},{"not_picked":["Slimebound:RollThrough","Slimebound:Prepare"],"picked":"Slimebound:HauntingLick","floor":13},{"not_picked":["Slimebound:Teamwork","Slimebound:Schlurp"],"picked":"Slimebound:SplitLeeching","floor":14},{"not_picked":["Slimebound:GoopSpray","Slimebound:SplitAcid"],"picked":"Slimebound:MassFeed","floor":15},{"not_picked":["Slimebound:MinionMaster","Slimebound:OneTwoCombo"],"picked":"Slimebound:MassRepurpose","floor":16},{"not_picked":["Slimebound:FinishingTackle","Slimebound:GrowthPunch"],"picked":"Slimebound:HauntingLick","floor":19},{"not_picked":["Slimebound:Chomp+1","Slimebound:SamplingLick"],"picked":"Slimebound:Dissolve","floor":20},{"not_picked":["Slimebound:Grow","Slimebound:Replication"],"picked":"Slimebound:RallyTheTroops","floor":22},{"not_picked":["Slimebound:GrowthPunch","Slimebound:FormOfPuddle"],"picked":"Slimebound:Schlurp","floor":23},{"not_picked":["Slimebound:ForwardTackle+1","Slimebound:Grow"],"picked":"Slimebound:SplitAcid+1","floor":25},{"not_picked":["Slimebound:SamplingLick","Slimebound:ForwardTackle+1"],"picked":"Slimebound:GoopTackle","floor":27},{"not_picked":["Slimebound:FormOfPuddle","Slimebound:GoopTackle+1"],"picked":"Slimebound:SamplingLick+1","floor":28},{"not_picked":["Slimebound:SplitBruiser","Slimebound:RejuvenatingLick"],"picked":"Slimebound:GoopSpray","floor":29},{"not_picked":["Slimebound:LivingWall","Slimebound:LeechingTouch+1"],"picked":"Slimebound:GoopSpray+1","floor":32}],"player_experience":6531,"relics_obtained":[{"floor":7,"key":"Replay:Accelerometer"},{"floor":11,"key":"Ornamental Fan"},{"floor":24,"key":"White Beast Statue"},{"floor":29,"key":"Bottled Flame"}],"event_choices":[{"damage_healed":0,"gold_gain":0,"player_choice":"Forge","damage_taken":0,"max_hp_gain":0,"max_hp_loss":0,"event_name":"Accursed Blacksmith","floor":4,"gold_loss":0,"cards_upgraded":["Slimebound:ProtectTheBoss"]},{"damage_healed":0,"gold_gain":0,"player_choice":"»˚«Æ","damage_taken":0,"relics_obtained":["PaintedHorse:ReiMu"],"max_hp_gain":0,"max_hp_loss":0,"event_name":"yidonshenshe","floor":8,"gold_loss":40}],"is_beta":false,"boss_relics":[{"not_picked":["SacredBark","Painkiller Herb"],"picked":"Slimebound:AbsorbEndCombatUpgraded"}],"items_purged_floors":[],"is_endless":false,"potions_floor_spawned":[3,12,14,15,16,19,25,27,28,29,32],"killed_by":"IC_MUSHROOM_ARCHETYPE","ascension_level":0}}