{"host":"dwyzfvnzfcqffr30","time":1611930010,"event":{"mods":["2.2 Compatiblity","Act Like it!","Aspiration","BaseMod","Beaked The Cultist","Better Altar","Better Match","Better Note","Better Sensory Stone","Better Skull","Better Third Choice","Clockwork Mod","Colored Map","Colored Powertips","Conspire","Downfall","Elementarium","GifTheSpireLib","Halation","Hermit","Hubris","Infinite Spire","Ironclad Rager","Jedi Mod","Menagerie","Mimic Mod","Minty Spire (QoL Compilation)","Permanent Neow","Random Character Button","Relic Filter Mod","Reliquary","Replay The Spire","Spicy Shops","Spikes Relics","StSLib","Stuff the Spire","The Construct","The Disciple","The Druid","The Marked","TheFirefly","Trackpad","Wandering Minibosses"],"gold_per_floor":[232,407,65,88,16,46,46,65,139,178,210,1,13,43,43,125,125,144,166,166,166,37,114,114,147,137,106,36,36,108,40,90,168,168,196,196,196],"floor_reached":36,"language":"ENG","playtime":22729,"items_purged":["Doubt","CommonCold","theDruid:Strike_O+1"],"score":1056,"play_id":"cb4e2a53-4f65-4372-8f3a-188d0e6a134c","local_time":"20210129062010","is_ascension_mode":true,"campfire_choices":[{"floor":7,"key":"RECALL"},{"data":"theDruid:IronClaw+1","floor":15,"key":"SMITH"},{"data":"theDruid:PlagueClaw+1","floor":24,"key":"SMITH"},{"data":"theDruid:PlagueClaw+1","floor":29,"key":"SMITH"},{"floor":32,"key":"REST"}],"circlet_count":0,"master_deck":["AscendersBane","theDruid:Strike_O+2","theDruid:Strike_O+1","theDruid:Strike_O+1","theDruid:Defend_O+1","theDruid:Defend_O+1","theDruid:Defend_O+1","theDruid:Defend_O+1","theDruid:BriarArmor+1","theDruid:WildSlash+1","theDruid:TearOpen+1","Apotheosis+1","MasterReality+1","theDruid:PlagueClaw+2","theDruid:IronClaw+2","theDruid:PrimalStrength+1","theDruid:Starfall+2","theDruid:BloodiedFur+1","theDruid:PouncingStrike+1","theDruid:Mutilate+1","theDruid:BristlingBulwark+1","theDruid:HerbalismKit+1","Clockwork:RevUp+1","theDruid:PlagueClaw+2","theDruid:Recoil+1","Elementarium:StickyTar","theDruid:ApexPredator+1"],"relics":["theDruid:CrownOfTheWilds","Toxic Egg 2","Molten Egg 2","Frozen Egg 2","Quantum Egg","SacredBark","infinitespire:EvilPickle","conspire:InfiniteJournal","halation:Prosthetics","Bottled Tornado","reliquary:Knoch","MealTicket","theDruid:RedRose","Anchor","Replay:Wax Seal","StuffTheSpire:HeavyRock","trackpad:Compendium","beaked:SacredDeck","ReplayTheSpireMod:Ring of Collecting","BargainBundle","trackpad:AdjectivePendant","jedi:crownofsimplicity","hubris:MobiusCoin","Letter Opener","reliquary:JackalopeAntler","Ring of Searing","CherryCoatedStake","Whetstone","Elementarium:ElementariumTrophy","Busted Crown"],"acts_visited":["Exordium","Elementarium:Elementarium","TheBeyond"],"potions_floor_usage":[6,14,16,16,16,18,19,23,23,23,25,25,27,28,28,31,31,33,33,33,35],"damage_taken":[{"damage":0,"enemies":"Jaw Worm","floor":1,"turns":2},{"damage":9,"enemies":"2 Louse","floor":4,"turns":2},{"damage":0,"enemies":"3 Sentries","floor":6,"turns":5},{"damage":0,"enemies":"Cultist","floor":8,"turns":2},{"damage":6,"enemies":"Lagavulin","floor":10,"turns":6},{"damage":0,"enemies":"3 Louse","floor":11,"turns":2},{"damage":0,"enemies":"Looter","floor":13,"turns":2},{"damage":0,"enemies":"3 Sentries","floor":14,"turns":3},{"damage":0,"enemies":"Hexaghost","floor":16,"turns":5},{"damage":13,"enemies":"Elementarium:2_ELEMENTALS","floor":18,"turns":4},{"damage":8,"enemies":"Elementarium:Cyclone","floor":19,"turns":5},{"damage":1,"enemies":"Elementarium:ElementalPortal","floor":23,"turns":7},{"damage":0,"enemies":"Elementarium:WarGolem","floor":25,"turns":5},{"damage":1,"enemies":"Elementarium:Hydrostalker","floor":26,"turns":5},{"damage":10,"enemies":"Elementarium:Hydrostalker","floor":27,"turns":5},{"damage":5,"enemies":"Elementarium:FIRE_NOBILITY","floor":28,"turns":3},{"damage":4,"enemies":"Elementarium:3_ELEMENTALS","floor":30,"turns":3},{"damage":11,"enemies":"Elementarium:ElementalPortal","floor":31,"turns":4},{"damage":18,"enemies":"Elementarium:GolemEmperor","floor":33,"turns":6},{"damage":26,"enemies":"3 Shapes","floor":35,"turns":7},{"damage":25,"enemies":"3 Darklings","floor":36,"turns":2}],"seed_played":"-5088706245698294931","potions_obtained":[{"floor":1,"key":"Energy Potion"},{"floor":6,"key":"PowerPotion"},{"floor":13,"key":"Fire Potion"},{"floor":14,"key":"LifebloodPotion"},{"floor":27,"key":"champ:CounterPotion"}],"is_trial":false,"path_per_floor":["M","?","$","M","$","E","R","M","T","E","M","$","M","E","R","B",null,"M","M","?","?","$","E","R","E","MIM","M","E","R","M","E","R_BF","B",null,"M","M"],"character_chosen":"DRUID","items_purchased":["theDruid:IronClaw+1","theDruid:PrimalStrength+1","reliquary:Knoch","MealTicket","Replay:Wax Seal","StuffTheSpire:HeavyRock","BargainBundle","trackpad:AdjectivePendant","jedi:crownofsimplicity","EntropicBrew"],"campfire_rested":1,"item_purchase_floors":[3,3,3,5,12,12,22,22,22,22],"current_hp_per_floor":[33,33,33,24,24,24,24,24,24,18,18,33,33,33,33,33,33,20,12,19,19,33,32,32,33,32,23,21,21,22,23,32,22,30,15,0,0],"gold":196,"neow_bonus":"THREE_RARE_CARDS","is_daily":false,"chose_seed":false,"campfire_upgraded":3,"win_rate":0.0,"timestamp":1611930010,"path_taken":["M","?","$","M","?","E","R","M","T","E","?","$","M","E","R","BOSS","M","M","?","?","?","E","R","E","MIM","M","E","R","M","E","R_BF","BOSS","M","M"],"items_purchased_type":["Card","Card","Relic","Relic","Relic","Relic","Relic","Relic","Relic","Potion"],"build_version":"2020-12-22","purchased_purges":3,"victory":false,"max_hp_per_floor":[33,33,33,33,33,33,33,33,33,33,33,33,33,33,33,33,33,33,33,33,33,33,33,33,33,33,33,33,33,33,33,33,33,33,33,33,33],"card_choices":[{"not_picked":["theDruid:SurvivalInstincts","theDruid:CelestialSurge"],"picked":"theDruid:TearOpen","floor":0},{"not_picked":["theDruid:Slingshot+1","theDruid:TwilightsCall+1"],"picked":"theDruid:PlagueClaw+1","floor":1},{"not_picked":["theDruid:Resourcefulness+1","theDruid:Guidance+1"],"picked":"theDruid:Starfall+1","floor":4},{"not_picked":["theDruid:Swipe+1","theDruid:IronClaw+1"],"picked":"theDruid:BloodiedFur+1","floor":6},{"not_picked":["theDruid:Impale+1","theDruid:TwilightsCall+1"],"picked":"theDruid:PouncingStrike+1","floor":8},{"not_picked":["theDruid:WildArmor+1","theDruid:Gore+1"],"picked":"theDruid:Mutilate+1","floor":10},{"not_picked":["theDruid:Adaptation+1","theDruid:Guidance+1","theDruid:Stampede+1"],"picked":"SKIP","floor":11},{"not_picked":["theDruid:PouncingStrike+1","theDruid:ForestsSoul+1","theDruid:BackupSupplies+1"],"picked":"SKIP","floor":13},{"not_picked":["theDruid:Starfall+1","theDruid:SurvivalCache+1"],"picked":"theDruid:BristlingBulwark+1","floor":14},{"not_picked":["theDruid:SpiritCall+1","theDruid:IronbarkArmor+1"],"picked":"theDruid:HerbalismKit+1","floor":16},{"not_picked":["theDruid:Stampede+1","theDruid:ExposingSlash+1","theDruid:Forage+1"],"picked":"SKIP","floor":18},{"not_picked":["theDruid:BlessedStrike+1","theDruid:BloodiedFur+1"],"picked":"theDruid:PlagueClaw+1","floor":19},{"not_picked":["theDruid:PlagueClaw+1","theDruid:Slingshot+1","theDruid:ViralBites+1"],"picked":"SKIP","floor":23},{"not_picked":["theDruid:PlagueClaw+1","theDruid:Slingshot+1","theDruid:ViralBites+1"],"picked":"SKIP","floor":23},{"not_picked":["theDruid:SerratedFlesh+1","theDruid:Guidance+1","theDruid:LunarScythe+1"],"picked":"SKIP","floor":25},{"not_picked":["theDruid:IronClaw+1","theDruid:ThornStrike+1","theDruid:ForestGuard+1"],"picked":"SKIP","floor":27},{"not_picked":["theDruid:AstralShield+1","theDruid:Guidance+1","theDruid:IronbarkArmor+1"],"picked":"SKIP","floor":28},{"not_picked":["theDruid:TakeShelter+1","theDruid:ThornStrike+1"],"picked":"theDruid:Recoil+1","floor":30},{"not_picked":["theDruid:Rummage+1","theDruid:Prowl+1","theDruid:BagofTricks+1"],"picked":"SKIP","floor":31},{"not_picked":["theDruid:SurvivalInstincts+1","theDruid:SurvivalCache+1"],"picked":"theDruid:ApexPredator+1","floor":33},{"not_picked":["theDruid:TakeShelter+1"],"picked":"SKIP","floor":35}],"player_experience":2997068,"relics_obtained":[{"floor":6,"key":"theDruid:RedRose"},{"floor":10,"key":"Anchor"},{"floor":14,"key":"trackpad:Compendium"},{"floor":21,"key":"ReplayTheSpireMod:Ring of Collecting"},{"floor":23,"key":"hubris:MobiusCoin"},{"floor":25,"key":"Letter Opener"},{"floor":26,"key":"reliquary:JackalopeAntler"},{"floor":26,"key":"Ring of Searing"},{"floor":28,"key":"CherryCoatedStake"},{"floor":31,"key":"Whetstone"}],"event_choices":[{"damage_healed":0,"gold_gain":0,"player_choice":"Simplicity","damage_taken":0,"max_hp_gain":0,"max_hp_loss":0,"event_name":"betterThird:BetterWriting","floor":0,"gold_loss":0},{"damage_healed":0,"gold_gain":175,"player_choice":"AGREE","damage_taken":232,"max_hp_gain":0,"max_hp_loss":0,"event_name":"betterThird:BetterSerpent","floor":2,"gold_loss":0},{"damage_healed":7,"gold_gain":0,"player_choice":"Rest","damage_taken":0,"max_hp_gain":0,"max_hp_loss":0,"event_name":"Elementarium:HeartOfTheVoid","floor":20,"gold_loss":0}],"is_beta":false,"boss_relics":[{"not_picked":["jedi:paperlyon","ReplayTheSpireMod:DimensionalGlitch"],"picked":"beaked:SacredDeck"},{"not_picked":["Velvet Choker","bronze:MakeshiftBattery"],"picked":"Busted Crown"}],"items_purged_floors":[3,22,22],"is_endless":false,"potions_floor_spawned":[1,6,13,14,16,19,23,27,30],"killed_by":"3 Darklings","ascension_level":14}}