{"host":"3jpwrwmmgyabjceh","time":1611924746,"event":{"mods":["AchievementEnabler","BaseMod","Colored Map","Colored Powertips","Highlight Path","Minty Spire (QoL Compilation)","Quick Restart","Relic Stats","StSLib","SuperFastMode"],"gold_per_floor":[18,18,38,58,69,69,95,109,109,129,129,129],"floor_reached":11,"language":"ENG","playtime":454,"items_purged":[],"score":104,"play_id":"f926ea90-e372-456f-b701-d73ece3180f0","local_time":"20210129155226","is_ascension_mode":true,"campfire_choices":[{"data":"Flechettes","floor":6.0,"key":"SMITH"}],"circlet_count":0,"master_deck":["Strike_G","Strike_G","Strike_G","Strike_G","Strike_G","Defend_G","Defend_G","Defend_G","Defend_G","Defend_G","Survivor","Neutralize","Flechettes+1","PiercingWail","Backflip","Blade Dance","Deflect","Prepared","Deadly Poison","Deadly Poison"],"relics":["Ring of the Snake","Turnip","Prayer Wheel","Sundial","Shuriken"],"acts_visited":["Exordium"],"potions_floor_usage":[],"damage_taken":[{"damage":0.0,"enemies":"Small Slimes","floor":1.0,"turns":4.0},{"damage":0.0,"enemies":"Cultist","floor":3.0,"turns":4.0},{"damage":1.0,"enemies":"Jaw Worm","floor":4.0,"turns":6.0},{"damage":10.0,"enemies":"Gremlin Gang","floor":5.0,"turns":8.0},{"damage":33.0,"enemies":"Gremlin Nob","floor":7.0,"turns":5.0},{"damage":0.0,"enemies":"Blue Slaver","floor":8.0,"turns":3.0},{"damage":5.0,"enemies":"Red Slaver","floor":10.0,"turns":5.0},{"damage":16,"enemies":"Lagavulin","floor":11,"turns":3}],"seed_played":"-4520734940657901393","potions_obtained":[{"floor":1.0,"key":"LiquidBronze"},{"floor":3.0,"key":"Weak Potion"}],"is_trial":false,"path_per_floor":["M","?","M","M","M","R","E","M","T","M","E"],"character_chosen":"THE_SILENT","items_purchased":[],"campfire_rested":0,"item_purchase_floors":[],"current_hp_per_floor":[63,63,63,62,52,52,19,19,19,14,0,0],"gold":129,"neow_bonus":"ONE_RARE_RELIC","is_daily":false,"chose_seed":false,"campfire_upgraded":1,"win_rate":0.0,"timestamp":1611924746,"path_taken":["M","?","M","M","M","R","E","M","T","?","E"],"items_purchased_type":[],"build_version":"2020-12-22","purchased_purges":0,"victory":false,"max_hp_per_floor":[70,70,70,70,70,70,70,70,70,70,70,70],"relic_stats":{"counters":[8,38],"Sundial":[0],"Shuriken":[3],"Prayer Wheel":5,"Turnip":[2],"obtain_stats":[{"Sundial":7,"Shuriken":9,"Prayer Wheel":2,"Turnip":0,"Ring of the Snake":0},{"Sundial":5,"Shuriken":6,"Prayer Wheel":1,"Turnip":0,"Ring of the Snake":0},{"Sundial":27,"Shuriken":30,"Prayer Wheel":4,"Turnip":0,"Ring of the Snake":0}],"Ring of the Snake":[16]},"card_choices":[{"not_picked":["Bane","Acrobatics"],"picked":"Flechettes","floor":1.0},{"not_picked":["Slice","Calculated Gamble"],"picked":"PiercingWail","floor":3.0},{"not_picked":["Quick Slash","Underhanded Strike"],"picked":"Backflip","floor":3.0},{"not_picked":["Deflect","Slice"],"picked":"Blade Dance","floor":4.0},{"not_picked":["Catalyst","Outmaneuver","Dodge and Roll"],"picked":"SKIP","floor":4.0},{"not_picked":["Unload","Bane"],"picked":"Deflect","floor":5.0},{"not_picked":["Prepared","Reflex","Finisher"],"picked":"SKIP","floor":5.0},{"not_picked":["Catalyst","Infinite Blades"],"picked":"Prepared","floor":7.0},{"not_picked":["Flying Knee","Prepared"],"picked":"Deadly Poison","floor":8.0},{"not_picked":["Infinite Blades","Concentrate","Leg Sweep"],"picked":"SKIP","floor":8.0},{"not_picked":["Terror","Underhanded Strike"],"picked":"Deadly Poison","floor":10.0},{"not_picked":["Concentrate","Prepared","Underhanded Strike"],"picked":"SKIP","floor":10.0}],"player_experience":294983,"relics_obtained":[{"floor":7.0,"key":"Sundial"},{"floor":9.0,"key":"Shuriken"}],"event_choices":[{"damage_healed":0.0,"max_hp_gain":0.0,"max_hp_loss":0.0,"gold_gain":0.0,"event_name":"WeMeetAgain","player_choice":"Gave Potion","floor":2.0,"gold_loss":0.0,"damage_taken":0.0,"relics_obtained":["Prayer Wheel"]}],"is_beta":false,"boss_relics":[],"items_purged_floors":[],"is_endless":false,"potions_floor_spawned":[1,3],"killed_by":"Lagavulin","ascension_level":7}}