{"host":"vahfsrte3c21740v","time":1611886424,"event":{"mods":["AchievementEnabler","BaseMod","Bestiary","Better Note","Block Reminder","Colored Map","Colored Powertips","Highlight Path","Minty Spire (QoL Compilation)","Quick Restart","Rare Cards Sparkle","Relic Sorter","StSLib","everything is the same but u backflip on backflip"],"gold_per_floor":[114,129,7,7,7,7,37,52,52,52,3,3,3,3,3,103,103,118,118,118,133,37,76,100,100,125,125,25,40,64,79,79,188,188,212,236,236,251,275,275,275,299,324,339,369,369,59,74,74,74],"floor_reached":51,"language":"ENG","playtime":3412,"items_purged":["A Thousand Cuts","Storm of Steel"],"score":722,"play_id":"e077a6fd-8f61-47c2-83f3-ecf560230d2a","local_time":"20210129021344","daily_mods":["Shiny","ControlledChaos","Lethality"],"is_ascension_mode":false,"campfire_choices":[{"data":"Wraith Form v2","floor":6.0,"key":"SMITH"},{"data":"Madness","floor":10.0,"key":"SMITH"},{"data":"Adrenaline","floor":12.0,"key":"SMITH"},{"data":"After Image","floor":15.0,"key":"SMITH"},{"data":"Bullet Time","floor":25.0,"key":"SMITH"},{"floor":32,"key":"REST"},{"data":"Bullet Time","floor":40,"key":"SMITH"},{"data":"Adrenaline","floor":46,"key":"SMITH"},{"floor":49,"key":"REST"}],"circlet_count":0,"master_deck":["Venomology","Corpse Explosion","Malaise","Phantasmal Killer","Die Die Die","Adrenaline+1","Envenom","Doppelganger","Burst","Wraith Form v2+1","Tools of the Trade","Unload","After Image+1","Bullet Time+1","Glass Knife","Prepared","Madness+1","Tools of the Trade","Outmaneuver","Bullet Time+1","Deflect","Adrenaline+1","Deflect","Impatience","Caltrops+1","Quick Slash+1","Backflip","Doppelganger","Acrobatics+1","Dodge and Roll+1","Accuracy+1","Eviscerate+1","Catalyst","Mayhem","Eviscerate"],"relics":["Ring of the Snake","Frozen Eye","Akabeko","Nunchaku","Oddly Smooth Stone","Meat on the Bone","WristBlade","CeramicFish","Regal Pillow","Enchiridion","Runic Dome","Toy Ornithopter","PreservedInsect","Membership Card"],"acts_visited":["TheCity","TheBeyond"],"potions_floor_usage":[30,33,33,38,39,45,47,50,50],"damage_taken":[{"damage":10.0,"enemies":"Jaw Worm","floor":1.0,"turns":4.0},{"damage":0.0,"enemies":"Small Slimes","floor":2.0,"turns":2.0},{"damage":1.0,"enemies":"Gremlin Nob","floor":7.0,"turns":3.0},{"damage":0.0,"enemies":"Cultist","floor":8.0,"turns":1.0},{"damage":9.0,"enemies":"Hexaghost","floor":16.0,"turns":9.0},{"damage":0.0,"enemies":"2 Thieves","floor":18.0,"turns":3.0},{"damage":0.0,"enemies":"Spheric Guardian","floor":21.0,"turns":1.0},{"damage":31.0,"enemies":"Slavers","floor":23.0,"turns":2.0},{"damage":0.0,"enemies":"Snecko","floor":24.0,"turns":3.0},{"damage":0.0,"enemies":"Cultist and Chosen","floor":29.0,"turns":3.0},{"damage":0,"enemies":"Shelled Parasite and Fungi","floor":30,"turns":3},{"damage":0,"enemies":"Snake Plant","floor":31,"turns":4},{"damage":13,"enemies":"Champ","floor":33,"turns":4},{"damage":18,"enemies":"3 Darklings","floor":35,"turns":3},{"damage":28,"enemies":"3 Shapes","floor":36,"turns":2},{"damage":0,"enemies":"Spire Growth","floor":38,"turns":3},{"damage":10,"enemies":"Transient","floor":39,"turns":5},{"damage":0,"enemies":"Jaw Worm Horde","floor":42,"turns":3},{"damage":14,"enemies":"4 Shapes","floor":44,"turns":4},{"damage":0,"enemies":"Reptomancer","floor":45,"turns":3},{"damage":7,"enemies":"Sphere and 2 Shapes","floor":48,"turns":2},{"damage":45,"enemies":"Awakened One","floor":50,"turns":13}],"seed_played":"1138922244981197753","potions_obtained":[{"floor":2.0,"key":"Fruit Juice"},{"floor":21.0,"key":"GamblersBrew"},{"floor":24.0,"key":"CultistPotion"},{"floor":35,"key":"DuplicationPotion"},{"floor":39,"key":"Energy Potion"}],"is_trial":false,"path_per_floor":["M","M","$","?","?","R","E","M","T","R","$","R","T","$","R","B",null,"M","?","$","M","$","E","M","R","T","?","$","M","M","M","R","B",null,"M","M","?","M","M","R","?","M","T","M","E","R","$","M","R","B",null],"character_chosen":"THE_SILENT","items_purchased":["Prepared","Outmaneuver","Impatience","Membership Card","Catalyst","Mayhem","Eviscerate","Fruit Juice"],"campfire_rested":2,"item_purchase_floors":[3,11,22,47,47,47,47,47],"current_hp_per_floor":[60,65,65,47,47,47,46,46,46,46,46,46,46,46,46,49,75,75,75,75,75,75,44,44,44,44,28,28,40,40,40,75,62,75,57,41,41,41,43,43,43,43,43,41,46,46,56,49,80,45],"gold":74,"neow_bonus":"","is_daily":true,"chose_seed":false,"campfire_upgraded":7,"win_rate":0.0,"timestamp":1611886424,"path_taken":["M","M","$","?","?","R","E","?","T","R","?","R","?","$","R","BOSS","M","?","$","M","$","E","M","R","T","?","?","M","M","M","R","BOSS","M","M","?","M","M","R","?","M","T","M","E","R","$","?","R","BOSS"],"items_purchased_type":["Card","Card","Card","Relic","Card","Card","Card","Potion"],"build_version":"2020-12-22","purchased_purges":2,"victory":true,"max_hp_per_floor":[70,75,75,75,75,75,75,75,75,75,75,75,75,75,75,75,75,75,75,75,75,75,75,75,75,75,75,75,75,75,75,75,75,75,75,75,75,75,75,75,75,75,75,75,75,75,80,80,80,80],"card_choices":[{"not_picked":["Masterful Stab","Cloak And Dagger","Infinite Blades"],"picked":"SKIP","floor":1.0},{"not_picked":["Slice","Acrobatics","Endless Agony"],"picked":"SKIP","floor":2.0},{"not_picked":["Slice","Cloak And Dagger","Well Laid Plans"],"picked":"SKIP","floor":7.0},{"not_picked":["Envenom","Slice","Deadly Poison"],"picked":"SKIP","floor":8.0},{"not_picked":["Die Die Die","Grand Finale"],"picked":"Bullet Time","floor":16.0},{"not_picked":["Deadly Poison","Predator"],"picked":"Deflect","floor":18.0},{"not_picked":["Reflex","Slice+1","Eviscerate"],"picked":"SKIP","floor":21.0},{"not_picked":["Infinite Blades+1","Dagger Spray"],"picked":"Caltrops+1","floor":23.0},{"not_picked":["Dagger Throw","PiercingWail"],"picked":"Quick Slash+1","floor":24.0},{"not_picked":["Corpse Explosion","Cloak And Dagger+1","Infinite Blades"],"picked":"SKIP","floor":29.0},{"not_picked":["Flying Knee","Concentrate+1"],"picked":"Backflip","floor":30},{"not_picked":["Blade Dance+1","Sucker Punch+1","Deflect"],"picked":"SKIP","floor":31},{"not_picked":["Storm of Steel","After Image"],"picked":"Doppelganger","floor":33},{"not_picked":["Flying Knee+1","Sucker Punch"],"picked":"Acrobatics+1","floor":35},{"not_picked":["Phantasmal Killer","PiercingWail"],"picked":"Dodge and Roll+1","floor":36},{"not_picked":["Cloak And Dagger","Poisoned Stab","Dash"],"picked":"SKIP","floor":38},{"not_picked":["Flying Knee","Leg Sweep+1"],"picked":"Accuracy+1","floor":39},{"not_picked":["Quick Slash+1","Envenom"],"picked":"Eviscerate+1","floor":42},{"not_picked":["Underhanded Strike+1","Caltrops+1","Slice"],"picked":"SKIP","floor":44},{"not_picked":["Slice","Phantasmal Killer","Dagger Spray+1"],"picked":"SKIP","floor":45},{"not_picked":["Underhanded Strike","Flying Knee+1","Crippling Poison+1"],"picked":"SKIP","floor":48}],"player_experience":98668,"relics_obtained":[{"floor":7.0,"key":"Nunchaku"},{"floor":9.0,"key":"Oddly Smooth Stone"},{"floor":13.0,"key":"Meat on the Bone"},{"floor":23.0,"key":"CeramicFish"},{"floor":26.0,"key":"Regal Pillow"},{"floor":27.0,"key":"Enchiridion"},{"floor":43,"key":"Toy Ornithopter"},{"floor":45,"key":"PreservedInsect"}],"event_choices":[{"damage_healed":0.0,"max_hp_gain":0.0,"max_hp_loss":0.0,"gold_gain":0.0,"event_name":"Scrap Ooze","player_choice":"Success","floor":4.0,"gold_loss":0.0,"damage_taken":18.0,"relics_obtained":["Akabeko"]},{"damage_healed":0.0,"max_hp_gain":0.0,"max_hp_loss":0.0,"gold_gain":0.0,"event_name":"Match and Keep!","player_choice":"2 cards matched","floor":5.0,"gold_loss":0.0,"damage_taken":0.0,"cards_obtained":["Madness","Tools of the Trade"]},{"damage_healed":0.0,"max_hp_gain":0.0,"max_hp_loss":0.0,"gold_gain":0.0,"cards_transformed":["Grand Finale","Night Terror"],"event_name":"Drug Dealer","player_choice":"Became Test Subject","floor":19.0,"gold_loss":0.0,"damage_taken":0.0,"cards_obtained":["Adrenaline","Deflect"]},{"damage_healed":0.0,"max_hp_gain":0.0,"max_hp_loss":0.0,"gold_gain":0.0,"event_name":"Cursed Tome","player_choice":"Obtained Book","floor":27.0,"gold_loss":0.0,"damage_taken":16.0},{"damage_healed":0,"gold_gain":0,"player_choice":"Ignored","damage_taken":0,"max_hp_gain":0,"max_hp_loss":0,"event_name":"Tomb of Lord Red Mask","floor":37,"gold_loss":0},{"damage_healed":0,"gold_gain":0,"player_choice":"Ignored","damage_taken":0,"max_hp_gain":0,"max_hp_loss":0,"event_name":"SecretPortal","floor":41,"gold_loss":0}],"is_beta":false,"boss_relics":[{"not_picked":["Ring of the Serpent","Calling Bell"],"picked":"WristBlade"},{"not_picked":["Empty Cage","Tiny House"],"picked":"Runic Dome"}],"items_purged_floors":[3,28],"is_endless":false,"potions_floor_spawned":[2,18,21,24,30,35,39,44],"ascension_level":0}}