{"host":"ooe12lh8pgcirntb","time":1611958818,"event":{"mods":["AchievementEnabler","Act Like it!","BaseMod","Beaked The Cultist","Better Note","ChefMod","Colored Map","Colored Powertips","Downfall","Hallownest","Minty Spire (QoL Compilation)","StSLib","The Animator","The Bug Knight","The Disciple","The Hierophant","The Problem Sleuth"],"gold_per_floor":[114,126,49,62,72,104,118,118,141,141,152,177,200,216,216,312,312,329,329,329,99,99,99,118,130,130,130,130,146,162,180,180,279,279,294,101,117,0,16,46,46,57,81,81,81,81,99,110,110,110,110],"floor_reached":50,"language":"ENG","playtime":15078,"items_purged":[],"score":488,"play_id":"f3f0a1cc-341f-4a98-b558-78eff05f4630","local_time":"20210129172018","is_ascension_mode":false,"campfire_choices":[{"data":"HollowMod:BrokenVessel","floor":8.0,"key":"SMITH"},{"data":"HollowMod:FastStrike","floor":10.0,"key":"SMITH"},{"floor":15.0,"key":"REST"},{"floor":23.0,"key":"REST"},{"data":"HollowMod:SlysStrikes","floor":27.0,"key":"SMITH"},{"floor":32,"key":"REST"},{"floor":41,"key":"REST"},{"floor":44,"key":"REST"},{"floor":49,"key":"REST"}],"circlet_count":0,"master_deck":["HollowMod:NailStrikeStart","HollowMod:NailStrikeStart","HollowMod:QuickDashStart","HollowMod:QuickDashStart","HollowMod:QuickDashStart","HollowMod:QuickDashStart","HollowMod:FocusHealStart","HollowMod:PogoStrike+1","HollowMod:MothsMistake","HollowMod:RecoilStrike","HollowMod:BrokenVessel+1","HollowMod:DashSlash+1","HollowMod:FastStrike+1","HollowMod:CloakDash","HollowMod:DungDefenderAura","HollowMod:SiblingsSouls","HollowMod:TaintedHusks","HollowMod:SlysStrikes+1","HollowMod:ShapeofUnn+1","HollowMod:CloakDash","HollowMod:CycloneSlash","HollowMod:NewInfectedGuardian","HollowMod:ElderbugsWisdom+1","HollowMod:HuntersJournal+1","HollowMod:PaleKingsBlessing+1","HollowMod:CloakDash","HollowMod:MothsMistake","HollowMod:SlysStrikes","Blind","HollowMod:MothsMistake","HollowMod:DashSlash"],"relics":["HollowMod:VesselMask","HollowMod:MantisClawRelic","Happy Flower","MealTicket","Art of War","Black Star","Membership Card","Whetstone","Bottled Flame","hexamod:CandleOfCauterizing","Astrolabe","Thread and Needle","Pen Nib","Dead Branch","Boot"],"acts_visited":["Exordium","Hallownest:Greenpath","Hallownest:CityofTears"],"potions_floor_usage":[33,42,50],"damage_taken":[{"damage":0.0,"enemies":"Hallownest:2_Tiktiks_and_1_Crawlid","floor":1.0,"turns":4.0},{"damage":3.0,"enemies":"Hallownest:2_MossCreeps","floor":2.0,"turns":6.0},{"damage":1.0,"enemies":"Hallownest:monsterHuskWarrior","floor":4.0,"turns":5.0},{"damage":7.0,"enemies":"Hallownest:1_Baldur_1_Crawlid_1_Warrior","floor":5.0,"turns":7.0},{"damage":17.0,"enemies":"Hallownest:eliteVengeflyKing","floor":6.0,"turns":7.0},{"damage":6.0,"enemies":"Hallownest:Wandering_and_Horned","floor":7.0,"turns":6.0},{"damage":6.0,"enemies":"Hallownest:monsterFoolEater","floor":11.0,"turns":3.0},{"damage":30.0,"enemies":"Hallownest:eliteCrystalGuardian","floor":12.0,"turns":8.0},{"damage":2.0,"enemies":"Hallownest:Guard_and_Warrior","floor":14.0,"turns":4.0},{"damage":26.0,"enemies":"Hallownest:BossFalseKnight","floor":16.0,"turns":6.0},{"damage":22.0,"enemies":"Hallownest:Guard_and_Sentry","floor":18.0,"turns":5.0},{"damage":46.0,"enemies":"Hallownest:Guard_and_Sentry","floor":22.0,"turns":7.0},{"damage":2.0,"enemies":"Hallownest:3_Youths","floor":24.0,"turns":6.0},{"damage":16.0,"enemies":"Hallownest:3_Mistakes","floor":25.0,"turns":8.0},{"damage":10.0,"enemies":"Hallownest:Warrior_and_Youth","floor":29.0,"turns":5.0},{"damage":20.0,"enemies":"Hallownest:Master_and_Novice","floor":30.0,"turns":5.0},{"damage":29,"enemies":"Hallownest:2_Husk_Sentries","floor":31,"turns":5},{"damage":36,"enemies":"Hallownest:BossGrimm","floor":33,"turns":9},{"damage":27,"enemies":"Hallownest:2_Littles","floor":35,"turns":6},{"damage":24,"enemies":"Hallownest:Shield_Heavy","floor":37,"turns":5},{"damage":33,"enemies":"Hallownest:2_Wandering_and_1_Horned","floor":39,"turns":7},{"damage":28,"enemies":"Hallownest:StalkingDevout","floor":40,"turns":8},{"damage":27,"enemies":"Hallownest:Slobbering_and_Violent","floor":42,"turns":5},{"damage":12,"enemies":"Hallownest:2_Soldiers_and_1_Guardian","floor":47,"turns":6},{"damage":5,"enemies":"Hallownest:2_Wing_and_1_Kings","floor":48,"turns":5},{"damage":90,"enemies":"Hallownest:BossGreyPrinceZote","floor":50,"turns":10}],"seed_played":"-704848650021210156","potions_obtained":[{"floor":5.0,"key":"Weak Potion"},{"floor":6.0,"key":"sneckomod:MuddlingPotion"},{"floor":7.0,"key":"SteroidPotion"},{"floor":11.0,"key":"EssenceOfSteel"},{"floor":12.0,"key":"hexamod:SoulburnPotion"},{"floor":25.0,"key":"LiquidBronze"},{"floor":29.0,"key":"SmokeBomb"},{"floor":31,"key":"hexamod:SoulburnPotion"},{"floor":33,"key":"ColorlessPotion"},{"floor":47,"key":"DistilledChaos"}],"is_trial":false,"path_per_floor":["M","M","$","M","M","E","M","R","T","R","M","E","T","M","R","B",null,"M","?","?","$","?","R","M","M","T","R","T","M","M","M","R","B",null,"M","$","M","$","M","E","R","M","T","R","?","?","M","M","R","B"],"character_chosen":"THE_BUGKNIGHT","items_purchased":["HollowMod:BrokenVessel","Membership Card","Whetstone","Thread and Needle","HollowMod:MothsMistake","HollowMod:SlysStrikes","Blind"],"campfire_rested":6,"item_purchase_floors":[3,21,21,36,36,38,38],"current_hp_per_floor":[82,80,80,79,72,61,61,61,61,61,55,31,31,29,53,33,82,60,74,74,82,36,60,64,48,48,48,48,44,30,7,31,5,82,62,77,60,75,50,41,65,38,38,62,62,62,50,45,68,0,0],"gold":110,"neow_bonus":"TEN_PERCENT_HP_BONUS","is_daily":false,"chose_seed":false,"campfire_upgraded":3,"win_rate":0.0,"timestamp":1611958818,"path_taken":["M","?","$","M","M","E","M","R","T","R","M","E","?","M","R","BOSS","M","?","?","$","?","R","M","?","T","R","?","?","?","M","R","BOSS","M","$","M","$","M","E","R","M","T","R","?","?","M","M","R","BOSS"],"items_purchased_type":["Card","Relic","Relic","Relic","Card","Card","Card"],"build_version":"2020-12-22","purchased_purges":0,"victory":false,"max_hp_per_floor":[82,82,82,82,82,82,82,82,82,82,82,82,82,82,82,82,82,82,82,82,82,82,82,82,82,82,82,82,82,82,82,82,82,82,82,82,82,82,82,82,82,82,82,82,82,77,77,77,77,77,77],"card_choices":[{"not_picked":["HollowMod:GoodIntentions","HollowMod:NewLittleFool"],"picked":"HollowMod:MothsMistake","floor":1.0},{"not_picked":["HollowMod:VengefulVoid","HollowMod:BlackTendrils"],"picked":"HollowMod:RecoilStrike","floor":2.0},{"not_picked":["HollowMod:ShadowDash","HollowMod:MonarchWings"],"picked":"HollowMod:DashSlash","floor":4.0},{"not_picked":["HollowMod:SharpenedNail","HollowMod:ShapeofUnn"],"picked":"HollowMod:MonarchWings","floor":5.0},{"not_picked":["HollowMod:ChannelNail","HollowMod:HeavyBlow"],"picked":"HollowMod:FastStrike","floor":6.0},{"not_picked":["HollowMod:SoulStrike","HollowMod:LuriensSpire"],"picked":"HollowMod:CloakDash","floor":7.0},{"not_picked":["HollowMod:FallenFury","HollowMod:HuntersJournal"],"picked":"HollowMod:DungDefenderAura","floor":11.0},{"not_picked":["HollowMod:BlackTendrils","HollowMod:HeavyBlow"],"picked":"HollowMod:SiblingsSouls","floor":12.0},{"not_picked":["HollowMod:LifebloodCocoon","HollowMod:PerfectDash"],"picked":"HollowMod:TaintedHusks","floor":14.0},{"not_picked":["HollowMod:ElderbugsWisdom","HollowMod:WhiteLadysBlessing"],"picked":"HollowMod:SlysStrikes","floor":16.0},{"not_picked":["HollowMod:GoodIntentions","HollowMod:MonarchWings","HollowMod:BlackTendrils+1"],"picked":"SKIP","floor":18.0},{"not_picked":["HollowMod:WraithStrike+1","HollowMod:CrystalDash"],"picked":"HollowMod:ShapeofUnn+1","floor":24.0},{"not_picked":["HollowMod:LifebloodCocoon","HollowMod:DescendingDark"],"picked":"HollowMod:CloakDash","floor":25.0},{"not_picked":["HollowMod:HeavyBlow","HollowMod:GoodIntentions","HollowMod:FastStrike"],"picked":"SKIP","floor":29.0},{"not_picked":["HollowMod:ShadowDash","HollowMod:LordofShades","HollowMod:CrystalDash"],"picked":"SKIP","floor":30.0},{"not_picked":["HollowMod:DreamGate+1","HollowMod:HeavyBlow"],"picked":"HollowMod:CycloneSlash","floor":31},{"not_picked":["HollowMod:ElderbugsWisdom","HollowMod:MidwifesHunger"],"picked":"HollowMod:NewInfectedGuardian","floor":33},{"not_picked":["HollowMod:LifebloodCocoon","HollowMod:GrimmsGift"],"picked":"HollowMod:CloakDash","floor":35},{"not_picked":["HollowMod:VengefulVoid+1","HollowMod:CoiledNail","HollowMod:AbyssShriek"],"picked":"SKIP","floor":37},{"not_picked":["HollowMod:GreatSlash+1","HollowMod:TaintedHusks+1"],"picked":"HollowMod:MothsMistake","floor":39},{"not_picked":["HollowMod:HowlingWraiths+1","HollowMod:GoodIntentions","HollowMod:MonarchWings+1"],"picked":"SKIP","floor":40},{"not_picked":["HollowMod:SoulSplash+1","HollowMod:LifebloodCocoon+1","HollowMod:CoiledNail+1"],"picked":"SKIP","floor":42},{"not_picked":["HollowMod:LifebloodCocoon+1","HollowMod:ShapeofUnn+1"],"picked":"HollowMod:DashSlash","floor":47},{"not_picked":["HollowMod:CrystalDash","HollowMod:HeavyBlow","HollowMod:VengefulSpirit+1"],"picked":"SKIP","floor":48}],"player_experience":825386,"relics_obtained":[{"floor":6.0,"key":"HollowMod:MantisClawRelic"},{"floor":9.0,"key":"Happy Flower"},{"floor":12.0,"key":"MealTicket"},{"floor":13.0,"key":"Art of War"},{"floor":26.0,"key":"Bottled Flame"},{"floor":28.0,"key":"hexamod:CandleOfCauterizing"},{"floor":40,"key":"Pen Nib"},{"floor":40,"key":"Dead Branch"},{"floor":43,"key":"Boot"}],"event_choices":[],"is_beta":false,"boss_relics":[{"not_picked":["SacredBark","Runic Dome"],"picked":"Black Star"},{"not_picked":["Fusion Hammer","Velvet Choker"],"picked":"Astrolabe"}],"items_purged_floors":[],"is_endless":false,"potions_floor_spawned":[5,6,7,11,12,22,25,29,31,33,35,47,48],"killed_by":"Hallownest:BossGreyPrinceZote","ascension_level":0}}