{"host":"36nosutyzulbwemu","time":1611905368,"event":{"mods":["BaseMod","Downfall","Marisa£®ÏF”Í°°ƒß¿Ì…≥£©","Minty Spire (QoL Compilation)","Reliquary","Replay The Spire","Shop Mod","StSLib","The Bug Knight","The Servant 0.9.4"],"gold_per_floor":[10,28,28,203,153,170,170,199,225,242,258,272,31,45,45,146,146,162,162,162,175,175,175,175],"floor_reached":23,"language":"ZHS","playtime":2063,"items_purged":["Strike_S"],"score":218,"play_id":"7ac0d8b2-8f5b-424e-8f91-fc45808b877b","local_time":"20210129152928","is_ascension_mode":false,"campfire_choices":[{"floor":15,"key":"REST"}],"circlet_count":0,"master_deck":["Defend_S","Defend_S","Defend_S","Defend_S","KidneyShot","Exchange","Starlight","SilverBlades","BestPractice+1","Shuttle+1","Reset","Revamp","BottledTime","Enlightenment","Ricochet+1","Sabotage","SilverBlades","MurderousAura","SpecialFormula+1","Bite","Bite","Bite","Bite","Bite","SurpressingFire"],"relics":["Uniform","Girya","reliquary:TatteredRug","Pear","reliquary:Boomerang","Membership Card","Pen Nib","reliquary:TuningFork","Honey Jar","Toy Ornithopter"],"acts_visited":["Exordium","TheCity"],"potions_floor_usage":[],"damage_taken":[{"damage":1,"enemies":"Jaw Worm","floor":1,"turns":5},{"damage":0,"enemies":"Small Slimes","floor":2,"turns":3},{"damage":0,"enemies":"2 Louse","floor":6,"turns":2},{"damage":15,"enemies":"Gremlin Nob","floor":8,"turns":4},{"damage":4,"enemies":"Red Slaver","floor":10,"turns":3},{"damage":18,"enemies":"Large Slime","floor":11,"turns":5},{"damage":8,"enemies":"Exordium Wildlife","floor":12,"turns":4},{"damage":3,"enemies":"3 Louse","floor":14,"turns":4},{"damage":35,"enemies":"Hexaghost","floor":16,"turns":10},{"damage":39,"enemies":"3 Byrds","floor":18,"turns":5},{"damage":44,"enemies":"2 Thieves","floor":21,"turns":5},{"damage":18,"enemies":"Cultist and Chosen","floor":23,"turns":4}],"seed_played":"42948","potions_obtained":[{"floor":6,"key":"Cursed Concoction"},{"floor":10,"key":"SpeedPotion"},{"floor":18,"key":"Dexterity Potion"}],"is_trial":false,"path_per_floor":["M","M","?","?","?","M","?","E","T","M","M","M","$","M","R","B",null,"M","?","?","M","?","M"],"character_chosen":"THE_SERVANT","items_purchased":["Membership Card","Pen Nib","Enlightenment","Ricochet+1","Sabotage","Adrenaline Potion","Fire Potion","SteroidPotion","reliquary:TuningFork"],"campfire_rested":1,"item_purchase_floors":[13,13,13,13,13,13,13,13,13],"current_hp_per_floor":[64,64,57,57,57,57,57,52,52,48,30,22,22,19,41,6,75,36,36,36,20,20,20,20],"gold":175,"neow_bonus":"ONE_RARE_RELIC","is_daily":false,"chose_seed":true,"campfire_upgraded":0,"win_rate":0.0,"timestamp":1611905368,"path_taken":["M","M","?","?","?","?","?","E","T","M","M","?","$","M","R","BOSS","M","?","?","?","?","M"],"items_purchased_type":["Relic","Relic","Card","Card","Card","Potion","Potion","Potion","Relic"],"build_version":"2020-12-22","purchased_purges":1,"victory":false,"max_hp_per_floor":[65,65,65,65,65,65,65,75,75,75,75,75,75,75,75,75,75,75,52,52,52,52,52,52],"card_choices":[{"not_picked":["BottledTime","TimeWarp"],"picked":"Starlight","floor":1},{"not_picked":["GearUp","Unruled"],"picked":"SilverBlades","floor":2},{"not_picked":["Rearm","SurpressingFire"],"picked":"BestPractice","floor":6},{"not_picked":["Defy","Initiator"],"picked":"Shuttle","floor":8},{"not_picked":["Luminosity","Spin"],"picked":"Reset","floor":10},{"not_picked":["ShatteredReality","TimeWarp"],"picked":"Revamp","floor":11},{"not_picked":["Revamp","Rewind"],"picked":"BottledTime","floor":12},{"not_picked":["Unruled","BestPractice"],"picked":"SilverBlades","floor":14},{"not_picked":["FloweringNight","Sunlight"],"picked":"MurderousAura","floor":16},{"not_picked":["SilverBlades","Revamp","Unruled+1"],"picked":"SpecialFormula+1","floor":18},{"not_picked":["Rewind","Ricochet+1","Revamp"],"picked":"SurpressingFire","floor":21}],"player_experience":480070,"relics_obtained":[{"floor":8,"key":"Pear"},{"floor":9,"key":"reliquary:Boomerang"}],"event_choices":[{"damage_healed":0,"gold_gain":0,"player_choice":"Success","damage_taken":7,"relics_obtained":["reliquary:TatteredRug"],"max_hp_gain":0,"max_hp_loss":0,"event_name":"Scrap Ooze","floor":3,"gold_loss":0},{"damage_healed":0,"gold_gain":175,"player_choice":"AGREE","damage_taken":0,"max_hp_gain":0,"max_hp_loss":0,"event_name":"Liars Game","floor":4,"gold_loss":0,"cards_obtained":["Doubt"]},{"cards_removed":["Doubt"],"damage_healed":0,"gold_gain":0,"player_choice":"Card Removal","damage_taken":0,"max_hp_gain":0,"max_hp_loss":0,"event_name":"The Cleric","floor":5,"gold_loss":50},{"damage_healed":0,"gold_gain":0,"player_choice":"Upgraded","damage_taken":0,"max_hp_gain":0,"max_hp_loss":0,"event_name":"Upgrade Shrine","floor":7,"gold_loss":0,"cards_upgraded":["BestPractice"]},{"damage_healed":0,"gold_gain":0,"player_choice":"Became a vampire","damage_taken":0,"max_hp_gain":0,"max_hp_loss":23,"event_name":"Vampires","floor":19,"gold_loss":0,"cards_obtained":["Bite","Bite","Bite","Bite","Bite"]},{"damage_healed":0,"gold_gain":0,"player_choice":"Upgraded","damage_taken":0,"max_hp_gain":0,"max_hp_loss":0,"event_name":"Upgrade Shrine","floor":22,"gold_loss":0,"cards_upgraded":["Shuttle"]}],"is_beta":false,"boss_relics":[{"not_picked":["Ectoplasm","Replay:Wanted Poster"],"picked":"Honey Jar"}],"items_purged_floors":[13],"is_endless":false,"potions_floor_spawned":[6,10,18],"killed_by":"Cultist and Chosen","ascension_level":0}}