{"host":"0ricjaa7rfq9v76t","time":1611921673,"event":{"mods":["AchievementEnabler","Aspiration","BaseMod","Better Altar","Better Match","Better Sensory Stone","Better Skull","Better Vampires","BetterRewards","Colored Powertips","Downfall","Energized Spire","Highlight Path","Hubris","Infinite Spire","Minty Spire (QoL Compilation)","Quick Restart","Rare Cards Sparkle","Relic Sorter","Reliquary","Replay The Spire","StSLib","SuperFastMode","Synergy Search","The Cursed","The Disciple","The Jungle","The Marked","The Mystic","Uncapped"],"gold_per_floor":[118,118,131,131,131,164,184,184,211,19,19,19,29,52,52,154,154,172,13,13,23,23,23,23,23],"floor_reached":24,"language":"ENG","playtime":998,"items_purged":["Strike_B","Defend_B"],"score":292,"play_id":"11d8bb34-bf05-4839-aa63-579b117e150f","local_time":"20210129200113","is_ascension_mode":false,"campfire_choices":[{"floor":8.0,"key":"REST"},{"data":"Defend_B","floor":11.0,"key":"PURGE"},{"data":"Delirium","floor":15.0,"key":"PURGE"},{"floor":23,"key":"REST"}],"circlet_count":0,"master_deck":["Strike_B+1","Strike_B+1","Defend_B","Defend_B","Zap","Dualcast","hubris:PowerSurge+1","BootSequence+1","Rebound","Streamline","Biased Cognition","Gash","ReplayTheSpireMod:IOU","Replay:BasicMightCard","Hello World"],"relics":["Cracked Core","Replay:Wax Seal","ReplayTheSpireMod:Ring of Challenge","Peace Pipe","hubris:TenFootPole","Guide Book","Ring of Peace","Nuclear Battery"],"acts_visited":["TheCity"],"potions_floor_usage":[],"damage_taken":[{"damage":0.0,"enemies":"Cultist","floor":1.0,"turns":3.0},{"damage":2.0,"enemies":"Small Slimes","floor":3.0,"turns":3.0},{"damage":20.0,"enemies":"3 Sentries","floor":6.0,"turns":9.0},{"damage":0.0,"enemies":"2 Louse","floor":7.0,"turns":3.0},{"damage":0.0,"enemies":"Blue Slaver","floor":13.0,"turns":3.0},{"damage":40.0,"enemies":"Slime Boss","floor":16.0,"turns":10.0},{"damage":34,"enemies":"2 Thieves","floor":18,"turns":5},{"damage":0,"enemies":"Spheric Guardian","floor":21,"turns":3},{"damage":59,"enemies":"Gremlin Leader","floor":24,"turns":6}],"seed_played":"-2504321530489033245","potions_obtained":[{"floor":6.0,"key":"Fire Potion"},{"floor":7.0,"key":"PotionOfCapacity"},{"floor":13.0,"key":"Strength Potion"}],"is_trial":false,"path_per_floor":["M","?","M","?","?","E","M","R","T","$","R","?","M","T","R","B",null,"M","$","?","M","?","R","E"],"character_chosen":"DEFECT","items_purchased":["Guide Book","Rebound","Replay:BasicMightCard","Hello World"],"campfire_rested":2,"item_purchase_floors":[10,10,19,19],"current_hp_per_floor":[63,63,61,61,61,41,41,63,63,63,63,63,63,63,63,23,75,41,41,41,41,31,53,0,0],"gold":23,"neow_bonus":"","is_daily":false,"chose_seed":false,"campfire_upgraded":0,"win_rate":0.0,"timestamp":1611921673,"path_taken":["M","?","M","?","?","E","M","R","T","$","R","?","?","?","R","BOSS","M","$","?","M","?","R","E"],"items_purchased_type":["Relic","Card","Card","Card"],"build_version":"2020-12-22","purchased_purges":2,"victory":false,"max_hp_per_floor":[75,75,75,75,75,75,75,75,75,75,75,75,75,75,75,75,75,75,75,75,75,75,75,75,75],"card_choices":[{"not_picked":["Genetic Algorithm","Rip and Tear"],"picked":"Ball Lightning","floor":1.0},{"not_picked":["Streamline","Hologram"],"picked":"hubris:PowerSurge","floor":3.0},{"not_picked":["BasicCrystalCard","Steam","Stack"],"picked":"SKIP","floor":6.0},{"not_picked":["Panic Button","Undo","Tempest"],"picked":"SKIP","floor":7.0},{"not_picked":["Capacitor","Time Bomb"],"picked":"Streamline","floor":13.0},{"not_picked":["Core Surge","Hyperbeam"],"picked":"Biased Cognition","floor":16.0},{"not_picked":["Panic Button+1","Scrape+1"],"picked":"Gash","floor":18},{"not_picked":["Steam+1","BasicCrystalCard+1","Hologram"],"picked":"SKIP","floor":21}],"player_experience":247608,"relics_obtained":[{"floor":6.0,"key":"Peace Pipe"},{"floor":9.0,"key":"hubris:TenFootPole"},{"floor":12.0,"key":"Ring of Peace"},{"floor":12.0,"key":"ReplayTheSpireMod:Ring of Challenge"},{"floor":14.0,"key":"Replay:Wax Seal"}],"event_choices":[{"damage_healed":0.0,"max_hp_gain":0.0,"max_hp_loss":0.0,"gold_gain":0.0,"event_name":"Living Wall","player_choice":"Grow","floor":4.0,"gold_loss":0.0,"damage_taken":0.0,"cards_upgraded":["hubris:PowerSurge"]},{"damage_healed":0,"gold_gain":0,"player_choice":"Ignored","damage_taken":0,"max_hp_gain":0,"max_hp_loss":0,"event_name":"Ghosts","floor":20,"gold_loss":0}],"is_beta":false,"boss_relics":[{"not_picked":["Busted Crown","Inserter"],"picked":"Nuclear Battery"}],"items_purged_floors":[0,19],"is_endless":false,"potions_floor_spawned":[6,7,13],"killed_by":"Gremlin Leader","ascension_level":0}}