{"host":"7eytxr1oawi6r5nr","time":1611942364,"event":{"mods":["BaseMod","Better Third Choice","Curses Come First","Dark Map","Hermit","Hubris","Ironclad Rager","Minty Spire (QoL Compilation)","Permanent Neow","Quick Restart","Rare Cards Sparkle","Relic Filter Mod","Reliquary","Replay The Spire","Shade Mod","StSLib","The Cursed","The Disciple","The Dragon Tamer","The Forsaken","The Hayseed","The IronCluck","The Runesmith","The Servant 0.9.4","TheSurvivalist","Weighted Paths","Wide Potions"],"gold_per_floor":[20,35,46,46,65,65,82,82,82,82,93,112,112,143,143,248,248,258,270,52,52,65,95,95,145,200,200,138,162,189,189,189,305,305,353,392,392,412,412],"floor_reached":38,"language":"ENG","playtime":3126,"items_purged":[],"score":441,"play_id":"1b330dc3-2110-4fc4-864b-e5e888ee1bca","local_time":"20210129174604","is_ascension_mode":false,"campfire_choices":[{"data":"Night Terror","floor":6.0,"key":"SMITH"},{"floor":8.0,"key":"REST"},{"data":"Footwork","floor":10.0,"key":"SMITH"},{"data":"Neutralize","floor":13.0,"key":"SMITH"},{"floor":15.0,"key":"REST"},{"floor":24.0,"key":"REST"},{"data":"PiercingWail","floor":27.0,"key":"SMITH"},{"floor":32.0,"key":"REST"}],"circlet_count":0,"master_deck":["Survivor","Neutralize+1","Poisoned Stab","Poisoned Stab","Poisoned Stab","Poisoned Stab","Poisoned Stab","Dodge and Roll","Dodge and Roll","Dodge and Roll","Dodge and Roll","Dodge and Roll","Dagger Throw","Backflip","Footwork+1","Night Terror+1","Noxious Fumes","Acrobatics","After Image","ReplayTheSpireMod:Necrosis","Dagger Spray","Caltrops","PiercingWail+1","Voices","hubris:Counter+1","Languid","Parasite","hubris:Disease","Die Die Die+1","ICR:Cloudkill+1","Backflip+1"],"relics":["Ring of the Snake","GremlinMask","hubris:BottledRain","Quantum Egg","Replay:Bronze Core","Replay:Rubber Ducky","reliquary:FeatherDuster","Ring of Greed","Golden Egg","Replay:Bandana","theForsaken:Lifeblossom","hubris:64BitClover","Smiling Mask","MutagenicStrength","hubris:RunicObelisk","hubris:Icosahedron"],"acts_visited":["Exordium","TheCity","TheBeyond"],"potions_floor_usage":[36],"damage_taken":[{"damage":0.0,"enemies":"Jaw Worm","floor":1.0,"turns":3.0},{"damage":0.0,"enemies":"Cultist","floor":2.0,"turns":3.0},{"damage":0.0,"enemies":"Small Slimes","floor":3.0,"turns":3.0},{"damage":0.0,"enemies":"Blue Slaver","floor":5.0,"turns":5.0},{"damage":20.0,"enemies":"Exordium Thugs","floor":7.0,"turns":8.0},{"damage":5.0,"enemies":"2 Fungi Beasts","floor":11.0,"turns":5.0},{"damage":5.0,"enemies":"3 Louse","floor":12.0,"turns":3.0},{"damage":10.0,"enemies":"Lagavulin","floor":14.0,"turns":6.0},{"damage":15.0,"enemies":"The Guardian","floor":16.0,"turns":11.0},{"damage":2.0,"enemies":"Shell Parasite","floor":18.0,"turns":6.0},{"damage":3.0,"enemies":"Chosen","floor":19.0,"turns":7.0},{"damage":0.0,"enemies":"Shelled Parasite and Fungi","floor":22.0,"turns":6.0},{"damage":39.0,"enemies":"Slavers","floor":23.0,"turns":6.0},{"damage":0.0,"enemies":"Replay:Snechameleon","floor":28.0,"turns":7.0},{"damage":36.0,"enemies":"Cultist and Chosen","floor":30.0,"turns":7.0},{"damage":35,"enemies":"Collector","floor":33,"turns":16},{"damage":29,"enemies":"3 Darklings","floor":35,"turns":6},{"damage":30,"enemies":"3 Shapes","floor":36,"turns":5},{"damage":19,"enemies":"Transient","floor":38,"turns":3}],"seed_played":"-7915111704950924341","potions_obtained":[{"floor":2.0,"key":"PowerPotion"},{"floor":5.0,"key":"SkillPotion"},{"floor":12.0,"key":"SpeedPotion"},{"floor":14.0,"key":"SteroidPotion"},{"floor":16.0,"key":"Weak Potion"},{"floor":18.0,"key":"SpeedPotion"},{"floor":23.0,"key":"AttackPotion"},{"floor":28.0,"key":"Dexterity Potion"},{"floor":35,"key":"BlessingOfTheForge"}],"is_trial":false,"path_per_floor":["M","M","M","?","M","R","M","R","T","R","M","M","R","E","R","B",null,"M","M","$","?","M","E","R","?","T","R","E","T","M","?","R","B",null,"M","M","?","M"],"character_chosen":"THE_SILENT","items_purchased":["Replay:Rubber Ducky","Caltrops"],"campfire_rested":4,"item_purchase_floors":[20,20],"current_hp_per_floor":[45,45,45,45,45,45,25,43,43,43,38,33,33,23,41,26,63,61,58,58,58,58,19,37,37,37,37,43,43,13,13,31,2,63,37,13,13,0,0],"gold":412,"neow_bonus":"SILENT_ASSASSIN","is_daily":false,"chose_seed":false,"campfire_upgraded":4,"win_rate":0.0,"timestamp":1611942364,"path_taken":["M","M","M","?","M","R","M","R","T","R","M","?","R","E","R","BOSS","M","M","$","?","M","E","R","?","T","R","E","?","?","?","R","BOSS","M","M","?","M"],"items_purchased_type":["Relic","Card"],"build_version":"2020-12-22","purchased_purges":0,"victory":false,"max_hp_per_floor":[63,63,63,63,63,63,63,63,63,63,63,63,63,63,63,63,63,63,63,63,63,63,63,63,63,63,63,63,63,63,63,63,63,63,63,63,63,63,63],"card_choices":[{"not_picked":["Toxin Wave","Acrobatics"],"picked":"Dagger Throw","floor":1.0},{"not_picked":["Slice","Poisoned Stab"],"picked":"Backflip","floor":2.0},{"not_picked":["Concentrate","Expertise"],"picked":"Footwork","floor":3.0},{"not_picked":["Calculated Gamble","Infinite Blades"],"picked":"Night Terror","floor":5.0},{"not_picked":["Bouncing Flask","Flying Knee"],"picked":"Noxious Fumes","floor":7.0},{"not_picked":["Backflip","Underhanded Strike","Flying Knee"],"picked":"SKIP","floor":11.0},{"not_picked":["Accuracy","Underhanded Strike"],"picked":"Acrobatics","floor":12.0},{"not_picked":["Deflect","Heel Hook"],"picked":"After Image","floor":14.0},{"not_picked":["Die Die Die","Storm of Steel"],"picked":"ReplayTheSpireMod:Necrosis","floor":16.0},{"not_picked":["Sucker Punch","Setup"],"picked":"Dagger Spray","floor":18.0},{"not_picked":["Dodge and Roll","Bane","Quick Slash"],"picked":"SKIP","floor":19.0},{"not_picked":["Riddle With Holes","ReplayTheSpireMod:Shiv Toss+1","Deadly Poison"],"picked":"SKIP","floor":22.0},{"not_picked":["Dodge and Roll","Concentrate+1"],"picked":"PiercingWail","floor":23.0},{"not_picked":["Deadly Poison+1","Dodge and Roll"],"picked":"hubris:Counter+1","floor":28.0},{"not_picked":["Blade Dance","Setup+1","Deadly Poison"],"picked":"SKIP","floor":30.0},{"not_picked":["Doppelganger","Burst"],"picked":"Die Die Die","floor":33},{"not_picked":["Predator","Poisoned Stab"],"picked":"ICR:Cloudkill+1","floor":35},{"not_picked":["Sucker Punch+1","hubris:SlightOfHand"],"picked":"Backflip+1","floor":36}],"player_experience":167129,"relics_obtained":[{"floor":9.0,"key":"hubris:BottledRain"},{"floor":14.0,"key":"Quantum Egg"},{"floor":23.0,"key":"reliquary:FeatherDuster"},{"floor":25.0,"key":"Ring of Greed"},{"floor":25.0,"key":"Golden Egg"},{"floor":25.0,"key":"Replay:Bandana"},{"floor":26.0,"key":"theForsaken:Lifeblossom"},{"floor":28.0,"key":"hubris:64BitClover"},{"floor":29.0,"key":"Smiling Mask"}],"event_choices":[{"damage_healed":0.0,"max_hp_gain":0.0,"max_hp_loss":0.0,"gold_gain":0.0,"event_name":"FaceTrader","player_choice":"Trade","floor":4.0,"gold_loss":0.0,"damage_taken":0.0,"relics_obtained":["GremlinMask"]},{"damage_healed":0.0,"max_hp_gain":0.0,"max_hp_loss":0.0,"gold_gain":0.0,"event_name":"Drug Dealer","player_choice":"Inject Mutagens","floor":31.0,"gold_loss":0.0,"damage_taken":0.0,"relics_obtained":["MutagenicStrength"]}],"is_beta":false,"boss_relics":[{"not_picked":["reliquary:KinkedSpring","Runic Pyramid"],"picked":"Replay:Bronze Core"},{"not_picked":["Astrolabe","hubris:ScarierMask"],"picked":"hubris:RunicObelisk"}],"items_purged_floors":[],"is_endless":false,"potions_floor_spawned":[2,5,12,14,16,18,23,28,35],"killed_by":"Transient","ascension_level":0}}