{"host":"52m1o8iwwagurbjs","time":1611941323,"event":{"mods":["AchievementEnabler","BaseMod","Bestiary","Colored Powertips","GifTheSpireLib","Minty Spire (QoL Compilation)","Quick Restart","RNG Fix","Relic Stats","StSLib"],"gold_per_floor":[119,137,15,190,17,17,45,45,71,21,36,36,70,80,80,184,184,202,216,240,240,240],"floor_reached":21,"language":"ENG","playtime":729,"items_purged":[],"score":196,"play_id":"be0598c2-6d4e-499f-b646-2e821317d8f3","local_time":"20210129122843","is_ascension_mode":true,"campfire_choices":[{"data":"Noxious Fumes","floor":6.0,"key":"SMITH"},{"data":"Poisoned Stab","floor":8.0,"key":"SMITH"},{"data":"Well Laid Plans","floor":15.0,"key":"SMITH"}],"circlet_count":0,"master_deck":["Strike_G","Strike_G","Strike_G","Strike_G","Defend_G","Defend_G","Defend_G","Defend_G","Defend_G","Survivor","Neutralize","Backflip","Noxious Fumes+1","Poisoned Stab+1","Noxious Fumes","Dagger Throw","Well Laid Plans+1","Deadly Poison","Terror","PiercingWail","Burst","Backstab","Acrobatics+1"],"relics":["Ring of the Snake","Omamori","Sling","Tiny Chest","PreservedInsect","Thread and Needle","Dead Branch","Black Star","Regal Pillow"],"acts_visited":["Exordium","TheCity"],"potions_floor_usage":[21],"damage_taken":[{"damage":0.0,"enemies":"2 Louse","floor":1.0,"turns":3.0},{"damage":5.0,"enemies":"Small Slimes","floor":2.0,"turns":4.0},{"damage":15.0,"enemies":"Gremlin Nob","floor":7.0,"turns":4.0},{"damage":2.0,"enemies":"Cultist","floor":11.0,"turns":4.0},{"damage":3.0,"enemies":"3 Sentries","floor":13.0,"turns":4.0},{"damage":0.0,"enemies":"Gremlin Gang","floor":14.0,"turns":5.0},{"damage":27.0,"enemies":"Slime Boss","floor":16.0,"turns":11.0},{"damage":18.0,"enemies":"3 Byrds","floor":18.0,"turns":5.0},{"damage":9.0,"enemies":"Chosen","floor":19.0,"turns":5.0},{"damage":36,"enemies":"3 Cultists","floor":21,"turns":5}],"seed_played":"-7283094070635203911","potions_obtained":[{"floor":2.0,"key":"Weak Potion"},{"floor":7.0,"key":"BlessingOfTheForge"},{"floor":13.0,"key":"Poison Potion"},{"floor":14.0,"key":"Swift Potion"},{"floor":19.0,"key":"Regen Potion"}],"is_trial":false,"path_per_floor":["M","M","$","?","$","R","E","R","T","?","M","?","E","M","R","B",null,"M","M","T","M"],"character_chosen":"THE_SILENT","items_purchased":["Poisoned Stab","Noxious Fumes","Dagger Throw","Sling"],"campfire_rested":0,"item_purchase_floors":[3,3,5,5],"current_hp_per_floor":[70,65,65,65,65,65,50,50,50,50,48,36,33,33,33,6,70,52,43,43,12,12],"gold":240,"neow_bonus":"RANDOM_COMMON_RELIC","is_daily":false,"chose_seed":false,"campfire_upgraded":3,"win_rate":0.0,"timestamp":1611941323,"path_taken":["M","M","$","?","$","R","E","R","T","?","M","?","E","M","R","BOSS","M","?","?","M"],"items_purchased_type":["Card","Card","Card","Relic"],"build_version":"2020-12-22","purchased_purges":0,"victory":false,"max_hp_per_floor":[70,70,70,70,70,70,70,70,70,70,70,70,70,70,70,70,70,70,70,70,70,70],"relic_stats":{"Regal Pillow":0,"counters":[10,50],"Dead Branch":[14],"Tiny Chest":1,"PreservedInsect":30,"Black Star":0,"obtain_stats":[{"Regal Pillow":20,"Dead Branch":13,"Tiny Chest":7,"Thread and Needle":12,"PreservedInsect":9,"Omamori":0,"Black Star":17,"Sling":5,"Ring of the Snake":0},{"Regal Pillow":9,"Dead Branch":5,"Tiny Chest":3,"Thread and Needle":4,"PreservedInsect":3,"Omamori":0,"Black Star":7,"Sling":2,"Ring of the Snake":0},{"Regal Pillow":45,"Dead Branch":19,"Tiny Chest":11,"Thread and Needle":15,"PreservedInsect":11,"Omamori":0,"Black Star":35,"Sling":7,"Ring of the Snake":0}],"Ring of the Snake":[20]},"card_choices":[{"not_picked":["Deflect","Distraction"],"picked":"Backflip","floor":1.0},{"not_picked":["Reflex","Outmaneuver"],"picked":"Noxious Fumes","floor":2.0},{"not_picked":["Quick Slash","Outmaneuver"],"picked":"Well Laid Plans","floor":7.0},{"not_picked":["Slice","Deflect"],"picked":"Deadly Poison","floor":11.0},{"not_picked":["Concentrate","Dodge and Roll"],"picked":"Terror","floor":13.0},{"not_picked":["Blur","Slice"],"picked":"PiercingWail","floor":14.0},{"not_picked":["Phantasmal Killer","A Thousand Cuts"],"picked":"Burst","floor":16.0},{"not_picked":["Dodge and Roll","Skewer"],"picked":"Backstab","floor":18.0},{"not_picked":["Backstab","Slice"],"picked":"Acrobatics+1","floor":19.0}],"player_experience":1241482,"relics_obtained":[{"floor":7.0,"key":"Tiny Chest"},{"floor":9.0,"key":"PreservedInsect"},{"floor":13.0,"key":"Dead Branch"},{"floor":20.0,"key":"Regal Pillow"}],"event_choices":[{"damage_healed":0.0,"max_hp_gain":0.0,"max_hp_loss":0.0,"gold_gain":175.0,"event_name":"Liars Game","player_choice":"AGREE","floor":4.0,"gold_loss":0.0,"damage_taken":0.0,"cards_obtained":["Doubt"]},{"cards_removed":["Strike_G"],"damage_healed":0.0,"max_hp_gain":0.0,"max_hp_loss":0.0,"gold_gain":0.0,"event_name":"The Cleric","player_choice":"Card Removal","floor":10.0,"gold_loss":50.0,"damage_taken":0.0},{"damage_healed":0.0,"max_hp_gain":0.0,"max_hp_loss":0.0,"gold_gain":0.0,"event_name":"Scrap Ooze","player_choice":"Success","floor":12.0,"gold_loss":0.0,"damage_taken":12.0,"relics_obtained":["Thread and Needle"]}],"is_beta":false,"boss_relics":[{"not_picked":["Calling Bell","Fusion Hammer"],"picked":"Black Star"}],"items_purged_floors":[],"is_endless":false,"potions_floor_spawned":[2,7,13,14,19],"killed_by":"3 Cultists","ascension_level":1}}