{"host":"fuszjwm6fqgjjp4d","time":1611904645,"event":{"mods":["BaseMod","Bestiary","Colored Map","DeckTracker","Minty Spire (QoL Compilation)","Permanent Neow","Relic Sorter","Relic Stats","StSLib"],"gold_per_floor":[109,109,121,196,196,223,240,269,269,269,269,269,283,283,283,360,360,379,398,7,7,7,7,32,47,129,154,154,154],"floor_reached":28,"language":"ENG","playtime":665,"items_purged":[],"score":528,"play_id":"33826239-8626-4f69-b29f-f2a41adeecba","local_time":"20210129011725","is_ascension_mode":true,"campfire_choices":[{"floor":12.0,"key":"REST"},{"data":"Static Discharge","floor":15.0,"key":"SMITH"},{"floor":23.0,"key":"REST"}],"circlet_count":0,"master_deck":["AscendersBane","Strike_B+1","Strike_B+1","Strike_B+1","Strike_B+1","Defend_B+1","Defend_B+1","Defend_B+1","Defend_B+1","Zap","Dualcast","Electrodynamics+1","Reinforced Body","Static Discharge+1","Go for the Eyes","Glacier","Conserve Battery","Darkness","Echo Form","Loop","Defragment","Buffer","Turbo"],"relics":["Cracked Core","The Courier","Letter Opener","Symbiotic Virus","Fusion Hammer","OrangePellets","Frozen Egg 2","Pantograph","Dream Catcher"],"acts_visited":["Exordium","TheCity"],"potions_floor_usage":[],"damage_taken":[{"damage":2.0,"enemies":"Jaw Worm","floor":1.0,"turns":4.0},{"damage":0.0,"enemies":"Small Slimes","floor":3.0,"turns":2.0},{"damage":4.0,"enemies":"Lagavulin","floor":6.0,"turns":6.0},{"damage":0.0,"enemies":"2 Louse","floor":7.0,"turns":1.0},{"damage":9.0,"enemies":"3 Sentries","floor":8.0,"turns":5.0},{"damage":0.0,"enemies":"2 Fungi Beasts","floor":13.0,"turns":3.0},{"damage":29.0,"enemies":"The Guardian","floor":16.0,"turns":16.0},{"damage":4.0,"enemies":"Spheric Guardian","floor":18.0,"turns":3.0},{"damage":0.0,"enemies":"Chosen","floor":19.0,"turns":3.0},{"damage":36.0,"enemies":"Slavers","floor":24.0,"turns":5.0},{"damage":10.0,"enemies":"Snake Plant","floor":25.0,"turns":5.0},{"damage":23,"enemies":"Book of Stabbing","floor":27,"turns":5},{"damage":8,"enemies":"Shelled Parasite and Fungi","floor":28,"turns":1}],"seed_played":"3586136846908531299","potions_obtained":[{"floor":1.0,"key":"BlessingOfTheForge"},{"floor":13.0,"key":"GamblersBrew"},{"floor":14.0,"key":"FairyPotion"},{"floor":14.0,"key":"Energy Potion"},{"floor":18.0,"key":"FearPotion"}],"is_trial":false,"path_per_floor":["M","?","M","?","?","E","M","E","T","?","?","R","M","?","R","B",null,"M","M","$","?","?","R","E","M","T","E","M"],"character_chosen":"DEFECT","items_purchased":["OrangePellets","Loop","Defragment","Buffer"],"campfire_rested":2,"item_purchase_floors":[20,20,20,20],"current_hp_per_floor":[44,49,49,38,15,11,11,2,2,2,2,24,24,24,24,22,63,59,59,59,59,59,76,40,30,30,7,0,0],"gold":154,"neow_bonus":"THREE_RARE_CARDS","is_daily":false,"chose_seed":false,"campfire_upgraded":1,"win_rate":0.0,"timestamp":1611904645,"path_taken":["M","?","M","?","?","E","M","E","T","?","?","R","M","?","R","BOSS","M","M","$","?","?","R","E","M","T","E","?"],"items_purchased_type":["Relic","Card","Card","Card"],"build_version":"2020-12-22","purchased_purges":0,"victory":false,"max_hp_per_floor":[71,76,76,76,76,76,76,76,76,76,76,76,76,76,76,76,76,76,76,76,76,76,76,76,76,76,76,76,76],"relic_stats":{"OrangePellets":[2],"Dream Catcher":0,"counters":[13,59],"Pantograph":0,"Letter Opener":[31],"obtain_stats":[{"OrangePellets":20,"Dream Catcher":27,"Pantograph":26,"The Courier":6,"Fusion Hammer":17,"Letter Opener":8,"Frozen Egg 2":24,"Cracked Core":0,"Symbiotic Virus":9},{"OrangePellets":9,"Dream Catcher":12,"Pantograph":11,"The Courier":3,"Fusion Hammer":7,"Letter Opener":5,"Frozen Egg 2":10,"Cracked Core":0,"Symbiotic Virus":5},{"OrangePellets":43,"Dream Catcher":58,"Pantograph":53,"The Courier":12,"Fusion Hammer":37,"Letter Opener":18,"Frozen Egg 2":48,"Cracked Core":0,"Symbiotic Virus":18}]},"card_choices":[{"not_picked":["Core Surge","Biased Cognition"],"picked":"Electrodynamics","floor":0.0},{"not_picked":["Leap","Rebound"],"picked":"Reinforced Body","floor":1.0},{"not_picked":["Coolheaded","Hologram"],"picked":"Static Discharge","floor":3.0},{"not_picked":["Aggregate","Stack"],"picked":"Go for the Eyes","floor":6.0},{"not_picked":["Coolheaded","Cold Snap"],"picked":"Glacier","floor":7.0},{"not_picked":["Scrape","Skim"],"picked":"Conserve Battery","floor":8.0},{"not_picked":["Go for the Eyes","Gash"],"picked":"Darkness","floor":13.0},{"not_picked":["Buffer","Hyperbeam"],"picked":"Echo Form","floor":16.0},{"not_picked":["Double Energy","Aggregate","Steam"],"picked":"SKIP","floor":18.0},{"not_picked":["Beam Cell","Stack","Chill"],"picked":"SKIP","floor":19.0},{"not_picked":["Steam","Compile Driver"],"picked":"Turbo","floor":24.0},{"not_picked":["Sweeping Beam","Ball Lightning","Compile Driver"],"picked":"SKIP","floor":25.0},{"not_picked":["Scrape+1","Streamline","Leap"],"picked":"SKIP","floor":27}],"player_experience":1405744,"relics_obtained":[{"floor":6.0,"key":"The Courier"},{"floor":8.0,"key":"Letter Opener"},{"floor":9.0,"key":"Symbiotic Virus"},{"floor":24.0,"key":"Frozen Egg 2"},{"floor":26.0,"key":"Pantograph"},{"floor":27,"key":"Dream Catcher"}],"event_choices":[{"damage_healed":0.0,"max_hp_gain":5.0,"max_hp_loss":0.0,"gold_gain":0.0,"event_name":"Big Fish","player_choice":"Donut","floor":2.0,"gold_loss":0.0,"damage_taken":0.0},{"damage_healed":0.0,"max_hp_gain":0.0,"max_hp_loss":0.0,"gold_gain":75.0,"event_name":"World of Goop","player_choice":"Gather Gold","floor":4.0,"gold_loss":0.0,"damage_taken":11.0},{"damage_healed":0.0,"max_hp_gain":0.0,"max_hp_loss":0.0,"gold_gain":0.0,"event_name":"Shining Light","player_choice":"Entered Light","floor":5.0,"gold_loss":0.0,"damage_taken":23.0,"cards_upgraded":["Strike_B","Electrodynamics"]},{"damage_healed":0.0,"max_hp_gain":0.0,"max_hp_loss":0.0,"gold_gain":0.0,"event_name":"Scrap Ooze","player_choice":"Fled","floor":10.0,"gold_loss":0.0,"damage_taken":0.0},{"damage_healed":0.0,"max_hp_gain":0.0,"max_hp_loss":0.0,"gold_gain":0.0,"event_name":"Dead Adventurer","player_choice":"Searched \u00270\u0027 times","floor":11.0,"gold_loss":0.0,"damage_taken":0.0},{"damage_healed":0.0,"max_hp_gain":0.0,"max_hp_loss":0.0,"gold_gain":0.0,"event_name":"Lab","player_choice":"Got Potions","floor":14.0,"gold_loss":0.0,"damage_taken":0.0},{"damage_healed":0.0,"max_hp_gain":0.0,"max_hp_loss":0.0,"gold_gain":0.0,"event_name":"The Mausoleum","player_choice":"Ignored","floor":21.0,"gold_loss":0.0,"damage_taken":0.0},{"damage_healed":0.0,"max_hp_gain":0.0,"max_hp_loss":0.0,"gold_gain":0.0,"event_name":"Back to Basics","player_choice":"Simplicity","floor":22.0,"gold_loss":0.0,"damage_taken":0.0,"cards_upgraded":["Strike_B","Strike_B","Strike_B","Defend_B","Defend_B","Defend_B","Defend_B"]}],"is_beta":false,"boss_relics":[{"not_picked":["Coffee Dripper","Black Star"],"picked":"Fusion Hammer"}],"items_purged_floors":[],"is_endless":false,"potions_floor_spawned":[1,13,18,19,24],"killed_by":"Shelled Parasite and Fungi","ascension_level":20}}