{"host":"fbnmuibw0uyiaf00","time":1611898965,"event":{"mods":["BaseMod","Colored Powertips","Lobotomy","LobotomyExtend","Marisa£®ÏF”Í°°ƒß¿Ì…≥£©","Minty Spire (QoL Compilation)","Remilia£®¿Ÿ√◊¿Ú—«£©","UnlockEverythingMod","Youmu£®ªÍ∆«—˝√Œ£©","[IsaacMod]“‘»ˆº‚À˛"],"gold_per_floor":[211,229,229,229,244,244,283,303,303,341,341,380,380,405,405,534,534,552,552,552,122,122,122,155,1,1,12,43,43,142,167,167,271,271,282,282,282,131,147,197,197,242,269,284,284,318,318,358,358,421,421,421,421,43,129,311],"floor_reached":57,"language":"ZHS","playtime":3357,"items_purged":[],"score":1476,"play_id":"f21ba782-0bde-4c21-a085-1c5e8b372c31","local_time":"20210129134245","is_ascension_mode":true,"campfire_choices":[{"data":"BloodySeventeenLaser","floor":6,"key":"SMITH"},{"floor":15,"key":"REST"},{"data":"BloodyHallows","floor":23,"key":"SMITH"},{"floor":29,"key":"REST"},{"floor":32,"key":"RECALL"},{"data":"Apotheosis","floor":45,"key":"SMITH"},{"floor":47,"key":"REST"},{"data":"ChaoticDestiny","floor":49,"key":"SMITH"},{"data":"Secret Technique","floor":53,"key":"SMITH"}],"circlet_count":0,"master_deck":["Strike_RM","Strike_RM","Strike_RM","Defend_RM","Defend_RM","Defend_RM+1","Defend_RM+1","RedMoon","ScarletShoot","DoctorFetus","DiffusionOfMisfortune","BloodySeventeenLaser+1","ScarletImprint","Maim","ReincarnationDial","Stigmanizer","NightLord","BloodyHallows+1","VampirishNight+1","UnderTheZenith","ScarletDevilSign","RedMagic","RedRainbow+1","TwelveNightmare+1","VampireSweep","TricksterDevil+1","Apotheosis+1","VampireKiss+1","Secret Technique+1","ScarletDevil+1","FavorOfDestiny+1","Wraith","Stigmanizer","StarOfDavid+1","ChaoticDestiny+1","BloodyTrap+1"],"relics":["ScarletHat","HushsDoor","UnicornStump","Bloody Idol","Frozen Egg 2","Sundial","AnarchistCookbook","InkBottle","Smiling Mask","War Paint","SacredBark","Enchiridion","BookofShadows","TheAbacus","Centennial Puzzle","Regal Pillow","TheBible","Shuriken","Art of War","LetterFromLob","MagicMushroom","Vajra","PokeGo","Turnip","SalivaCoin","Orichalcum","OrangePellets","Bronze Scales"],"acts_visited":["Exordium","TheCity","TheBeyond","TheEnding"],"potions_floor_usage":[12,12,12,12,16,16,33,33,50,50,56],"damage_taken":[{"damage":1,"enemies":"2 Louse","floor":1,"turns":4},{"damage":0,"enemies":"Jaw Worm","floor":2,"turns":4},{"damage":2,"enemies":"Small Slimes","floor":5,"turns":5},{"damage":11,"enemies":"3 Sentries","floor":7,"turns":10},{"damage":3,"enemies":"Red Slaver","floor":8,"turns":2},{"damage":43,"enemies":"Gremlin Nob","floor":10,"turns":7},{"damage":4,"enemies":"3 Sentries","floor":12,"turns":3},{"damage":0,"enemies":"Slime Boss","floor":16,"turns":5},{"damage":32,"enemies":"Shell Parasite","floor":18,"turns":7},{"damage":19,"enemies":"Book of Stabbing","floor":24,"turns":6},{"damage":0,"enemies":"3 Byrds","floor":27,"turns":4},{"damage":47,"enemies":"Slavers","floor":28,"turns":5},{"damage":0,"enemies":"Book of Stabbing","floor":31,"turns":1},{"damage":66,"enemies":"Automaton","floor":33,"turns":5},{"damage":44,"enemies":"3 Darklings","floor":35,"turns":3},{"damage":19,"enemies":"Orb Walker","floor":39,"turns":2},{"damage":8,"enemies":"Mind Bloom Boss Battle","floor":40,"turns":2},{"damage":5,"enemies":"2 Orb Walkers","floor":42,"turns":3},{"damage":54,"enemies":"Transient","floor":44,"turns":5},{"damage":12,"enemies":"Nemesis","floor":46,"turns":5},{"damage":20,"enemies":"Maw","floor":48,"turns":5},{"damage":81,"enemies":"Time Eater","floor":50,"turns":10},{"damage":51,"enemies":"Shield and Spear","floor":55,"turns":3},{"damage":119,"enemies":"The Heart","floor":56,"turns":5}],"seed_played":"-2142511777348162431","potions_obtained":[{"floor":1,"key":"FearPotion"},{"floor":8,"key":"Strength Potion"},{"floor":10,"key":"EntropicBrew"},{"floor":12,"key":"Explosive Potion"},{"floor":24,"key":"SkillPotion"},{"floor":27,"key":"CultistPotion"},{"floor":39,"key":"BlessingOfTheForge"},{"floor":40,"key":"ColorlessPotion"}],"is_trial":false,"path_per_floor":["M","M","?","?","M","R","E","M","T","E","T","E","?","T","R","B",null,"M","?","?","$","?","R","E","$","T","M","E","R","?","E","R","B",null,"M","?","?","$","M","?","?","?","T","M","R","E","R","M","R","B",null,null,"R","$","E","B",null],"character_chosen":"REMILIA","items_purchased":["BookofShadows","TheAbacus","UnderTheZenith","Regal Pillow","Apotheosis","Vajra","Orichalcum","OrangePellets","LiquidBronze"],"campfire_rested":3,"item_purchase_floors":[21,21,21,25,34,38,54,54,54],"current_hp_per_floor":[74,74,56,56,54,54,43,41,41,8,8,4,4,4,26,39,75,51,59,43,43,43,43,35,35,35,46,17,54,59,73,73,19,77,50,50,50,50,44,46,46,55,60,46,46,43,77,77,77,43,43,77,77,77,65,48],"gold":311,"neow_bonus":"HUNDRED_GOLD","is_daily":false,"chose_seed":false,"campfire_upgraded":5,"win_rate":0.0,"timestamp":1611898965,"path_taken":["M","M","?","?","M","R","E","?","T","E","?","E","?","?","R","BOSS","M","?","?","$","?","R","E","$","T","?","E","R","?","E","R","BOSS","M","?","?","$","?","?","?","?","T","M","R","E","R","M","R","BOSS","R","$","E","BOSS"],"items_purchased_type":["Relic","Relic","Card","Relic","Card","Relic","Relic","Relic","Potion"],"build_version":"2020-12-22","purchased_purges":0,"victory":true,"max_hp_per_floor":[75,75,75,75,75,75,75,75,75,75,75,75,75,75,75,75,75,75,75,75,75,75,75,75,75,75,75,75,75,75,75,75,75,77,77,77,77,77,77,77,77,77,77,77,77,77,77,77,77,77,77,77,77,77,77,77],"card_choices":[{"not_picked":[],"picked":"DoctorFetus","floor":0},{"not_picked":["TwelveNightmare","StarOfDavid"],"picked":"DiffusionOfMisfortune","floor":1},{"not_picked":["DevilSight","BombardNight"],"picked":"BloodySeventeenLaser","floor":2},{"not_picked":["ReincarnationDial","VampireClaw"],"picked":"ScarletImprint","floor":5},{"not_picked":["BadLadyScramble","FitfulNightmare+1"],"picked":"Maim","floor":7},{"not_picked":["BloodHunter","FavorOfDestiny"],"picked":"ReincarnationDial","floor":8},{"not_picked":["UnderTheZenith","BloodHunter"],"picked":"Stigmanizer","floor":10},{"not_picked":["NightDance","ScarletDevil"],"picked":"NightLord","floor":12},{"not_picked":["TransientEternity+1","CurseOfVladTepes+1"],"picked":"BloodyHallows","floor":16},{"not_picked":["MastersStateliness+1","ScarletImprint"],"picked":"VampirishNight+1","floor":18},{"not_picked":["MastersStateliness+1","EndlessAdversity"],"picked":"ScarletDevilSign","floor":24},{"not_picked":["CharismaGuard+1","AfternoonTea"],"picked":"RedMagic","floor":27},{"not_picked":["NightDance","UnstableMagic"],"picked":"RedRainbow+1","floor":27},{"not_picked":["BloodHunter+1","UnstableMagic+1"],"picked":"TwelveNightmare+1","floor":28},{"not_picked":["BloodyTrap","UnstableMagic"],"picked":"VampireSweep","floor":31},{"not_picked":["EquivalentExchange+1","BloodyHallows"],"picked":"TricksterDevil+1","floor":33},{"not_picked":["DiffusionOfMisfortune","ScarletImprint"],"picked":"VampireKiss+1","floor":35},{"not_picked":["Madness","SuicideKing"],"picked":"Secret Technique","floor":37},{"not_picked":["DiffusionOfMisfortune","EndlessAdversity"],"picked":"ScarletDevil+1","floor":39},{"not_picked":["RedRainbow","MastersStateliness+1"],"picked":"FavorOfDestiny+1","floor":40},{"not_picked":["CharismaGuard+1","DevilSight+1"],"picked":"Stigmanizer","floor":42},{"not_picked":["EmergencyRegeneration","ForbiddenFruit+1"],"picked":"StarOfDavid+1","floor":44},{"not_picked":["FitfulNightmare+1","ScarletDevil+1"],"picked":"ChaoticDestiny","floor":46},{"not_picked":["ReincarnationDial","FavorOfDestiny+1"],"picked":"BloodyTrap+1","floor":48},{"not_picked":["StarOfDavid","FitfulNightmare+1","CharismaGuard+1"],"picked":"SKIP","floor":55}],"player_experience":33706,"relics_obtained":[{"floor":7,"key":"Frozen Egg 2"},{"floor":9,"key":"Sundial"},{"floor":10,"key":"AnarchistCookbook"},{"floor":11,"key":"InkBottle"},{"floor":12,"key":"Smiling Mask"},{"floor":14,"key":"War Paint"},{"floor":20,"key":"Enchiridion"},{"floor":24,"key":"Centennial Puzzle"},{"floor":26,"key":"TheBible"},{"floor":28,"key":"Shuriken"},{"floor":31,"key":"Art of War"},{"floor":31,"key":"LetterFromLob"},{"floor":40,"key":"PokeGo"},{"floor":42,"key":"Turnip"},{"floor":46,"key":"SalivaCoin"},{"floor":55,"key":"Bronze Scales"}],"event_choices":[{"damage_healed":0,"gold_gain":0,"player_choice":"Take Damage","damage_taken":18,"relics_obtained":["Golden Idol"],"max_hp_gain":0,"max_hp_loss":0,"event_name":"Golden Idol","floor":3,"gold_loss":0},{"damage_healed":0,"gold_gain":0,"player_choice":"Obtained Book","damage_taken":16,"max_hp_gain":0,"max_hp_loss":0,"event_name":"Cursed Tome","floor":20,"gold_loss":0},{"damage_healed":0,"gold_gain":0,"player_choice":"Gave Idol","damage_taken":0,"relics_obtained":["Bloody Idol"],"max_hp_gain":0,"max_hp_loss":0,"event_name":"Forgotten Altar","floor":22,"relics_lost":["Golden Idol"],"gold_loss":0},{"damage_healed":0,"gold_gain":99,"player_choice":"Stole From Cult","damage_taken":0,"max_hp_gain":0,"max_hp_loss":0,"event_name":"Nest","floor":30,"gold_loss":0},{"cards_removed":["Strike_RM"],"damage_healed":0,"gold_gain":0,"player_choice":"Removed Attack","damage_taken":0,"max_hp_gain":0,"max_hp_loss":0,"event_name":"Falling","floor":36,"gold_loss":0},{"damage_healed":0,"gold_gain":0,"player_choice":"Memory 1","damage_taken":0,"max_hp_gain":0,"max_hp_loss":0,"event_name":"SensoryStone","floor":37,"gold_loss":0},{"damage_healed":0,"gold_gain":0,"player_choice":"Fight","damage_taken":0,"max_hp_gain":0,"max_hp_loss":0,"event_name":"MindBloom","floor":40,"gold_loss":0},{"damage_healed":0,"gold_gain":0,"player_choice":"Ignored","damage_taken":0,"max_hp_gain":0,"max_hp_loss":0,"event_name":"OrinTheCat","floor":41,"gold_loss":0},{"damage_healed":0,"gold_gain":0,"player_choice":"Fight","damage_taken":0,"max_hp_gain":0,"max_hp_loss":0,"event_name":"Mysterious Sphere","floor":42,"gold_loss":0}],"is_beta":false,"boss_relics":[{"not_picked":["Snecko Eye","Coffee Dripper"],"picked":"SacredBark"},{"not_picked":[]},{"not_picked":["Empty Cage","Runic Dome"],"picked":"MagicMushroom"},{"not_picked":[]}],"items_purged_floors":[],"is_endless":false,"potions_floor_spawned":[1,8,10,12,24,27,39,40],"ascension_level":1}}