{"host":"9slw7l0ws16384qq","time":1611913880,"event":{"mods":["A Penny For Your Troubles","BaseMod","Colored Map","Downfall","Evolution","Hubris","Minty Spire (QoL Compilation)","Replay The Spire","StS++","StSLib"],"gold_per_floor":[99,116,116,127,227,242,318,337,337,90,104,117,117,152,164,266,266,266,266,266,266,266,300,347,359,385,401,401,420,420,420,433,537,537,537,550,550,550,192,192,192,204,230,244,244,272,172,3,16,17],"floor_reached":51,"language":"FRA","playtime":3422,"items_purged":["champ:Strike","champ:Execute+1"],"score":845,"play_id":"599a7d39-6b7b-4838-bfff-0ca896475876","local_time":"20210129105120","is_ascension_mode":false,"campfire_choices":[{"data":"champ:Execute","floor":1.0,"key":"SMITH"},{"data":"champ:TripleStrike","floor":9.0,"key":"SMITH"},{"data":"champ:HoldFirm","floor":18.0,"key":"SMITH"},{"data":"champ:PreciseThrust","floor":28.0,"key":"SMITH"},{"data":"champ:PreciseThrust","floor":30.0,"key":"SMITH"},{"data":"champ:StrikeOfGenius","floor":35.0,"key":"SMITH"},{"data":"ReplayUltimateDefense","floor":40.0,"key":"SMITH"},{"data":"champ:LastStand","floor":47,"key":"SMITH"}],"circlet_count":0,"master_deck":["champ:Defend","champ:Defend","champ:Defend","champ:Taunt+1","champ:StanceDance","champ:ShieldWall","champ:ShieldWall","champ:TripleStrike+1","champ:BringItOn","champ:LastStand+1","champ:PreciseThrust+1","champ:HoldFirm+1","Slimebound:Tackle+1","Slimebound:Tackle+1","Juggernaut+1","champ:PreciseThrust+1","champ:StrikeOfGenius+1","ReplayUltimateDefense+1","champ:ShieldWall","champ:ShieldWall"],"relics":["champ:ChampionCrownUpgraded","EVO:Axolotl","CloakClasp","Snack Pack","Lee\u0027s Waffle","HornCleat","Nunchaku","Akabeko","FossilizedHelix","Coffee Dripper","Garlic","Singing Bowl","Pear","downfall:HeartBlessingBlue","champ:BerserkersGuideToSlaughter"],"acts_visited":["Exordium","TheCity","TheBeyond"],"potions_floor_usage":[50,50,50,50,50],"damage_taken":[{"damage":10.0,"enemies":"Jaw Worm","floor":2.0,"turns":3.0},{"damage":10.0,"enemies":"2 Louse","floor":4.0,"turns":2.0},{"damage":72.0,"enemies":"2 Louse","floor":5.0,"turns":9.0},{"damage":5.0,"enemies":"Small Slimes","floor":6.0,"turns":4.0},{"damage":10.0,"enemies":"3 Louse","floor":8.0,"turns":3.0},{"damage":30.0,"enemies":"downfall:FleeingMerchant","floor":10.0,"turns":4.0},{"damage":35.0,"enemies":"Large Slime","floor":11.0,"turns":5.0},{"damage":10.0,"enemies":"3 Louse","floor":12.0,"turns":3.0},{"damage":12.0,"enemies":"Gremlin Nob","floor":14.0,"turns":4.0},{"damage":7.0,"enemies":"Lots of Slimes","floor":15.0,"turns":3.0},{"damage":40.0,"enemies":"WA_ARCHETYPE_RETAIN","floor":16.0,"turns":8.0},{"damage":31.0,"enemies":"Slavers","floor":23.0,"turns":5.0},{"damage":0.0,"enemies":"3 Byrds","floor":25.0,"turns":4.0},{"damage":25.0,"enemies":"Book of Stabbing","floor":26.0,"turns":6.0},{"damage":20.0,"enemies":"Chosen","floor":27.0,"turns":3.0},{"damage":20.0,"enemies":"Snecko","floor":29.0,"turns":4.0},{"damage":15.0,"enemies":"Centurion and Healer","floor":32.0,"turns":7.0},{"damage":92.0,"enemies":"IC_MUSHROOM_ARCHETYPE","floor":33.0,"turns":9.0},{"damage":15.0,"enemies":"Orb Walker","floor":36.0,"turns":2.0},{"damage":0.0,"enemies":"downfall:FleeingMerchant","floor":39.0,"turns":4.0},{"damage":16.0,"enemies":"3 Darklings","floor":42.0,"turns":5.0},{"damage":8.0,"enemies":"Reptomancer","floor":43.0,"turns":8.0},{"damage":10.0,"enemies":"Sphere and 2 Shapes","floor":44.0,"turns":5.0},{"damage":0,"enemies":"Nemesis","floor":46,"turns":8},{"damage":10,"enemies":"downfall:FleeingMerchant","floor":48,"turns":4},{"damage":5,"enemies":"Transient","floor":49,"turns":5},{"damage":62,"enemies":"DF_ARCHETYPE_ORBS","floor":50,"turns":9}],"seed_played":"-2139280088298563645","potions_obtained":[{"floor":2.0,"key":"Strength Potion"},{"floor":6.0,"key":"Fire Potion"},{"floor":11.0,"key":"EntropicBrew"},{"floor":14.0,"key":"EntropicBrew"},{"floor":16.0,"key":"FearPotion"},{"floor":20.0,"key":"CultistPotion"},{"floor":25.0,"key":"PowerPotion"},{"floor":43.0,"key":"BlessingOfTheForge"}],"is_trial":false,"path_per_floor":["R","M","?","M","?","M","T","M","R","$","M","M","?","E","M","B",null,"R","?","?","?","?","E","T","M","E","M","R","M","R","?","M","B",null,"R","M","?","T","$","R","T","M","E","M","?","E","R","$","M","B",null],"character_chosen":"THE_CHAMP","items_purchased":["Lee\u0027s Waffle","ReplayUltimateDefense","champ:ShieldWall","champ:BerserkersGuideToSlaughter"],"campfire_rested":0,"item_purchase_floors":[10,39,39,48],"current_hp_per_floor":[99,99,99,99,62,57,57,59,59,106,106,106,106,104,99,78,106,106,106,106,106,106,92,92,92,67,74,74,81,81,81,90,29,106,106,106,106,106,106,106,106,106,102,110,110,122,132,134,136,100],"gold":17,"neow_bonus":"TEN_PERCENT_HP_BONUS","is_daily":false,"chose_seed":false,"campfire_upgraded":8,"win_rate":0.0,"timestamp":1611913880,"path_taken":["R","M","?","M","?","?","T","M","R","$","M","M","?","E","M","BOSS","R","?","?","?","?","E","T","M","E","?","R","M","R","?","M","BOSS","R","M","?","?","$","R","T","?","E","M","?","E","R","$","M","BOSS"],"items_purchased_type":["Relic","Card","Card","Relic"],"build_version":"2020-12-22","purchased_purges":2,"victory":true,"max_hp_per_floor":[99,99,99,99,99,99,99,99,99,106,106,106,106,106,106,106,106,106,106,106,106,106,106,106,106,106,106,106,106,106,106,106,106,106,106,106,106,106,106,106,106,106,108,110,110,122,132,134,136,136],"card_choices":[{"not_picked":["champ:FanOfKnives","champ:CrownThrow"],"picked":"champ:StanceDance","floor":2.0},{"not_picked":["champ:CrownThrow","champ:Encircle"],"picked":"champ:ShieldWall","floor":4.0},{"not_picked":["champ:SkillfulDodge","champ:CrownThrow"],"picked":"champ:ShieldWall","floor":5.0},{"not_picked":["champ:FocusedBerserking","champ:BerserkersShout","champ:EnGarde"],"picked":"SKIP","floor":6.0},{"not_picked":["champ:CalledShot","champ:CrownThrow"],"picked":"champ:TripleStrike","floor":8.0},{"not_picked":["champ:CalledShot","champ:BladeFlurry"],"picked":"champ:ShieldSlam","floor":10.0},{"not_picked":["champ:Backstep","champ:Circumvent"],"picked":"champ:BringItOn","floor":11.0},{"not_picked":["champ:Circumvent","champ:StanceDance","champ:FalseCounter"],"picked":"SKIP","floor":12.0},{"not_picked":["champ:BringItOn","champ:GutPunch"],"picked":"champ:LastStand","floor":14.0},{"not_picked":["champ:Circumvent","champ:BringItOn"],"picked":"champ:PreciseThrust","floor":15.0},{"not_picked":["champ:VampiricStrike","champ:HeavySlash"],"picked":"champ:HoldFirm","floor":16.0},{"not_picked":["champ:CrownThrow","champ:BringItOn+1"],"picked":"champ:PreciseThrust","floor":23.0},{"not_picked":["champ:TornadoPunch","champ:PreemptiveStrike","champ:CrownThrow"],"picked":"SKIP","floor":25.0},{"not_picked":["champ:HeartStrike","champ:CrownThrow","champ:StanceDance"],"picked":"SKIP","floor":26.0},{"not_picked":["champ:FlashCut","champ:PreciseThrust","champ:Shatter"],"picked":"SKIP","floor":27.0},{"not_picked":["champ:HeartStrike","champ:FanOfKnives","champ:BladeFlurry"],"picked":"SKIP","floor":29.0},{"not_picked":["champ:StanceDance","champ:FocusedDefense","champ:Backstep"],"picked":"SKIP","floor":32.0},{"not_picked":["champ:HeavySlash","champ:SteelEdge"],"picked":"champ:StrikeOfGenius","floor":33.0},{"not_picked":["champ:BringItOn","champ:TornadoPunch","champ:StanceDance+1"],"picked":"SKIP","floor":36.0},{"not_picked":["champ:FocusedDefense+1","champ:Duel","champ:HeartStrike+1"],"picked":"SKIP","floor":39.0},{"not_picked":["champ:ShieldSlam","champ:SkillfulDodge","champ:Haymaker+1"],"picked":"SKIP","floor":42.0},{"not_picked":["champ:Shatter","champ:IronFortress+1","champ:RapidStrikes+1"],"picked":"Singing Bowl","floor":43.0},{"not_picked":["champ:EnGarde+1","champ:PerfectedStrike+1","champ:RecklessLeap+1"],"picked":"Singing Bowl","floor":44.0},{"not_picked":["champ:SkillfulDodge+1","champ:GladiatorForm","champ:FocusedBerserking"],"picked":"Singing Bowl","floor":46},{"not_picked":["champ:DeathBlow","champ:Backstep","champ:CrookedStrike"],"picked":"Singing Bowl","floor":48},{"not_picked":["champ:ArenaPreparation+1","champ:RisingSlash","champ:FaceSlap"],"picked":"Singing Bowl","floor":49}],"player_experience":1531471,"relics_obtained":[{"floor":5.0,"key":"CloakClasp"},{"floor":7.0,"key":"Snack Pack"},{"floor":14.0,"key":"HornCleat"},{"floor":23.0,"key":"Nunchaku"},{"floor":24.0,"key":"Akabeko"},{"floor":26.0,"key":"FossilizedHelix"},{"floor":38.0,"key":"Garlic"},{"floor":43.0,"key":"Singing Bowl"},{"floor":46,"key":"Pear"}],"event_choices":[{"cards_removed":["Slimebound:Tackle"],"damage_healed":0.0,"max_hp_gain":0.0,"max_hp_loss":0.0,"gold_gain":0.0,"event_name":"NoteForYourself","player_choice":"Took Card","floor":22.0,"gold_loss":0.0,"damage_taken":0.0,"cards_obtained":["Juggernaut"]},{"damage_healed":0.0,"max_hp_gain":0.0,"max_hp_loss":0.0,"gold_gain":0.0,"event_name":"Vampires","player_choice":"Ignored","floor":31.0,"gold_loss":0.0,"damage_taken":0.0},{"cards_removed":["champ:ShieldSlam"],"damage_healed":0.0,"max_hp_gain":0.0,"max_hp_loss":0.0,"gold_gain":0.0,"event_name":"Falling","player_choice":"Removed Skill","floor":37.0,"gold_loss":0.0,"damage_taken":0.0},{"damage_healed":0.0,"max_hp_gain":0.0,"max_hp_loss":0.0,"gold_gain":0.0,"event_name":"Accursed Blacksmith","player_choice":"Forge","floor":45.0,"gold_loss":0.0,"damage_taken":0.0,"cards_upgraded":["champ:Taunt"]}],"is_beta":false,"boss_relics":[{"not_picked":["hubris:VirtuousBlindfold","Pandora\u0027s Box"],"picked":"champ:ChampionCrownUpgraded"},{"not_picked":["StSpp:CrystalBall","hubris:CrackedHourglass"],"picked":"Coffee Dripper"}],"items_purged_floors":[10,39],"is_endless":false,"potions_floor_spawned":[2,6,11,14,16,25,27,43,44],"ascension_level":0}}