{"host":"nwd160me4iqdtr8u","time":1611917397,"event":{"mods":["AchievementEnabler","Act Like it!","BaseMod","Colored Map","DeckTracker","Minty Spire (QoL Compilation)","Quick Restart","Rare Cards Sparkle","StSLib","SuperFastMode","everything is the same but u backflip on backflip"],"gold_per_floor":[109,31,31,51,67,67,78,97,97,113,113,213,226,8,8,8,8],"floor_reached":16,"language":"KOR","playtime":451,"items_purged":["Strike_G"],"score":160,"play_id":"14e11b29-d664-485d-a7db-3d2abc312b7a","local_time":"20210129194957","is_ascension_mode":true,"campfire_choices":[{"data":"Tactician","floor":6,"key":"SMITH"},{"floor":15,"key":"REST"}],"circlet_count":0,"master_deck":["AscendersBane","Strike_G","Strike_G","Strike_G","Strike_G","Defend_G","Defend_G","Defend_G","Defend_G","Defend_G","Survivor","Neutralize","Calculated Gamble","Catalyst+1","Poisoned Stab","Tactician+1","Leg Sweep","Dagger Spray","Acrobatics"],"relics":["Ring of the Snake","NeowsBlessing","InkBottle","Matryoshka","TwistedFunnel"],"acts_visited":["Exordium"],"potions_floor_usage":[8,13,16,16],"damage_taken":[{"damage":0,"enemies":"Small Slimes","floor":1,"turns":1},{"damage":0,"enemies":"Cultist","floor":4,"turns":1},{"damage":0,"enemies":"2 Louse","floor":5,"turns":1},{"damage":10,"enemies":"2 Fungi Beasts","floor":7,"turns":4},{"damage":3,"enemies":"Exordium Thugs","floor":8,"turns":3},{"damage":22,"enemies":"Exordium Wildlife","floor":10,"turns":8},{"damage":0,"enemies":"Looter","floor":13,"turns":2},{"damage":37,"enemies":"Slime Boss","floor":16,"turns":9}],"seed_played":"-2777163673337443858","potions_obtained":[{"floor":4,"key":"SteroidPotion"},{"floor":7,"key":"SkillPotion"},{"floor":8,"key":"DuplicationPotion"},{"floor":13,"key":"SteroidPotion"}],"is_trial":false,"path_per_floor":["M","$","?","M","M","R","M","M","T","M","?","?","M","$","R","B"],"character_chosen":"THE_SILENT","items_purchased":["Catalyst","TwistedFunnel"],"campfire_rested":1,"item_purchase_floors":[2,14],"current_hp_per_floor":[59,59,59,59,59,59,49,46,46,24,17,17,17,17,36,0,0],"gold":8,"neow_bonus":"THREE_ENEMY_KILL","is_daily":false,"chose_seed":false,"campfire_upgraded":1,"win_rate":0.0,"timestamp":1611917397,"path_taken":["M","$","?","M","M","R","M","M","T","?","?","?","?","?","R","BOSS"],"items_purchased_type":["Card","Relic"],"build_version":"2020-12-22","purchased_purges":1,"victory":false,"max_hp_per_floor":[66,66,66,66,66,66,66,66,66,66,66,66,66,66,66,66,66],"card_choices":[{"not_picked":["Deadly Poison","Dagger Throw"],"picked":"Calculated Gamble","floor":1},{"not_picked":["Catalyst","Outmaneuver"],"picked":"Poisoned Stab","floor":4},{"not_picked":["Dagger Throw","Flying Knee"],"picked":"Tactician","floor":5},{"not_picked":["Slice","Finisher","Tactician"],"picked":"SKIP","floor":7},{"not_picked":["Flying Knee","Expertise"],"picked":"Leg Sweep","floor":8},{"not_picked":["Blade Dance","Distraction"],"picked":"Dagger Spray","floor":10},{"not_picked":["Dagger Throw","Blade Dance"],"picked":"Acrobatics","floor":13}],"player_experience":310577,"relics_obtained":[{"floor":9,"key":"InkBottle"}],"event_choices":[{"damage_healed":0,"gold_gain":0,"player_choice":"Forge","damage_taken":0,"max_hp_gain":0,"max_hp_loss":0,"event_name":"Accursed Blacksmith","floor":3,"gold_loss":0,"cards_upgraded":["Catalyst"]},{"damage_healed":0,"gold_gain":0,"player_choice":"Success","damage_taken":7,"relics_obtained":["Matryoshka"],"max_hp_gain":0,"max_hp_loss":0,"event_name":"Scrap Ooze","floor":11,"gold_loss":0},{"damage_healed":0,"gold_gain":100,"player_choice":"Pray","damage_taken":0,"max_hp_gain":0,"max_hp_loss":0,"event_name":"Golden Shrine","floor":12,"gold_loss":0}],"is_beta":false,"boss_relics":[],"items_purged_floors":[14],"is_endless":false,"potions_floor_spawned":[4,7,8,13],"killed_by":"Slime Boss","ascension_level":14}}