{"host":"4ag909k4xupnj24b","time":1611927995,"event":{"mods":["BaseMod","Minty Spire (QoL Compilation)","StSLib"],"gold_per_floor":[112,0,0,10,20,20,52,52,75,104,104,104,114,130,130,130,130],"floor_reached":16,"language":"ENG","playtime":645,"items_purged":["Strike_R"],"score":193,"play_id":"15fe230f-f8f9-4e7f-ada2-d75d79e1fd45","local_time":"20210129054635","is_ascension_mode":true,"campfire_choices":[{"data":"Rampage","floor":6.0,"key":"SMITH"},{"floor":8.0,"key":"REST"},{"data":"Warcry","floor":12.0,"key":"SMITH"},{"data":"True Grit","floor":15.0,"key":"SMITH"}],"circlet_count":0,"master_deck":["AscendersBane","Strike_R","Strike_R","Strike_R","Defend_R","Defend_R","Defend_R","Defend_R","Bash","CurseOfTheBell","Rampage+1","Intimidate","Warcry+1","Headbutt","Pommel Strike","Fiend Fire","True Grit+1"],"relics":["Calling Bell","Bronze Scales","Question Card","TungstenRod","MealTicket","Tiny Chest","Strawberry"],"acts_visited":["Exordium"],"potions_floor_usage":[16,16],"damage_taken":[{"damage":4.0,"enemies":"2 Louse","floor":1.0,"turns":4.0},{"damage":0.0,"enemies":"Small Slimes","floor":4.0,"turns":4.0},{"damage":8.0,"enemies":"Jaw Worm","floor":5.0,"turns":4.0},{"damage":35.0,"enemies":"3 Sentries","floor":7.0,"turns":9.0},{"damage":22.0,"enemies":"Lagavulin","floor":10.0,"turns":7.0},{"damage":9.0,"enemies":"Exordium Wildlife","floor":13.0,"turns":4.0},{"damage":0.0,"enemies":"Large Slime","floor":14.0,"turns":5.0},{"damage":58,"enemies":"The Guardian","floor":16,"turns":9}],"seed_played":"-8481496175113778481","potions_obtained":[{"floor":5.0,"key":"Regen Potion"},{"floor":7.0,"key":"BlessingOfTheForge"},{"floor":10.0,"key":"DuplicationPotion"},{"floor":14.0,"key":"LiquidMemories"}],"is_trial":false,"path_per_floor":["M","$","?","M","M","R","E","R","T","E","?","R","M","M","R","B"],"character_chosen":"IRONCLAD","items_purchased":["Intimidate"],"campfire_rested":1,"item_purchase_floors":[2],"current_hp_per_floor":[64,64,58,58,50,50,15,37,37,37,64,64,55,55,55,0,0],"gold":130,"neow_bonus":"BOSS_RELIC","is_daily":false,"chose_seed":false,"campfire_upgraded":3,"win_rate":0.0,"timestamp":1611927995,"path_taken":["M","$","?","M","M","R","E","R","T","E","?","R","M","M","R","BOSS"],"items_purchased_type":["Card"],"build_version":"2020-12-22","purchased_purges":1,"victory":false,"max_hp_per_floor":[75,75,75,75,75,75,75,75,75,82,82,82,82,82,82,82,82],"card_choices":[{"not_picked":["Wild Strike","Perfected Strike","Flame Barrier"],"picked":"Rampage","floor":1.0},{"not_picked":["Heavy Blade","Havoc","Perfected Strike"],"picked":"Warcry","floor":4.0},{"not_picked":["Anger","Heavy Blade","Searing Blow"],"picked":"Headbutt","floor":5.0},{"not_picked":["Body Slam","Armaments","Heavy Blade"],"picked":"Pommel Strike","floor":7.0},{"not_picked":["Cleave","Pummel","Flex"],"picked":"Fiend Fire","floor":10.0},{"not_picked":["Sword Boomerang","Anger","Havoc"],"picked":"True Grit","floor":13.0},{"not_picked":["Carnage","Anger","Havoc","Armaments"],"picked":"SKIP","floor":14.0}],"player_experience":886114,"relics_obtained":[{"floor":0.0,"key":"Bronze Scales"},{"floor":0.0,"key":"Question Card"},{"floor":0.0,"key":"TungstenRod"},{"floor":7.0,"key":"MealTicket"},{"floor":9.0,"key":"Tiny Chest"},{"floor":10.0,"key":"Strawberry"}],"event_choices":[{"cards_removed":["Strike_R"],"damage_healed":0.0,"max_hp_gain":0.0,"max_hp_loss":0.0,"gold_gain":0.0,"event_name":"Golden Wing","player_choice":"Card Removal","floor":3.0,"gold_loss":0.0,"damage_taken":7.0},{"damage_healed":27.0,"max_hp_gain":0.0,"max_hp_loss":0.0,"gold_gain":0.0,"event_name":"Big Fish","player_choice":"Banana","floor":11.0,"gold_loss":0.0,"damage_taken":0.0}],"is_beta":false,"boss_relics":[],"items_purged_floors":[2],"is_endless":false,"potions_floor_spawned":[5,7,10,14],"killed_by":"The Guardian","ascension_level":15}}