{"host":"yd6hhqps9de4qmof","time":1611954433,"event":{"mods":["BaseMod","Downfall","Hermit","Highlight Path","Minty Spire (QoL Compilation)","Relic Stats","Robot Space Explorer","StSLib"],"gold_per_floor":[199,212,223,33,51,81,106,138,138,63,80,99,49,34,46,145,145,95,115,215,215,84,102,127,144,154,167,178,209,159,159,177,177,177,177],"floor_reached":33,"language":"ENG","playtime":2428,"items_purged":["Pain"],"score":401,"play_id":"18b5fbd2-ffca-40bb-9afc-ca4c63455139","local_time":"20210129220713","is_ascension_mode":true,"campfire_choices":[{"data":"Slimebound:Split","floor":1,"key":"SMITH"},{"floor":9,"key":"REST"},{"data":"Slimebound:TongueLash","floor":13,"key":"SMITH"},{"data":"Slimebound:MassFeed","floor":18,"key":"SMITH"},{"floor":30,"key":"REST"}],"circlet_count":0,"master_deck":["Slimebound:Strike_Slimebound","Slimebound:Strike_Slimebound","Slimebound:Defend_Slimebound","Slimebound:Defend_Slimebound","Slimebound:Defend_Slimebound","Slimebound:Split+1","Slimebound:CorrosiveSpit","Slimebound:SplitAcid","Slimebound:SlimeBrawl","Slimebound:Dissolve","Slimebound:SplitLeeching","Slimebound:HauntingLick","Slimebound:WasteNot","Slimebound:Nibble","Slimebound:TongueLash+1","Slimebound:MassRepurpose","Slimebound:MassFeed+1","Slimebound:GrowthPunch+1","Slimebound:ViciousTackle+1","Slimebound:LeechEnergy+1","Slimebound:Schlurp","downfall:Haunted","downfall:Haunted","Shame","Slimebound:FirmFortitude","Slimebound:LevelUp","Slimebound:Prepare+1","Slimebound:RollThrough+1","Slimebound:PressTheAttack+1","Slimebound:SamplingLick","Slimebound:Equalize","RitualDagger","Slimebound:Schlurp"],"relics":["Slimebound:AbsorbEndCombat","hexamod:BolsterEngine","Ancient Tea Set","Lantern","Slimebound:PreparedRelic","Slimebound:GreedOozeRelic","Astrolabe","Darkstone Periapt","Slimebound:AggressiveSlimeRelic","Blood Vial"],"acts_visited":["Exordium","TheCity"],"potions_floor_usage":[16,16,27,29,32,33],"damage_taken":[{"damage":4,"enemies":"Cultist","floor":2,"turns":3},{"damage":0,"enemies":"Small Slimes","floor":3,"turns":3},{"damage":3,"enemies":"downfall:FleeingMerchant","floor":4,"turns":4},{"damage":1,"enemies":"2 Louse","floor":5,"turns":2},{"damage":16,"enemies":"3 Sentries","floor":6,"turns":5},{"damage":15,"enemies":"Lagavulin","floor":8,"turns":7},{"damage":0,"enemies":"Large Slime","floor":11,"turns":4},{"damage":3,"enemies":"Exordium Wildlife","floor":12,"turns":4},{"damage":0,"enemies":"downfall:FleeingMerchant","floor":14,"turns":4},{"damage":6,"enemies":"Exordium Thugs","floor":15,"turns":3},{"damage":42,"enemies":"DF_ARCHETYPE_STREAMLINE","floor":16,"turns":9},{"damage":3,"enemies":"Spheric Guardian","floor":19,"turns":2},{"damage":20,"enemies":"downfall:FleeingMerchant","floor":22,"turns":4},{"damage":23,"enemies":"Sentry and Sphere","floor":23,"turns":4},{"damage":11,"enemies":"3 Cultists","floor":25,"turns":4},{"damage":0,"enemies":"Snecko","floor":26,"turns":3},{"damage":6,"enemies":"Centurion and Healer","floor":27,"turns":3},{"damage":20,"enemies":"3 Cultists","floor":28,"turns":4},{"damage":9,"enemies":"Gremlin Leader","floor":29,"turns":4},{"damage":0,"enemies":"Chosen and Byrds","floor":32,"turns":4},{"damage":106,"enemies":"SI_MIRROR_ARCHETYPE","floor":33,"turns":10}],"seed_played":"8668281098778318491","potions_obtained":[{"floor":5,"key":"SpeedPotion"},{"floor":6,"key":"Dexterity Potion"},{"floor":8,"key":"hexamod:SoulburnPotion"},{"floor":12,"key":"Guardian:BlockOnCardUsePotion"},{"floor":16,"key":"Slimebound:SlimedPotion"},{"floor":23,"key":"FearPotion"},{"floor":27,"key":"sneckomod:MuddlingPotion"},{"floor":29,"key":"BlessingOfTheForge"},{"floor":32,"key":"SteroidPotion"}],"is_trial":false,"path_per_floor":["R","M","M","$","M","E","T","E","R","?","M","M","R","$","M","B",null,"R","M","?","?","$","M","T","M","M","M","M","E","R","?","M","B"],"character_chosen":"SLIMEBOUND","items_purchased":["hexamod:BolsterEngine","Slimebound:SplitLeeching","Slimebound:LevelUp"],"campfire_rested":2,"item_purchase_floors":[4,4,22],"current_hp_per_floor":[65,65,65,65,65,49,49,38,57,57,65,65,65,65,63,29,56,56,61,85,85,73,58,58,53,57,63,51,50,80,74,84,0,0,0],"gold":177,"neow_bonus":"HUNDRED_GOLD","is_daily":false,"chose_seed":false,"campfire_upgraded":3,"win_rate":0.0,"timestamp":1611954433,"path_taken":["R","M","M","$","?","E","T","E","R","?","M","M","R","$","M","BOSS","R","M","?","?","$","M","T","M","M","M","M","E","R","?","M","BOSS"],"items_purchased_type":["Relic","Card","Card"],"build_version":"2020-12-22","purchased_purges":1,"victory":false,"max_hp_per_floor":[65,65,65,65,65,65,65,65,65,65,65,65,65,65,65,65,65,65,69,93,93,93,97,97,97,97,101,101,101,101,101,101,101,101,101],"relic_stats":{"Darkstone Periapt":24,"Blood Vial":4,"counters":[21,89],"Astrolabe":["Slimebound:GrowthPunch","Slimebound:ViciousTackle","Slimebound:LeechEnergy"],"obtain_stats":[{"Slimebound:GreedOozeRelic":10,"Darkstone Periapt":20,"Blood Vial":29,"Slimebound:AggressiveSlimeRelic":24,"Lantern":7,"Astrolabe":17,"Slimebound:PreparedRelic":8,"Slimebound:AbsorbEndCombat":0,"hexamod:BolsterEngine":4,"Ancient Tea Set":6},{"Slimebound:GreedOozeRelic":6,"Darkstone Periapt":12,"Blood Vial":19,"Slimebound:AggressiveSlimeRelic":14,"Lantern":5,"Astrolabe":11,"Slimebound:PreparedRelic":6,"Slimebound:AbsorbEndCombat":0,"hexamod:BolsterEngine":3,"Ancient Tea Set":5},{"Slimebound:GreedOozeRelic":24,"Darkstone Periapt":49,"Blood Vial":75,"Slimebound:AggressiveSlimeRelic":57,"Lantern":17,"Astrolabe":47,"Slimebound:PreparedRelic":24,"Slimebound:AbsorbEndCombat":0,"hexamod:BolsterEngine":10,"Ancient Tea Set":17}]},"card_choices":[{"not_picked":["Slimebound:MegaLick","Slimebound:LeechEnergy"],"picked":"Slimebound:SplitAcid","floor":2},{"not_picked":["Slimebound:ForwardTackle","Slimebound:HungryTackle"],"picked":"Slimebound:SlimeBrawl","floor":3},{"not_picked":["Slimebound:BestDefense","Slimebound:RollThrough"],"picked":"Slimebound:Dissolve","floor":4},{"not_picked":["Slimebound:SplitAcid","Slimebound:RollThrough"],"picked":"Slimebound:HauntingLick","floor":5},{"not_picked":["Slimebound:LeechingTouch","Slimebound:SlimeSpikes"],"picked":"Slimebound:WasteNot","floor":6},{"not_picked":["Slimebound:SplitMire","Slimebound:GoopTackle"],"picked":"Slimebound:Nibble","floor":8},{"not_picked":["Slimebound:ComboTackle","Slimebound:PressTheAttack","Slimebound:FlameTackle"],"picked":"SKIP","floor":11},{"not_picked":["Slimebound:SlimeSpikes","Slimebound:Schlurp"],"picked":"Slimebound:TongueLash","floor":12},{"not_picked":["Slimebound:SlimeSpikes","Slimebound:SlimeSlap"],"picked":"Slimebound:MassRepurpose","floor":14},{"not_picked":["Slimebound:FlameTackle","Slimebound:FinishingTackle","Slimebound:HungryTackle"],"picked":"SKIP","floor":15},{"not_picked":["Slimebound:RallyTheTroops","Slimebound:MassRepurpose"],"picked":"Slimebound:MassFeed","floor":16},{"not_picked":["Slimebound:FinishingTackle","Slimebound:SplitLeeching"],"picked":"Slimebound:Schlurp","floor":19},{"not_picked":["Slimebound:LeechEnergy","Slimebound:Prepare","Slimebound:GoopTackle+1"],"picked":"SKIP","floor":22},{"not_picked":["Slimebound:HungryTackle","Slimebound:LeechEnergy"],"picked":"Slimebound:Prepare+1","floor":23},{"not_picked":["Slimebound:DouseInSlime","Slimebound:LivingWall"],"picked":"Slimebound:RollThrough+1","floor":25},{"not_picked":["Slimebound:RainOfGoop","Slimebound:GoopTackle+1","Slimebound:SplitBruiser"],"picked":"SKIP","floor":26},{"not_picked":["Slimebound:SplitBruiser","Slimebound:ComboTackle"],"picked":"Slimebound:PressTheAttack+1","floor":27},{"not_picked":["Slimebound:SplitBruiser","Slimebound:ProtectTheBoss"],"picked":"Slimebound:SamplingLick","floor":28},{"not_picked":["Slimebound:GrowthPunch+1","Slimebound:Grow"],"picked":"Slimebound:Equalize","floor":29},{"not_picked":["Slimebound:GoopTackle","Slimebound:PressTheAttack"],"picked":"Slimebound:Schlurp","floor":32}],"player_experience":1171190,"relics_obtained":[{"floor":6,"key":"Ancient Tea Set"},{"floor":7,"key":"Lantern"},{"floor":8,"key":"Slimebound:PreparedRelic"},{"floor":24,"key":"Slimebound:AggressiveSlimeRelic"},{"floor":29,"key":"Blood Vial"}],"event_choices":[{"damage_healed":0,"gold_gain":0,"player_choice":"Ignored","damage_taken":0,"max_hp_gain":0,"max_hp_loss":0,"event_name":"Ghosts","floor":21,"gold_loss":0}],"is_beta":false,"boss_relics":[{"not_picked":["Empty Cage","SlaversCollar"],"picked":"Astrolabe"}],"items_purged_floors":[22],"is_endless":false,"potions_floor_spawned":[5,6,8,12,16,23,27,29,32],"killed_by":"SI_MIRROR_ARCHETYPE","ascension_level":5}}