{"host":"uvmuduost5bzvojs","time":1611958403,"event":{"mods":["Aspiration","Bard","BaseMod","Better Match","Block Reminder","Conspire","Hermit","Highlight Path","Hubris","Infinite Spire","Jorbs\u0027s Wanderer Trilogy","Mad Scientist","Marisa????????","Mimic Mod","Minty Spire (QoL Compilation)","Potionbrewer","Replay The Spire","Robot Space Explorer","StSLib","The Blackbeard","The Construct","The Cursed","The Disciple","The Hayseed","The Hierophant","The Juggle","The Jungle","The Poker Player","The Runesmith","The Servant 0.9.4","The Spell Scribe","The Valiant","TheBandit"],"gold_per_floor":[116,126,139,156,167,199,199,199,251,283,283,302,302,197,197,301,301,301,301],"floor_reached":18,"language":"ENG","playtime":1287,"items_purged":["bard:Defend"],"score":172,"play_id":"7fd7d2df-7b1e-4e78-a00e-5f9a2939db6b","local_time":"20210129171323","is_ascension_mode":false,"campfire_choices":[{"data":"bard:DiscordantVoice","floor":8,"key":"SMITH"},{"data":"bard:Blink","floor":11,"key":"SMITH"},{"data":"bard:Sift","floor":15,"key":"SMITH"}],"circlet_count":0,"master_deck":["bard:Strike","bard:Strike","bard:Strike","bard:Defend","bard:Defend","bard:Defend","bard:Riposte","bard:Inspire","bard:ThickOfTheFight","bard:Sift+1","bard:ViciousMockery","bard:MantleOfInspiration","bard:DervishDance","bard:DiscordantVoice+1","bard:Blink+1","bard:Solo","bard:Shout+1","bard:PowerWordStun"],"relics":["bard:PitchPipe","bard:BagPipes","Bottled Tornado","Runesmith:AutoHammer","Smiling Mask","Replay:Grab Bag","conspire:RoyalGoblet","Replay:Fungal Core","aspiration:PoetsPen_weak"],"acts_visited":["Exordium","TheCity"],"potions_floor_usage":[10,12],"damage_taken":[{"damage":0,"enemies":"2 Louse","floor":1,"turns":2},{"damage":5,"enemies":"Cultist","floor":2,"turns":4},{"damage":0,"enemies":"Jaw Worm","floor":3,"turns":3},{"damage":9,"enemies":"Blue Slaver","floor":4,"turns":4},{"damage":11,"enemies":"Exordium Wildlife","floor":5,"turns":2},{"damage":30,"enemies":"Lagavulin","floor":6,"turns":9},{"damage":9,"enemies":"Gremlin Nob","floor":10,"turns":3},{"damage":0,"enemies":"2 Fungi Beasts","floor":12,"turns":4},{"damage":20,"enemies":"Slime Boss","floor":16,"turns":6},{"damage":0,"enemies":"Chosen","floor":18,"turns":1}],"seed_played":"5581201854910923717","potions_obtained":[{"floor":1,"key":"potionbrewer:BarricadePotion"},{"floor":3,"key":"DuplicationPotion"},{"floor":12,"key":"bard:InspiredBrew"}],"is_trial":false,"path_per_floor":["M","M","M","M","M","E","?","R","T","E","R","M","?","$","R","B",null,"M"],"character_chosen":"BARD","items_purchased":["bard:Shout+1"],"campfire_rested":0,"item_purchase_floors":[14],"current_hp_per_floor":[70,65,65,56,45,15,15,15,15,6,6,6,70,70,70,50,70,70,70],"gold":301,"neow_bonus":"TRANSFORM_CARD","is_daily":false,"chose_seed":false,"campfire_upgraded":3,"win_rate":0.0,"timestamp":1611958403,"path_taken":["M","M","M","M","M","E","?","R","T","E","R","M","?","$","R","BOSS","M"],"items_purchased_type":["Card"],"build_version":"2020-12-22","purchased_purges":1,"victory":false,"max_hp_per_floor":[70,70,70,70,70,70,70,70,70,70,70,70,70,70,70,70,70,70,70],"card_choices":[{"not_picked":["bard:Demoralize","bard:EchoEcho"],"picked":"bard:Sift","floor":1},{"not_picked":["bard:EchoEcho","bard:Parry"],"picked":"bard:ViciousMockery","floor":2},{"not_picked":["bard:LingeringEcho","bard:EnGarde"],"picked":"bard:MantleOfInspiration","floor":3},{"not_picked":["bard:BucklerBash","bard:MantleOfInspiration"],"picked":"bard:DervishDance","floor":4},{"not_picked":["bard:BucklerBash","bard:LifeDrain"],"picked":"bard:MantleOfInspiration","floor":5},{"not_picked":["bard:FalseLife","bard:TinyHut"],"picked":"bard:DiscordantVoice","floor":6},{"not_picked":["bard:FaerieFire","bard:StudiedStrike"],"picked":"bard:Blink","floor":10},{"not_picked":["bard:StudiedStrike","bard:CuttingWords"],"picked":"bard:Solo","floor":12},{"not_picked":["bard:Rhapsody","bard:ReverseGravity"],"picked":"bard:PowerWordStun","floor":16}],"player_experience":1912428,"relics_obtained":[{"floor":6,"key":"Bottled Tornado"},{"floor":9,"key":"Runesmith:AutoHammer"},{"floor":10,"key":"Smiling Mask"}],"event_choices":[{"cards_removed":["bard:MantleOfInspiration"],"damage_healed":64,"gold_gain":0,"player_choice":"Offered Uncommon","damage_taken":0,"max_hp_gain":0,"max_hp_loss":0,"event_name":"Bonfire Elementals","floor":13,"gold_loss":0}],"is_beta":false,"boss_relics":[{"not_picked":["Replay:Bronze Core","conspire:SpecialSausage"],"picked":"Replay:Grab Bag"},{"not_picked":["Coffee Dripper","Painkiller Herb"],"picked":"conspire:RoyalGoblet"},{"not_picked":["conspire:SlowCooker","hubris:VirtuousBlindfold"],"picked":"Replay:Fungal Core"},{"not_picked":["Pandora\u0027s Box","conspire:RunicOctahedron"],"picked":"aspiration:PoetsPen_weak"}],"items_purged_floors":[14],"is_endless":false,"potions_floor_spawned":[1,3,12],"killed_by":"Chosen","ascension_level":0}}