{"host":"uvmuduost5bzvojs","time":1611961293,"event":{"mods":["Aspiration","Bard","BaseMod","Better Match","Block Reminder","Conspire","Hermit","Highlight Path","Hubris","Infinite Spire","Jorbs\u0027s Wanderer Trilogy","Mad Scientist","Marisa????????","Mimic Mod","Minty Spire (QoL Compilation)","Potionbrewer","Replay The Spire","Robot Space Explorer","StSLib","The Blackbeard","The Construct","The Cursed","The Disciple","The Hayseed","The Hierophant","The Juggle","The Jungle","The Poker Player","The Runesmith","The Servant 0.9.4","The Spell Scribe","The Valiant","TheBandit"],"gold_per_floor":[109,109,18,41,52,52,69,96,130,163,27,44,89,104,104,202,202,215,242,242,252,272,272,272],"floor_reached":23,"language":"ENG","playtime":2255,"items_purged":[],"score":226,"play_id":"f15ad644-5958-4036-9105-e194f7d1f098","local_time":"20210129180133","is_ascension_mode":false,"campfire_choices":[{"data":"BottledTime","floor":6,"key":"SMITH"},{"data":"MurderousAura","floor":15,"key":"SMITH"}],"circlet_count":0,"master_deck":["Strike_S","Strike_S+1","Strike_S","Defend_S","Defend_S","Defend_S","Defend_S","KidneyShot","Exchange","BottledTime+1","Potential","TimeWarp","Potential+1","Sabotage","BottledTime","Potential","TimeWarp","FastForward","FastForward","ShatteredReality","TimeWarp","MurderousAura+1","MurderousAura","Potential","Alleviate+1","Rearm"],"relics":["Uniform","Pet Ghost","infinitespire:WardingShard","Toy Ornithopter","Whetstone","potionbrewer:BhaskarasWheel","Red Mask"],"acts_visited":["Exordium","TheCity"],"potions_floor_usage":[5,22],"damage_taken":[{"damage":3,"enemies":"Jaw Worm","floor":1,"turns":4},{"damage":0,"enemies":"Cultist","floor":5,"turns":3},{"damage":0,"enemies":"Small Slimes","floor":7,"turns":3},{"damage":19,"enemies":"Gremlin Nob","floor":8,"turns":4},{"damage":4,"enemies":"3 Louse","floor":9,"turns":8},{"damage":17,"enemies":"Lagavulin","floor":10,"turns":5},{"damage":1,"enemies":"3 Louse","floor":12,"turns":3},{"damage":0,"enemies":"Blue Slaver","floor":14,"turns":2},{"damage":6,"enemies":"Hexaghost","floor":16,"turns":6},{"damage":15,"enemies":"Spheric Guardian","floor":18,"turns":4},{"damage":9,"enemies":"Masked Bandits","floor":19,"turns":4},{"damage":8,"enemies":"Shell Parasite","floor":21,"turns":3},{"damage":18,"enemies":"Snake Plant","floor":22,"turns":4},{"damage":28,"enemies":"Slavers","floor":23,"turns":3}],"seed_played":"3416360568684792035","potions_obtained":[{"floor":1,"key":"Adrenaline Potion"},{"floor":5,"key":"Ancient Potion"},{"floor":10,"key":"LifebloodPotion"},{"floor":13,"key":"Reflective Coating"},{"floor":22,"key":"Strength Potion"}],"is_trial":false,"path_per_floor":["M","?","$","T","M","R","M","E","MIM","E","$","M","?","M","R","B",null,"M","?","?","M","M","E"],"character_chosen":"THE_SERVANT","items_purchased":["Potential","TimeWarp","Potential","TimeWarp","FastForward"],"campfire_rested":0,"item_purchase_floors":[3,3,11,11,11],"current_hp_per_floor":[68,68,68,68,68,68,68,49,45,28,28,27,27,27,27,21,71,56,47,47,39,26,0,0],"gold":272,"neow_bonus":"TEN_PERCENT_HP_BONUS","is_daily":false,"chose_seed":false,"campfire_upgraded":2,"win_rate":0.0,"timestamp":1611961293,"path_taken":["M","?","$","?","?","R","M","E","MIM","E","?","M","?","M","R","BOSS","M","?","?","M","M","E"],"items_purchased_type":["Card","Card","Card","Card","Card"],"build_version":"2020-12-22","purchased_purges":0,"victory":false,"max_hp_per_floor":[71,71,71,71,71,71,71,71,71,71,71,71,71,71,71,71,71,71,71,71,71,71,71,71],"card_choices":[{"not_picked":["Spin","Starlight"],"picked":"BottledTime","floor":1},{"not_picked":["Replace","BottledTime"],"picked":"Potential","floor":5},{"not_picked":["FanOfKnives","DoubleEdge"],"picked":"Sabotage","floor":7},{"not_picked":["Rearm","SilverBlades","Desolation"],"picked":"SKIP","floor":8},{"not_picked":["Rearm","Moonlight"],"picked":"BottledTime","floor":10},{"not_picked":["Revamp","Advance"],"picked":"ShatteredReality","floor":12},{"not_picked":["MoonPhase","Snipe"],"picked":"TimeWarp","floor":13},{"not_picked":["Defy","ShatteredReality"],"picked":"MurderousAura","floor":14},{"not_picked":["Initiator","FloweringNight"],"picked":"MurderousAura","floor":16},{"not_picked":["Starlight","DoubleEdge","Gouge"],"picked":"SKIP","floor":18},{"not_picked":["Revamp","Defy"],"picked":"Potential","floor":19},{"not_picked":["Starlight","Revamp+1"],"picked":"Alleviate+1","floor":21},{"not_picked":["FanOfKnives","Sabotage"],"picked":"Rearm","floor":22}],"player_experience":1914290,"relics_obtained":[{"floor":4,"key":"Pet Ghost"},{"floor":8,"key":"infinitespire:WardingShard"},{"floor":9,"key":"Toy Ornithopter"},{"floor":10,"key":"Whetstone"},{"floor":19,"key":"Red Mask"}],"event_choices":[{"cards_removed":["Strike_S"],"damage_healed":0,"gold_gain":0,"player_choice":"Purged","damage_taken":0,"max_hp_gain":0,"max_hp_loss":0,"event_name":"Purifier","floor":2,"gold_loss":0},{"damage_healed":0,"gold_gain":0,"player_choice":"Fought Bandits","damage_taken":0,"max_hp_gain":0,"max_hp_loss":0,"event_name":"Masked Bandits","floor":19,"gold_loss":0}],"is_beta":false,"boss_relics":[{"not_picked":["hubris:VirtuousBlindfold","conspire:SlowCooker"],"picked":"potionbrewer:BhaskarasWheel"}],"items_purged_floors":[],"is_endless":false,"potions_floor_spawned":[1,5,10,14,19,21,22],"killed_by":"Slavers","ascension_level":0}}