{"host":"hixkpep13ay54y5b","time":1611954814,"event":{"mods":["AchievementEnabler","BaseMod","BetterRewards","Card Forge","Colored Map","Hubris","Infinite Spire","Minty Spire (QoL Compilation)","Quick Restart","Replay The Spire","Shop Mod","StSLib","SuperFastMode"],"gold_per_floor":[112,112,124,124,138,173,173,20,45,45,57,85,99,110,110,214,214,228,228,228,242,260,260,293,313,313,493,512,437,291,291,382,485,485,502,512,361,381,418,418,437,447,498,523,542,542,570,583,583,589],"floor_reached":51,"language":"ENG","playtime":1897,"items_purged":["Shame"],"score":816,"play_id":"3a3d7d8c-a353-42e2-ba18-deee3b97c96c","local_time":"20210129161334","is_ascension_mode":false,"campfire_choices":[{"data":"Echo Form","floor":10.0,"key":"SMITH"},{"data":"Capacitor","floor":15.0,"key":"SMITH"},{"data":"Cold Snap","floor":23.0,"key":"SMITH"},{"floor":40.0,"key":"REST"},{"floor":49.0,"key":"REST"}],"circlet_count":0,"master_deck":["Blizzard+1","Buffer+1","Chill+1","Defragment+1","Echo Form+1","Defragment+1","Glacier+1","Genetic Algorithm+1","Echo Form+1","Cold Snap+1","Capacitor+1","Chill+1"],"relics":["Cracked Core","Hammer of Thor","Seething Fire","Anvil of the Gods","NeowsBlessing","Prayer Wheel","ReplayFunnel","MerchantsRug","Replay:Wax Seal","Ring of Chaos","hubris:MedicalManual","SlaversCollar","Art of War","hubris:MysteriousPyramids","Durian","Replay:Baseball","Black Star","Strange Spoon","Replay:Antivirus Software","Replay:Bandana","Strawberry","hubris:MedicalManual","Gambling Chip"],"acts_visited":["Exordium","TheCity","TheBeyond"],"potions_floor_usage":[],"damage_taken":[{"damage":0.0,"enemies":"Jaw Worm","floor":1.0,"turns":1.0},{"damage":0.0,"enemies":"Cultist","floor":3.0,"turns":1.0},{"damage":0.0,"enemies":"Small Slimes","floor":5.0,"turns":1.0},{"damage":0.0,"enemies":"Gremlin Nob","floor":6.0,"turns":6.0},{"damage":10.0,"enemies":"Exordium Wildlife","floor":11.0,"turns":6.0},{"damage":3.0,"enemies":"Replay:BlueRogue","floor":12.0,"turns":7.0},{"damage":0.0,"enemies":"Blue Slaver","floor":13.0,"turns":5.0},{"damage":0.0,"enemies":"Looter","floor":14.0,"turns":5.0},{"damage":0.0,"enemies":"Fading Forest","floor":16.0,"turns":11.0},{"damage":4.0,"enemies":"Chosen","floor":18.0,"turns":7.0},{"damage":9.0,"enemies":"3 Byrds","floor":21.0,"turns":5.0},{"damage":16.0,"enemies":"Centurion and Healer","floor":22.0,"turns":6.0},{"damage":8.0,"enemies":"Book of Stabbing","floor":24.0,"turns":6.0},{"damage":7.0,"enemies":"Sentry and Sphere","floor":25.0,"turns":6.0},{"damage":0.0,"enemies":"3 Cultists","floor":28.0,"turns":5.0},{"damage":0.0,"enemies":"Collector","floor":33.0,"turns":6.0},{"damage":0.0,"enemies":"3 Darklings","floor":35.0,"turns":4.0},{"damage":14.0,"enemies":"3 Shapes","floor":36.0,"turns":5.0},{"damage":18.0,"enemies":"Spire Growth","floor":38.0,"turns":6.0},{"damage":0.0,"enemies":"4 Shapes","floor":41.0,"turns":5.0},{"damage":8.0,"enemies":"Maw","floor":42.0,"turns":8.0},{"damage":0.0,"enemies":"Giant Head","floor":44.0,"turns":7.0},{"damage":5.0,"enemies":"3 Darklings","floor":45.0,"turns":4.0},{"damage":0.0,"enemies":"Nightmare","floor":47.0,"turns":8.0},{"damage":23.0,"enemies":"Transient","floor":48.0,"turns":5.0},{"damage":0.0,"enemies":"Replay:Hell Engine","floor":50.0,"turns":8.0}],"seed_played":"-1515700411905983697","potions_obtained":[{"floor":5.0,"key":"GamblersBrew"},{"floor":6.0,"key":"Doom Potion"},{"floor":11.0,"key":"Explosive Potion"},{"floor":18.0,"key":"Swift Potion"},{"floor":35.0,"key":"SkillPotion"},{"floor":38.0,"key":"LifebloodPotion"},{"floor":44.0,"key":"FairyPotion"},{"floor":47.0,"key":"FocusPotion"}],"is_trial":false,"path_per_floor":["M","?","M","?","M","E","?","$","T","R","M","E","M","M","R","B",null,"M","AVR","?","M","M","R","E","M","T","?","M","$","$","?","R_BF","B",null,"M","M","$","M","$","R","M","M","T","E","M","?","NM","M","R","B",null],"character_chosen":"DEFECT","items_purchased":["MerchantsRug","Replay:Baseball","Strange Spoon"],"campfire_rested":2,"item_purchase_floors":[8,30,37],"current_hp_per_floor":[75,75,75,75,75,75,75,75,75,75,65,62,62,62,62,72,75,71,71,71,62,46,46,38,31,36,17,17,17,17,14,14,14,80,80,66,66,48,48,72,72,64,64,71,66,69,69,46,73,73],"gold":589,"neow_bonus":"THREE_ENEMY_KILL","is_daily":false,"chose_seed":false,"campfire_upgraded":3,"win_rate":0.0,"timestamp":1611954814,"path_taken":["M","?","?","?","?","E","?","$","T","R","M","E","M","M","R","BOSS","M","AVR","?","M","M","R","E","M","T","?","?","?","$","?","R_BF","BOSS","M","M","$","M","$","R","M","M","T","E","?","?","NM","M","R","BOSS"],"items_purchased_type":["Relic","Relic","Relic"],"build_version":"2020-12-22","purchased_purges":1,"victory":true,"max_hp_per_floor":[75,75,75,75,75,75,75,75,75,75,75,75,75,75,75,75,75,75,75,75,75,75,75,75,75,80,80,80,80,80,80,80,80,80,80,80,80,80,80,80,80,80,80,87,87,90,90,90,90,90],"card_choices":[{"not_picked":["Consume","Go for the Eyes","Chaos"],"picked":"SKIP","floor":1.0},{"not_picked":["Conserve Battery","Sweeping Beam","Lockon"],"picked":"SKIP","floor":3.0},{"not_picked":["Self Repair","ReplayTheSpireMod:System Scan","Beam Cell"],"picked":"SKIP","floor":3.0},{"not_picked":["Coolheaded","Rebound","Skim"],"picked":"SKIP","floor":5.0},{"not_picked":["Panic Button","Turbo","Steam Power"],"picked":"SKIP","floor":5.0},{"not_picked":["hubris:PowerSurge","Redo","Compile Driver"],"picked":"SKIP","floor":6.0},{"not_picked":["Time Bomb","Leap","ReplayTheSpireMod:Repulse"],"picked":"SKIP","floor":11.0},{"not_picked":["Sweeping Beam","hubris:PowerSurge","Skim"],"picked":"SKIP","floor":11.0},{"not_picked":["Force Field","Turbo","Biased Cognition"],"picked":"SKIP","floor":12.0},{"not_picked":["Gash","Darkness"],"picked":"Capacitor","floor":13.0},{"not_picked":["Cold Snap","BootSequence","Panic Button"],"picked":"SKIP","floor":13.0},{"not_picked":["Coolheaded","Crystallizer","Turbo"],"picked":"SKIP","floor":14.0},{"not_picked":["Steam","Lockon","Barrage"],"picked":"SKIP","floor":14.0},{"not_picked":["Coolheaded","Conserve Battery+1","Stack+1"],"picked":"SKIP","floor":18.0},{"not_picked":["ReplaySort","Auto Shields","Hologram"],"picked":"SKIP","floor":18.0},{"not_picked":["Chaos","Sweeping Beam","Ball Lightning+1"],"picked":"SKIP","floor":21.0},{"not_picked":["Gash","FIFO Queue","Cold Snap+1"],"picked":"SKIP","floor":21.0},{"not_picked":["Storm","Fusion","Hologram"],"picked":"SKIP","floor":22.0},{"not_picked":["White Noise+1","Go for the Eyes","Ball Lightning+1"],"picked":"SKIP","floor":22.0},{"not_picked":["Tempest","Thunder Strike","BootSequence"],"picked":"SKIP","floor":24.0},{"not_picked":["Hologram+1","Cold Snap","Beam Cell"],"picked":"SKIP","floor":25.0},{"not_picked":["hubris:PowerSurge+1","hubris:Ukulele","Rebound"],"picked":"SKIP","floor":25.0},{"not_picked":["Gash","Steam"],"picked":"Chill+1","floor":28.0},{"not_picked":["Lockon","Ball Lightning","Turbo"],"picked":"SKIP","floor":28.0},{"not_picked":["Rebound+1","BasicCrystalCard","Go for the Eyes+1"],"picked":"SKIP","floor":35.0},{"not_picked":["Rebound+1","Redo+1","BasicCrystalCard"],"picked":"SKIP","floor":35.0},{"not_picked":["Ball Lightning+1","Go for the Eyes+1","Rebound+1"],"picked":"SKIP","floor":36.0},{"not_picked":["Reinforced Body+1","Hello World","Redo"],"picked":"SKIP","floor":36.0},{"not_picked":["Leap","Ball Lightning+1","Turbo+1"],"picked":"SKIP","floor":38.0},{"not_picked":["Buffer","Beam Cell","Gash+1"],"picked":"SKIP","floor":38.0},{"not_picked":["Ball Lightning+1","Coolheaded","ReplayTheSpireMod:Reroute Power"],"picked":"SKIP","floor":41.0},{"not_picked":["Hyperbeam","Barrage","Sunder+1"],"picked":"SKIP","floor":41.0},{"not_picked":["Rebound","Tempest","Lockon"],"picked":"SKIP","floor":42.0},{"not_picked":["Defragment+1","Conserve Battery+1","Force Field"],"picked":"SKIP","floor":42.0},{"not_picked":["Beam Cell","FTL","ReplayTheSpireMod:Reroute Power"],"picked":"SKIP","floor":44.0},{"not_picked":["Leap","Rebound","Ball Lightning"],"picked":"SKIP","floor":45.0},{"not_picked":["FIFO Queue","Lockon","Streamline+1"],"picked":"SKIP","floor":45.0},{"not_picked":["hubris:Prefetch","Sweeping Beam+1","Ball Lightning"],"picked":"SKIP","floor":47.0},{"not_picked":["Cold Snap","Rebound","Beam Cell+1"],"picked":"SKIP","floor":48.0},{"not_picked":["Chill+1","Redo","Recycle+1"],"picked":"SKIP","floor":48.0}],"player_experience":164551,"relics_obtained":[{"floor":6.0,"key":"ReplayFunnel"},{"floor":9.0,"key":"Replay:Wax Seal"},{"floor":12.0,"key":"Pet Ghost"},{"floor":24.0,"key":"hubris:MysteriousPyramids"},{"floor":26.0,"key":"Durian"},{"floor":43.0,"key":"Replay:Antivirus Software"},{"floor":44.0,"key":"Replay:Bandana"},{"floor":44.0,"key":"Strawberry"},{"floor":47.0,"key":"hubris:MedicalManual"},{"floor":47.0,"key":"Gambling Chip"}],"event_choices":[{"cards_removed":["Cold Snap"],"damage_healed":5.0,"max_hp_gain":0.0,"max_hp_loss":0.0,"gold_gain":0.0,"event_name":"Bonfire Elementals","player_choice":"Offered Common","floor":2.0,"gold_loss":0.0,"damage_taken":0.0},{"cards_removed":["Cold Snap"],"damage_healed":5.0,"max_hp_gain":0.0,"max_hp_loss":0.0,"gold_gain":0.0,"event_name":"Bonfire Elementals","player_choice":"Offered Special","floor":2.0,"gold_loss":0.0,"damage_taken":0.0},{"damage_healed":0.0,"max_hp_gain":0.0,"max_hp_loss":0.0,"gold_gain":0.0,"event_name":"NoteForYourself","player_choice":"Ignored","floor":4.0,"gold_loss":0.0,"damage_taken":0.0},{"damage_healed":0.0,"max_hp_gain":0.0,"max_hp_loss":0.0,"gold_gain":180.0,"event_name":"Knowing Skull","player_choice":"GOLD GOLD ","floor":27.0,"potions_obtained":[],"gold_loss":0.0,"damage_taken":19.0,"cards_obtained":[]},{"damage_healed":0.0,"max_hp_gain":0.0,"max_hp_loss":0.0,"gold_gain":0.0,"event_name":"Designer","player_choice":"Punched","floor":31.0,"gold_loss":0.0,"damage_taken":3.0}],"is_beta":false,"boss_relics":[{"not_picked":["hubris:VirtuousBlindfold","Ectoplasm"],"picked":"Ring of Chaos"},{"not_picked":["Honey Jar","Replay:Ancient Bell"],"picked":"Black Star"}],"items_purged_floors":[29],"is_endless":false,"potions_floor_spawned":[5,6,11,12,14,18,24,35,38,44,47,48],"ascension_level":0}}