{"host":"2j5d0uw0vihq8b8w","time":1611889676,"event":{"mods":["2.2 Compatiblity","AchievementEnabler","BaseMod","BetterRewards","Colored Map","Colored Powertips","Custom Start","DeckTracker","Minty Spire (QoL Compilation)","Permanent Neow","Quick Restart","Rare Cards Sparkle","StSLib","SuperFastMode"],"gold_per_floor":[112,125,145,162,162,196,196,271,317,333,333,333,344,361,361,462,462,474,474,494,519,533,533,299,325,348,360,66,399,399,399,399,399,399],"floor_reached":33,"language":"KOR","playtime":1630,"items_purged":["Defend_R"],"score":351,"play_id":"c1d78023-a2c4-4c56-8a96-eaeb906cba9b","local_time":"20210129120756","is_ascension_mode":true,"campfire_choices":[{"data":"Feed","floor":7.0,"key":"SMITH"},{"floor":11.0,"key":"REST"},{"data":"Carnage","floor":15.0,"key":"SMITH"},{"data":"Rupture","floor":23.0,"key":"SMITH"},{"floor":30,"key":"REST"},{"data":"Body Slam","floor":32,"key":"SMITH"}],"circlet_count":0,"master_deck":["Strike_R","Strike_R","Strike_R","Strike_R","Defend_R","Defend_R","Defend_R","Bash","Feed+1","Sword Boomerang","Rupture+1","Pommel Strike","Impervious+1","Second Wind+1","Carnage+1","Double Tap+1","Combust","Entrench+1","True Grit+1","Pummel","Limit Break+1","Body Slam+1","Battle Trance+1"],"relics":["Black Blood","Toxic Egg 2","Bronze Scales","Bag of Preparation","Nilry\u0027s Codex","Red Mask","Tiny Chest","Strawberry","Calipers","Old Coin"],"acts_visited":["Exordium","TheCity"],"potions_floor_usage":[29],"damage_taken":[{"damage":10.0,"enemies":"Cultist","floor":1.0,"turns":4.0},{"damage":11.0,"enemies":"Jaw Worm","floor":2.0,"turns":4.0},{"damage":9.0,"enemies":"Small Slimes","floor":3.0,"turns":5.0},{"damage":25.0,"enemies":"Exordium Wildlife","floor":4.0,"turns":7.0},{"damage":6.0,"enemies":"Gremlin Nob","floor":6.0,"turns":3.0},{"damage":2.0,"enemies":"3 Louse","floor":10.0,"turns":3.0},{"damage":6.0,"enemies":"Blue Slaver","floor":13.0,"turns":4.0},{"damage":16.0,"enemies":"Gremlin Gang","floor":14.0,"turns":6.0},{"damage":11.0,"enemies":"Slime Boss","floor":16.0,"turns":11.0},{"damage":10.0,"enemies":"2 Thieves","floor":18.0,"turns":3.0},{"damage":0.0,"enemies":"Spheric Guardian","floor":20.0,"turns":2.0},{"damage":43.0,"enemies":"Masked Bandits","floor":21.0,"turns":5.0},{"damage":15.0,"enemies":"Snake Plant","floor":22.0,"turns":2.0},{"damage":48.0,"enemies":"Gremlin Leader","floor":25.0,"turns":5.0},{"damage":17.0,"enemies":"Centurion and Healer","floor":27.0,"turns":10.0},{"damage":35,"enemies":"Slavers","floor":29,"turns":6},{"damage":66,"enemies":"Automaton","floor":33,"turns":8}],"seed_played":"5156834301537372999","potions_obtained":[{"floor":2.0,"key":"SpeedPotion"},{"floor":3.0,"key":"LiquidBronze"},{"floor":4.0,"key":"PowerPotion"},{"floor":16.0,"key":"Explosive Potion"},{"floor":18.0,"key":"PowerPotion"},{"floor":22.0,"key":"LiquidBronze"},{"floor":25.0,"key":"LiquidBronze"}],"is_trial":false,"path_per_floor":["M","M","M","M","?","E","R","?","T","M","R","?","M","M","R","B",null,"M","?","M","?","M","R","$","E","T","M","$","E","R","?","R","B"],"character_chosen":"IRONCLAD","items_purchased":["Limit Break+1","Calipers"],"campfire_rested":2,"item_purchase_floors":[24,28],"current_hp_per_floor":[55,53,53,37,30,30,30,19,19,27,55,52,56,50,50,45,104,108,92,108,77,78,78,78,42,49,48,48,29,68,55,55,0,0],"gold":399,"neow_bonus":"THREE_RARE_CARDS","is_daily":false,"chose_seed":false,"campfire_upgraded":4,"win_rate":0.0,"timestamp":1611889676,"path_taken":["M","M","M","M","?","E","R","?","T","M","R","?","?","M","R","BOSS","M","?","M","?","M","R","$","E","T","M","$","E","R","?","R","BOSS"],"items_purchased_type":["Card","Relic"],"build_version":"2020-12-22","purchased_purges":1,"victory":false,"max_hp_per_floor":[83,86,89,92,92,92,92,92,92,96,96,96,100,104,104,104,104,108,108,112,112,116,116,116,116,123,127,127,131,131,131,131,131,131],"card_choices":[{"not_picked":["Berserk","Double Tap"],"picked":"Feed","floor":0.0},{"not_picked":["Iron Wave","Perfected Strike"],"picked":"Sword Boomerang","floor":1.0},{"not_picked":["Reckless Charge","Dual Wield"],"picked":"Rupture","floor":2.0},{"not_picked":["Twin Strike","True Grit","Burning Pact"],"picked":"SKIP","floor":3.0},{"not_picked":["Wild Strike","Body Slam"],"picked":"Pommel Strike","floor":4.0},{"not_picked":["Wild Strike","Burning Pact+1"],"picked":"Impervious+1","floor":6.0},{"not_picked":["Perfected Strike","Disarm+1","Thunderclap"],"picked":"SKIP","floor":10.0},{"not_picked":["Twin Strike","Uppercut"],"picked":"Second Wind+1","floor":13.0},{"not_picked":["Twin Strike","Thunderclap"],"picked":"Carnage","floor":14.0},{"not_picked":["Reaper","Exhume+1"],"picked":"Double Tap+1","floor":16.0},{"not_picked":["Iron Wave","Wild Strike"],"picked":"Combust","floor":18.0},{"not_picked":["Sever Soul","Headbutt+1"],"picked":"Entrench+1","floor":20.0},{"not_picked":["Wild Strike","Carnage+1"],"picked":"True Grit+1","floor":21.0},{"not_picked":["Metallicize","Thunderclap+1"],"picked":"Pummel","floor":22.0},{"not_picked":["Rampage","True Grit+1"],"picked":"Body Slam","floor":25.0},{"not_picked":["Sever Soul","Hemokinesis+1"],"picked":"Battle Trance+1","floor":27.0},{"not_picked":["Iron Wave","Perfected Strike","Headbutt+1"],"picked":"SKIP","floor":29}],"player_experience":614575,"relics_obtained":[{"floor":6.0,"key":"Toxic Egg 2"},{"floor":9.0,"key":"Bronze Scales"},{"floor":19.0,"key":"Nilry\u0027s Codex"},{"floor":21.0,"key":"Red Mask"},{"floor":25.0,"key":"Tiny Chest"},{"floor":26.0,"key":"Strawberry"},{"floor":29,"key":"Old Coin"}],"event_choices":[{"cards_removed":["Strike_R"],"damage_healed":0.0,"max_hp_gain":0.0,"max_hp_loss":0.0,"gold_gain":0.0,"event_name":"Golden Wing","player_choice":"Card Removal","floor":5.0,"gold_loss":0.0,"damage_taken":7.0},{"damage_healed":0.0,"max_hp_gain":0.0,"max_hp_loss":0.0,"gold_gain":75.0,"event_name":"World of Goop","player_choice":"Gather Gold","floor":8.0,"gold_loss":0.0,"damage_taken":11.0},{"damage_healed":0.0,"max_hp_gain":0.0,"max_hp_loss":0.0,"gold_gain":0.0,"event_name":"Scrap Ooze","player_choice":"Success","floor":12.0,"gold_loss":0.0,"damage_taken":3.0,"relics_obtained":["Bag of Preparation"]},{"damage_healed":0.0,"max_hp_gain":0.0,"max_hp_loss":0.0,"gold_gain":0.0,"event_name":"Cursed Tome","player_choice":"Obtained Book","floor":19.0,"gold_loss":0.0,"damage_taken":16.0},{"damage_healed":0.0,"max_hp_gain":0.0,"max_hp_loss":0.0,"gold_gain":0.0,"event_name":"Masked Bandits","player_choice":"Fought Bandits","floor":21.0,"gold_loss":0.0,"damage_taken":0.0},{"damage_healed":0,"gold_gain":0,"player_choice":"Damaged","damage_taken":13,"max_hp_gain":0,"max_hp_loss":0,"event_name":"Wheel of Change","floor":31,"gold_loss":0}],"is_beta":false,"boss_relics":[{"not_picked":["Busted Crown","Velvet Choker"],"picked":"Black Blood"}],"items_purged_floors":[24],"is_endless":false,"potions_floor_spawned":[2,3,4,16,18,22,25],"killed_by":"Automaton","ascension_level":1}}