{"host":"ctlqibkg0sskiu65","time":1611882268,"event":{"mods":["AchievementEnabler","Aspiration","BaseMod","BetterRewards","Colored Map","Colored Powertips","Conspire","Fiend Mod","Infinite Spire","Minty Spire (QoL Compilation)","Quick Restart","Replay The Spire","Shop Mod","StSLib","The Bladedancer","The Cursed","The Hierophant","The Jungle","The Kombatant","The Servant 0.9.4","TheBandit"],"gold_per_floor":[113,113,129,129,54,54,81,81,105,85,110,110,124,158,158,233,233,249,268,288,288,288,288,302,90,90,100,100,15,15,27,27,99,99,113,163,163,38,58,58,0,0,23,33,33,46,56,76,76,76],"floor_reached":51,"language":"ENG","playtime":1917,"items_purged":["Strike_G","Strike_G","Strike_G"],"score":1697,"play_id":"093c3a0e-31dd-46d6-82d2-f72bceaf52c9","local_time":"20210128190428","is_ascension_mode":true,"campfire_choices":[{"data":"Blade Dance","floor":6.0,"key":"SMITH"},{"data":"infinitespire:TheBestDefense","floor":8.0,"key":"SMITH"},{"data":"Phantasmal Killer","floor":12.0,"key":"SMITH"},{"floor":15.0,"key":"REST"},{"data":"Infinite Blades","floor":23.0,"key":"SMITH"},{"data":"Accuracy","floor":28.0,"key":"SMITH"},{"floor":32.0,"key":"REST"},{"floor":40,"key":"REST"},{"data":"conspire:PoisonWeapons","floor":42,"key":"SMITH"},{"data":"Cloak And Dagger","floor":45,"key":"SMITH"}],"circlet_count":0,"master_deck":["AscendersBane","Strike_G","Strike_G","Defend_G","Defend_G","Defend_G","Defend_G","Defend_G","Survivor","Neutralize+1","Blade Dance+1","infinitespire:TheBestDefense+1","Hidden Blade","Phantasmal Killer+1","Infinite Blades+1","Adrenaline+1","Infinite Blades","Eviscerate","ReplayTheSpireMod:Speed Training+1","Accuracy","Accuracy+1","Dagger Spray","conspire:PoisonWeapons+1","A Thousand Cuts","Cloak And Dagger+1","Spot Weakness+1","Leg Sweep","Double Tap"],"relics":["Ring of the Snake","Bronze Scales","ClockworkSouvenir","Shuriken","Ancient Tea Set","ReplayTheSpireMod:TigerMarble","Happy Flower","Fiend:Scarf","Durian","Replay:Wax Seal","aspiration:IroncladSkillbook","Thread and Needle","Red Mask","ReplayFunnel"],"acts_visited":["Exordium","TheCity","TheBeyond"],"potions_floor_usage":[50],"damage_taken":[{"damage":2.0,"enemies":"2 Louse","floor":1.0,"turns":3.0},{"damage":1.0,"enemies":"Small Slimes","floor":3.0,"turns":3.0},{"damage":11.0,"enemies":"3 Sentries","floor":7.0,"turns":8.0},{"damage":0.0,"enemies":"Lagavulin","floor":11.0,"turns":5.0},{"damage":0.0,"enemies":"Cultist","floor":13.0,"turns":3.0},{"damage":0.0,"enemies":"Gremlin Nob","floor":14.0,"turns":2.0},{"damage":22.0,"enemies":"The Guardian","floor":16.0,"turns":9.0},{"damage":2.0,"enemies":"conspire:FuzzyDice","floor":18.0,"turns":4.0},{"damage":6.0,"enemies":"3 Byrds","floor":19.0,"turns":3.0},{"damage":16.0,"enemies":"Centurion and Healer","floor":20.0,"turns":5.0},{"damage":0.0,"enemies":"Shelled Parasite and Fungi","floor":22.0,"turns":1.0},{"damage":6.0,"enemies":"Snake Plant","floor":24.0,"turns":3.0},{"damage":0.0,"enemies":"Centurion and Healer","floor":27.0,"turns":3.0},{"damage":7.0,"enemies":"3 Cultists","floor":31.0,"turns":3.0},{"damage":24.0,"enemies":"Collector","floor":33.0,"turns":4.0},{"damage":5.0,"enemies":"3 Darklings","floor":35.0,"turns":3.0},{"damage":44.0,"enemies":"2 Orb Walkers","floor":36.0,"turns":4.0},{"damage":0.0,"enemies":"conspire:MimicChest","floor":37.0,"turns":3.0},{"damage":7,"enemies":"3 Shapes","floor":39,"turns":6},{"damage":4,"enemies":"3 Darklings","floor":44,"turns":3},{"damage":9,"enemies":"Spire Growth","floor":46,"turns":3},{"damage":3,"enemies":"Writhing Mass","floor":47,"turns":6},{"damage":8,"enemies":"Maw","floor":48,"turns":3},{"damage":45,"enemies":"infinitespire:MassOfShapes","floor":50,"turns":10}],"seed_played":"-3303946219000459575","potions_obtained":[{"floor":1.0,"key":"BlessingOfTheForge"},{"floor":7.0,"key":"SmokeBomb"},{"floor":10.0,"key":"DistilledChaos"},{"floor":11.0,"key":"Strength Potion"},{"floor":16.0,"key":"Block Potion"},{"floor":20.0,"key":"SmokeBomb"},{"floor":27.0,"key":"Explosive Potion"},{"floor":31.0,"key":"AttackPotion"},{"floor":33.0,"key":"Flashbang"},{"floor":36.0,"key":"LifebloodPotion"},{"floor":39,"key":"FairyPotion"},{"floor":48,"key":"conspire:TimeTravelPotion"}],"is_trial":false,"path_per_floor":["M","?","M","?","$","R","E","R","T","?","E","R","M","E","R","B",null,"M","M","M","?","M","R","M","$","T","M","R","$","?","M","R","B",null,"M","?","?","$","M","R","?","R","T","M","R","M","M","M","R_BF","B",null],"character_chosen":"THE_SILENT","items_purchased":["Bronze Scales","ClockworkSouvenir","Blade Dance","Accuracy","Dagger Spray","Replay:Wax Seal"],"campfire_rested":3,"item_purchase_floors":[0,0,0,25,25,29],"current_hp_per_floor":[57,41,40,40,40,40,29,29,29,29,29,29,29,29,48,26,56,54,48,32,32,32,32,26,26,31,31,31,31,31,24,45,21,59,58,18,22,22,22,44,44,44,44,44,44,39,40,36,58,33],"gold":76,"neow_bonus":"","is_daily":false,"chose_seed":false,"campfire_upgraded":7,"win_rate":0.0,"timestamp":1611882268,"path_taken":["M","?","M","?","$","R","E","R","T","?","E","R","M","E","R","BOSS","M","?","M","?","M","R","M","$","T","M","R","?","?","?","R","BOSS","M","?","?","?","M","R","?","R","T","M","R","M","M","M","R_BF","BOSS"],"items_purchased_type":["Relic","Relic","Card","Card","Card","Relic"],"build_version":"2020-12-22","purchased_purges":3,"victory":true,"max_hp_per_floor":[66,66,66,66,66,66,66,66,66,66,66,66,66,66,66,66,66,66,66,66,66,66,66,66,66,71,71,71,71,71,71,71,71,71,71,71,71,71,74,74,74,74,74,74,74,74,74,74,74,74],"card_choices":[{"not_picked":["Flying Knee","Deadly Poison","Heel Hook"],"picked":"SKIP","floor":1.0},{"not_picked":["ReplayTheSpireMod:Haul","infinitespire:SevenWalls"],"picked":"infinitespire:TheBestDefense","floor":2.0},{"not_picked":["Dagger Throw","ReplayTheSpireMod:Tripwire","Flying Knee"],"picked":"SKIP","floor":3.0},{"not_picked":["Noxious Fumes","Sucker Punch"],"picked":"Hidden Blade","floor":7.0},{"not_picked":["Slice","Dagger Throw"],"picked":"Phantasmal Killer","floor":11.0},{"not_picked":["Dodge and Roll","Quick Slash","Choke"],"picked":"SKIP","floor":13.0},{"not_picked":["aspiration:Lunge","Blur"],"picked":"Infinite Blades","floor":14.0},{"not_picked":["Venomology","Malaise"],"picked":"Adrenaline","floor":16.0},{"not_picked":["Slice","Deadly Poison"],"picked":"Infinite Blades","floor":18.0},{"not_picked":["Eviscerate","Dagger Throw","Deadly Poison"],"picked":"SKIP","floor":19.0},{"not_picked":["Dagger Throw","Deadly Poison"],"picked":"Eviscerate","floor":19.0},{"not_picked":["Dagger Throw","Sucker Punch"],"picked":"ReplayTheSpireMod:Speed Training","floor":20.0},{"not_picked":["Sneak Up+1","Prepared","Expertise"],"picked":"SKIP","floor":24.0},{"not_picked":["ReplayTheSpireMod:Scrap Shanks","PiercingWail","Calculated Gamble"],"picked":"SKIP","floor":27.0},{"not_picked":["Dagger Throw","ReplayTheSpireMod:Scrap Shanks"],"picked":"conspire:PoisonWeapons","floor":31.0},{"not_picked":["Adrenaline","Malaise"],"picked":"A Thousand Cuts","floor":33.0},{"not_picked":["Massacre","Acrobatics","Searing Blow","Armaments"],"picked":"SKIP","floor":35.0},{"not_picked":["Cleave","Iron Wave","Sucker Punch"],"picked":"Cloak And Dagger","floor":36.0},{"not_picked":["Burning Pact","Quick Slash","Armaments"],"picked":"Spot Weakness+1","floor":39},{"not_picked":["Flying Knee","All Out Attack","Demon Form","Cloak And Dagger"],"picked":"SKIP","floor":44},{"not_picked":["Sucker Punch","Bane","Poisoned Stab"],"picked":"Leg Sweep","floor":46},{"not_picked":["Thunderclap","Armaments","Bane+1","Endless Agony"],"picked":"SKIP","floor":47},{"not_picked":["Wild Strike","Run Through","Bane"],"picked":"Double Tap","floor":48}],"player_experience":255022,"relics_obtained":[{"floor":7.0,"key":"Shuriken"},{"floor":9.0,"key":"Ancient Tea Set"},{"floor":11.0,"key":"ReplayTheSpireMod:TigerMarble"},{"floor":14.0,"key":"Happy Flower"},{"floor":26.0,"key":"Durian"},{"floor":36.0,"key":"Thread and Needle"},{"floor":43,"key":"ReplayFunnel"}],"event_choices":[{"damage_healed":0.0,"max_hp_gain":0.0,"max_hp_loss":0.0,"gold_gain":0.0,"event_name":"The Woman in Blue","player_choice":"Bought 1 Potion","floor":10.0,"gold_loss":0.0,"damage_taken":0.0},{"damage_healed":0.0,"max_hp_gain":0.0,"max_hp_loss":0.0,"gold_gain":0.0,"event_name":"Upgrade Shrine","player_choice":"Upgraded","floor":21.0,"gold_loss":0.0,"damage_taken":0.0,"cards_upgraded":["Adrenaline"]},{"damage_healed":0.0,"max_hp_gain":0.0,"max_hp_loss":0.0,"gold_gain":0.0,"event_name":"Accursed Blacksmith","player_choice":"Forge","floor":30.0,"gold_loss":0.0,"damage_taken":0.0,"cards_upgraded":["Neutralize"]},{"damage_healed":0.0,"max_hp_gain":0.0,"max_hp_loss":0.0,"gold_gain":0.0,"event_name":"Mysterious Sphere","player_choice":"Fight","floor":36.0,"gold_loss":0.0,"damage_taken":0.0},{"damage_healed":0,"gold_gain":0,"player_choice":"Paid","damage_taken":0,"relics_obtained":["Red Mask"],"max_hp_gain":0,"max_hp_loss":0,"event_name":"Tomb of Lord Red Mask","floor":41,"gold_loss":58}],"is_beta":false,"boss_relics":[{"not_picked":["ChewingGum","Replay:Wanted Poster"],"picked":"Fiend:Scarf"},{"not_picked":["Velvet Choker","aspiration:SecretTechniqueScroll"],"picked":"aspiration:IroncladSkillbook"}],"items_purged_floors":[5,25,38],"is_endless":false,"potions_floor_spawned":[1,7,11,16,20,22,27,31,33,36,37,39,48],"ascension_level":18}}