{"host":"gfxjwtol062e9znw","time":1611923683,"event":{"mods":["BaseMod","Colored Map","Minty Spire (QoL Compilation)"],"gold_per_floor":[117,128,128,143,161,161,192,211,211,211,242,242,256,272,272,368,368,387,387,387,387,171,201,201,126,149,149,177,190,221,231,231,330,330,340,265,265,265,74,74,91,91,114,164,178,178,198,218,218,218],"floor_reached":51,"language":"ENG","playtime":2924,"items_purged":["Defend_G"],"score":963,"play_id":"f758b233-0eb8-4bfa-98d4-ef1cf99d3256","local_time":"20210129233443","is_ascension_mode":true,"campfire_choices":[{"data":"Neutralize","floor":6,"key":"SMITH"},{"floor":10,"key":"REST"},{"floor":12,"key":"REST"},{"data":"Infinite Blades","floor":15,"key":"SMITH"},{"floor":24,"key":"REST"},{"floor":27,"key":"REST"},{"data":"Wraith Form v2","floor":32,"key":"SMITH"},{"data":"Burst","floor":40,"key":"SMITH"},{"data":"Trip","floor":42,"key":"SMITH"},{"data":"Accuracy","floor":46,"key":"SMITH"},{"data":"Storm of Steel","floor":49,"key":"SMITH"}],"circlet_count":0,"master_deck":["Strike_G","Strike_G","Strike_G","Strike_G","Strike_G","Defend_G","Defend_G","Defend_G","Survivor","Glass Knife+1","Quick Slash","Accuracy","Acrobatics","Escape Plan","Infinite Blades+1","Backflip","Accuracy+1","Burst+1","Endless Agony","Trip+1","Neutralize","Finisher","Blade Dance","Blade Dance","Storm of Steel+1","Wraith Form v2+1","Cloak And Dagger+1","Accuracy","Escape Plan","Corpse Explosion","Calculated Gamble"],"relics":["Ring of the Snake","Mummified Hand","Juzu Bracelet","Centennial Puzzle","WristBlade","Matryoshka","Toolbox","Oddly Smooth Stone","Lantern","Pen Nib","Red Mask","Vajra","Philosopher\u0027s Stone","Omamori","Potion Belt","The Specimen"],"acts_visited":["Exordium","TheCity","TheBeyond"],"potions_floor_usage":[7,7,8,11,16,18,23,33,47,50,50],"damage_taken":[{"damage":0,"enemies":"Small Slimes","floor":1,"turns":3},{"damage":0,"enemies":"Cultist","floor":2,"turns":3},{"damage":4,"enemies":"Jaw Worm","floor":4,"turns":2},{"damage":0,"enemies":"2 Fungi Beasts","floor":5,"turns":4},{"damage":22,"enemies":"3 Sentries","floor":7,"turns":8},{"damage":12,"enemies":"Gremlin Gang","floor":8,"turns":3},{"damage":4,"enemies":"Gremlin Nob","floor":11,"turns":3},{"damage":0,"enemies":"3 Louse","floor":13,"turns":3},{"damage":4,"enemies":"2 Fungi Beasts","floor":14,"turns":3},{"damage":28,"enemies":"Slime Boss","floor":16,"turns":8},{"damage":9,"enemies":"2 Thieves","floor":18,"turns":4},{"damage":21,"enemies":"Book of Stabbing","floor":23,"turns":5},{"damage":0,"enemies":"Masked Bandits","floor":28,"turns":1},{"damage":0,"enemies":"Spheric Guardian","floor":29,"turns":2},{"damage":0,"enemies":"Gremlin Leader","floor":30,"turns":4},{"damage":0,"enemies":"3 Cultists","floor":31,"turns":2},{"damage":22,"enemies":"Collector","floor":33,"turns":5},{"damage":0,"enemies":"Orb Walker","floor":35,"turns":1},{"damage":0,"enemies":"3 Darklings","floor":41,"turns":2},{"damage":0,"enemies":"Mind Bloom Boss Battle","floor":44,"turns":2},{"damage":0,"enemies":"Jaw Worm Horde","floor":45,"turns":2},{"damage":0,"enemies":"Maw","floor":47,"turns":2},{"damage":2,"enemies":"Spire Growth","floor":48,"turns":3},{"damage":2,"enemies":"Donu and Deca","floor":50,"turns":4}],"seed_played":"-2432172333451517680","potions_obtained":[{"floor":2,"key":"Explosive Potion"},{"floor":5,"key":"SpeedPotion"},{"floor":7,"key":"ColorlessPotion"},{"floor":8,"key":"FearPotion"},{"floor":13,"key":"ColorlessPotion"},{"floor":14,"key":"Swift Potion"},{"floor":16,"key":"Fire Potion"},{"floor":23,"key":"CultistPotion"},{"floor":30,"key":"Poison Potion"},{"floor":31,"key":"FairyPotion"},{"floor":47,"key":"ColorlessPotion"}],"is_trial":false,"path_per_floor":["M","M","?","M","M","R","E","M","T","R","E","R","M","M","R","B",null,"M","?","?","?","$","E","R","?","T","R","?","M","E","M","R","B",null,"M","$","?","?","$","R","M","R","T","?","M","R","M","M","R","B",null],"character_chosen":"THE_SILENT","items_purchased":["Finisher","Toolbox","Accuracy","LiquidMemories","Escape Plan"],"campfire_rested":4,"item_purchase_floors":[22,22,39,39,39],"current_hp_per_floor":[63,63,63,59,59,59,37,25,25,43,39,57,57,53,53,25,54,45,45,45,45,45,24,42,42,42,60,60,60,60,60,60,38,57,57,57,57,57,57,57,57,57,57,57,57,57,57,55,55,53],"gold":218,"neow_bonus":"THREE_RARE_CARDS","is_daily":false,"chose_seed":false,"campfire_upgraded":7,"win_rate":0.0,"timestamp":1611923683,"path_taken":["M","M","?","?","M","R","E","M","T","R","E","R","M","M","R","BOSS","M","?","?","?","$","E","R","?","T","R","?","M","E","M","R","BOSS","M","$","?","?","$","R","M","R","T","?","M","R","M","M","R","BOSS"],"items_purchased_type":["Card","Relic","Card","Potion","Card"],"build_version":"2020-12-22","purchased_purges":1,"victory":true,"max_hp_per_floor":[63,63,63,63,63,63,63,63,63,63,63,63,63,63,63,63,63,63,63,63,63,63,63,63,63,63,63,63,63,63,63,63,63,63,63,63,63,63,63,63,63,63,63,63,63,63,63,63,63,63],"card_choices":[{"not_picked":["Envenom","Venomology"],"picked":"Glass Knife","floor":0},{"not_picked":["Dagger Spray","Distraction"],"picked":"Quick Slash","floor":1},{"not_picked":["Masterful Stab","Infinite Blades"],"picked":"Accuracy","floor":2},{"not_picked":["Setup","Slice"],"picked":"Acrobatics","floor":4},{"not_picked":["Slice","Crippling Poison","Blur"],"picked":"SKIP","floor":5},{"not_picked":["Quick Slash","Acrobatics"],"picked":"Escape Plan","floor":7},{"not_picked":["Prepared","Dagger Throw"],"picked":"Infinite Blades","floor":8},{"not_picked":["Corpse Explosion","Acrobatics"],"picked":"Backflip","floor":11},{"not_picked":["Bane","Bouncing Flask"],"picked":"Accuracy","floor":13},{"not_picked":["Acrobatics","Dash","Flechettes"],"picked":"SKIP","floor":14},{"not_picked":["Tools of the Trade","Storm of Steel"],"picked":"Burst","floor":16},{"not_picked":["Eviscerate","Dodge and Roll"],"picked":"Endless Agony","floor":18},{"not_picked":["Dodge and Roll","Slice"],"picked":"Blade Dance","floor":23},{"not_picked":["Deflect","Catalyst"],"picked":"Blade Dance","floor":28},{"not_picked":["Poisoned Stab","Dagger Spray"],"picked":"Storm of Steel","floor":29},{"not_picked":["Well Laid Plans","Sucker Punch"],"picked":"Wraith Form v2","floor":30},{"not_picked":["Deadly Poison+1","Heel Hook"],"picked":"Cloak And Dagger+1","floor":31},{"not_picked":["Underhanded Strike","Bane","Quick Slash+1"],"picked":"SKIP","floor":35},{"not_picked":["Cloak And Dagger+1","Bane","Deadly Poison+1"],"picked":"SKIP","floor":41},{"not_picked":["Leg Sweep+1","Flying Knee+1"],"picked":"Corpse Explosion","floor":45},{"not_picked":["Acrobatics+1","Dagger Throw+1","Dagger Spray+1"],"picked":"SKIP","floor":47},{"not_picked":["Masterful Stab","Dagger Throw+1"],"picked":"Calculated Gamble","floor":48}],"player_experience":30340,"relics_obtained":[{"floor":7,"key":"Mummified Hand"},{"floor":9,"key":"Juzu Bracelet"},{"floor":11,"key":"Centennial Puzzle"},{"floor":23,"key":"Oddly Smooth Stone"},{"floor":26,"key":"Lantern"},{"floor":26,"key":"Pen Nib"},{"floor":28,"key":"Red Mask"},{"floor":30,"key":"Vajra"},{"floor":43,"key":"Omamori"},{"floor":43,"key":"Potion Belt"},{"floor":44,"key":"The Specimen"}],"event_choices":[{"damage_healed":0,"gold_gain":0,"player_choice":"Upgraded","damage_taken":0,"max_hp_gain":0,"max_hp_loss":0,"event_name":"Upgrade Shrine","floor":3,"gold_loss":0,"cards_upgraded":["Glass Knife"]},{"damage_healed":0,"gold_gain":0,"player_choice":"Ignored","damage_taken":0,"max_hp_gain":0,"max_hp_loss":0,"event_name":"Ghosts","floor":19,"gold_loss":0},{"damage_healed":0,"gold_gain":0,"player_choice":"Opened","damage_taken":0,"relics_obtained":["Matryoshka"],"max_hp_gain":0,"max_hp_loss":0,"event_name":"The Mausoleum","floor":20,"gold_loss":0},{"damage_healed":0,"gold_gain":0,"player_choice":"2 cards matched","damage_taken":0,"max_hp_gain":0,"max_hp_loss":0,"event_name":"Match and Keep!","floor":21,"gold_loss":0,"cards_obtained":["Trip","Neutralize"]},{"damage_healed":0,"gold_gain":0,"player_choice":"2 cards matched","damage_taken":0,"max_hp_gain":0,"max_hp_loss":0,"event_name":"Match and Keep!","floor":21,"gold_loss":0,"cards_obtained":["Trip","Neutralize"]},{"cards_removed":["Defend_G"],"damage_healed":0,"gold_gain":0,"player_choice":"Gave Gold","damage_taken":0,"max_hp_gain":0,"max_hp_loss":0,"event_name":"Beggar","floor":25,"gold_loss":75},{"damage_healed":0,"gold_gain":0,"player_choice":"Fought Bandits","damage_taken":0,"max_hp_gain":0,"max_hp_loss":0,"event_name":"Masked Bandits","floor":28,"gold_loss":0},{"cards_removed":["Neutralize"],"damage_healed":0,"gold_gain":0,"player_choice":"Removed Attack","damage_taken":0,"max_hp_gain":0,"max_hp_loss":0,"event_name":"Falling","floor":37,"gold_loss":0},{"damage_healed":0,"gold_gain":0,"player_choice":"Memory 1","damage_taken":0,"max_hp_gain":0,"max_hp_loss":0,"event_name":"SensoryStone","floor":38,"gold_loss":0},{"damage_healed":0,"gold_gain":0,"player_choice":"Fight","damage_taken":0,"max_hp_gain":0,"max_hp_loss":0,"event_name":"MindBloom","floor":44,"gold_loss":0}],"is_beta":false,"boss_relics":[{"not_picked":["Busted Crown","Snecko Eye"],"picked":"WristBlade"},{"not_picked":["Tiny House","Empty Cage"],"picked":"Philosopher\u0027s Stone"}],"items_purged_floors":[36],"is_endless":false,"potions_floor_spawned":[2,5,7,8,13,14,16,23,30,31,41,47],"ascension_level":7}}