{"host":"oigynbtg272c19pw","time":1611935563,"event":{"mods":["BaseMod","Colored Map","Minty Spire (QoL Compilation)","Relic Stats","Slay the Relics Exporter","StSLib"],"gold_per_floor":[119,137,137,155,155,155,80,109,109,109,109,120,134,151,151,151,151],"floor_reached":16,"playtime":703,"items_purged":["Decay"],"score":204,"play_id":"5a8af021-09e7-4b3d-b188-da68d5987122","local_time":"20210129165243","is_ascension_mode":true,"campfire_choices":[{"data":"Second Wind","floor":6.0,"key":"SMITH"},{"data":"Evolve","floor":15.0,"key":"SMITH"}],"circlet_count":0,"master_deck":["AscendersBane","Strike_R","Strike_R","Strike_R+1","Strike_R","Strike_R","Defend_R","Defend_R+1","Defend_R","Defend_R+1","Bash","Second Wind+1","Evolve+1","Headbutt","Reckless Charge+1","Armaments","Dark Embrace","Uppercut"],"relics":["Burning Blood","NeowsBlessing","War Paint","Omamori","Bag of Marbles"],"acts_visited":["Exordium"],"potions_floor_usage":[16],"damage_taken":[{"damage":0.0,"enemies":"Small Slimes","floor":1.0,"turns":1.0},{"damage":0.0,"enemies":"Cultist","floor":2.0,"turns":1.0},{"damage":0.0,"enemies":"Jaw Worm","floor":4.0,"turns":1.0},{"damage":35.0,"enemies":"3 Sentries","floor":8.0,"turns":11.0},{"damage":1.0,"enemies":"3 Louse","floor":12.0,"turns":4.0},{"damage":0.0,"enemies":"Looter","floor":13.0,"turns":3.0},{"damage":18.0,"enemies":"Large Slime","floor":14.0,"turns":6.0},{"damage":22,"enemies":"Slime Boss","floor":16,"turns":6}],"seed_played":"5514529079582493752","potions_obtained":[{"floor":1.0,"key":"Strength Potion"},{"floor":2.0,"key":"SpeedPotion"},{"floor":12.0,"key":"AttackPotion"}],"is_trial":false,"path_per_floor":["M","M","?","M","T","R","$","E","T","T","?","M","M","M","R","B"],"character_chosen":"IRONCLAD","items_purchased":[],"campfire_rested":0,"item_purchase_floors":[],"current_hp_per_floor":[74,75,75,75,75,75,75,46,46,46,23,28,34,22,22,0,0],"gold":151,"neow_bonus":"THREE_ENEMY_KILL","is_daily":false,"chose_seed":false,"campfire_upgraded":2,"win_rate":0.0,"timestamp":1611935563,"path_taken":["M","M","?","?","?","R","$","E","T","?","?","M","M","M","R","BOSS"],"items_purchased_type":[],"build_version":"2020-12-13","purchased_purges":1,"victory":false,"max_hp_per_floor":[75,75,75,75,75,75,75,75,75,75,75,75,75,75,75,75,75],"relic_stats":{"counters":[8,33],"War Paint":["Defend_R","Defend_R"],"obtain_stats":[{"NeowsBlessing":0,"Omamori":9,"Bag of Marbles":10,"War Paint":8,"Burning Blood":0},{"NeowsBlessing":0,"Omamori":4,"Bag of Marbles":4,"War Paint":4,"Burning Blood":0},{"NeowsBlessing":0,"Omamori":14,"Bag of Marbles":14,"War Paint":14,"Burning Blood":0}],"Burning Blood":31},"card_choices":[{"not_picked":["Clash","Heavy Blade"],"picked":"Second Wind","floor":1.0},{"not_picked":["Warcry","Armaments"],"picked":"Evolve","floor":2.0},{"not_picked":["Flex","Dual Wield"],"picked":"Headbutt","floor":4.0},{"not_picked":["Headbutt","Sever Soul"],"picked":"Reckless Charge","floor":8.0},{"not_picked":["Entrench","Headbutt"],"picked":"Armaments","floor":12.0},{"not_picked":["Inflame","True Grit"],"picked":"Dark Embrace","floor":13.0},{"not_picked":["Body Slam","Anger"],"picked":"Uppercut","floor":14.0}],"player_experience":1501724,"relics_obtained":[{"floor":8.0,"key":"War Paint"},{"floor":9.0,"key":"Omamori"},{"floor":10.0,"key":"Bag of Marbles"}],"event_choices":[{"damage_healed":0.0,"max_hp_gain":0.0,"max_hp_loss":0.0,"gold_gain":0.0,"event_name":"Wheel of Change","player_choice":"Cursed","floor":3.0,"gold_loss":0.0,"damage_taken":0.0,"cards_obtained":["Decay"]},{"damage_healed":0.0,"max_hp_gain":0.0,"max_hp_loss":0.0,"gold_gain":0.0,"event_name":"Shining Light","player_choice":"Entered Light","floor":11.0,"gold_loss":0.0,"damage_taken":23.0,"cards_upgraded":["Reckless Charge","Strike_R"]}],"is_beta":false,"boss_relics":[],"items_purged_floors":[7],"is_endless":false,"potions_floor_spawned":[1,2,12],"killed_by":"Slime Boss","ascension_level":20}}