{"host":"y7b1p9nkx4idorr2","time":1611895869,"event":{"mods":["AchievementEnabler","Act Like it!","BaseMod","Colored Map","Downfall","GifTheSpireLib","Googly Eyes","Highlight Path","Mimic Mod","Minty Spire (QoL Compilation)","Shop Mod","Spicy Shops","StSLib","Unceasing Turn Reminder"],"gold_per_floor":[99,109,109,125,300,333,371,385,405,431,454,498,525,537,560,572,572,572],"floor_reached":16,"language":"ENG","playtime":1159,"items_purged":[],"score":136,"play_id":"d44347ed-bea3-4b48-b481-6b65f712ec03","local_time":"20210128225109","is_ascension_mode":true,"campfire_choices":[{"data":"Guardian:TwinSlam","floor":1,"key":"SMITH"}],"circlet_count":0,"master_deck":["Guardian:Strike_Guardian+1","Guardian:Strike_Guardian","Guardian:Strike_Guardian","Guardian:Strike_Guardian","Guardian:Defend_Guardian","Guardian:Defend_Guardian","Guardian:Defend_Guardian+1","Guardian:Defend_Guardian","Guardian:CurlUp","Guardian:TwinSlam+1","Guardian:SentryBeam+1","Guardian:ArmoredProtocol","Doubt","Guardian:Planning","Guardian:ShieldCharger","Guardian:StasisStrike","Guardian:FuturePlans","Guardian:PiercingHide","Guardian:TimeCapacitor","Guardian:ChargeCore","Guardian:Gem_Yellow","Guardian:PolyBeam"],"relics":["Guardian:ModeShifter","CaptainsWheel","MawBank","Blood Vial"],"acts_visited":["Exordium"],"potions_floor_usage":[2,10,12,15,16,16],"damage_taken":[{"damage":2,"enemies":"Jaw Worm","floor":2,"turns":3},{"damage":0,"enemies":"2 Louse","floor":4,"turns":3},{"damage":15,"enemies":"Gremlin Nob","floor":6,"turns":5},{"damage":0,"enemies":"Cultist","floor":7,"turns":9},{"damage":0,"enemies":"Cultist","floor":8,"turns":5},{"damage":14,"enemies":"3 Louse","floor":9,"turns":4},{"damage":13,"enemies":"3 Sentries","floor":10,"turns":9},{"damage":1,"enemies":"2 Fungi Beasts","floor":11,"turns":4},{"damage":16,"enemies":"Gremlin Nob","floor":12,"turns":4},{"damage":7,"enemies":"Gremlin Gang","floor":13,"turns":6},{"damage":10,"enemies":"Exordium Thugs","floor":15,"turns":5},{"damage":18,"enemies":"WA_ARCHETYPE_RETAIN","floor":16,"turns":7}],"seed_played":"-5885583147660743696","potions_obtained":[{"floor":0,"key":"PowerPotion"},{"floor":0,"key":"SmokeBomb"},{"floor":0,"key":"Fire Potion"},{"floor":2,"key":"Guardian:AcceleratePotion"},{"floor":4,"key":"Dexterity Potion"},{"floor":10,"key":"FearPotion"},{"floor":12,"key":"GamblersBrew"},{"floor":13,"key":"hexamod:SoulburnPotion"}],"is_trial":false,"path_per_floor":["R","M","?","M","?","E","MIM","M","M","E","M","E","M","?","M","B"],"character_chosen":"GUARDIAN","items_purchased":[],"campfire_rested":0,"item_purchase_floors":[],"current_hp_per_floor":[80,78,78,78,78,63,63,63,49,36,35,19,14,14,6,0,0,0],"gold":572,"neow_bonus":"THREE_SMALL_POTIONS","is_daily":false,"chose_seed":false,"campfire_upgraded":1,"win_rate":0.0,"timestamp":1611895869,"path_taken":["R","M","?","M","?","E","MIM","?","M","E","M","E","M","?","M","BOSS"],"items_purchased_type":[],"build_version":"2020-12-22","purchased_purges":0,"victory":false,"max_hp_per_floor":[80,80,80,80,80,80,80,80,80,80,80,80,80,80,80,80,80,80],"card_choices":[{"not_picked":["Guardian:CrystalBeam","Guardian:RollAttack"],"picked":"Guardian:SentryBeam","floor":2},{"not_picked":["Guardian:Clone","Guardian:DecasProtection"],"picked":"Guardian:ArmoredProtocol","floor":4},{"not_picked":["Guardian:Gem_Blue","Guardian:DecasProtection"],"picked":"Guardian:Planning","floor":6},{"not_picked":["Guardian:SpikerProtocol","Guardian:PiercingHide"],"picked":"Guardian:ShieldCharger","floor":7},{"not_picked":["Guardian:BodySlam","Guardian:RollAttack"],"picked":"Guardian:StasisStrike","floor":8},{"not_picked":["Guardian:Gem_Blue","Guardian:Gem_Crimson"],"picked":"Guardian:FuturePlans","floor":9},{"not_picked":["Guardian:GemFinder","Guardian:Gem_Blue"],"picked":"Guardian:PiercingHide","floor":10},{"not_picked":["Guardian:Reroute","Guardian:TemporalShield"],"picked":"Guardian:TimeCapacitor","floor":11},{"not_picked":["Guardian:RollAttack","Guardian:Gem_Blue"],"picked":"Guardian:ChargeCore","floor":12},{"not_picked":["Guardian:Recover","Guardian:Suspension"],"picked":"Guardian:Gem_Yellow","floor":13},{"not_picked":["Guardian:DonusPower","Guardian:CrystalBeam"],"picked":"Guardian:PolyBeam","floor":15}],"player_experience":2212513,"relics_obtained":[{"floor":6,"key":"CaptainsWheel"},{"floor":10,"key":"MawBank"},{"floor":12,"key":"Blood Vial"}],"event_choices":[{"cards_removed":["downfall:Malfunctioning"],"damage_healed":0,"gold_gain":0,"player_choice":"Card Removal","damage_taken":0,"max_hp_gain":0,"max_hp_loss":0,"event_name":"The Cleric","floor":14,"gold_loss":0}],"is_beta":false,"boss_relics":[],"items_purged_floors":[],"is_endless":false,"potions_floor_spawned":[2,4,10,12,13],"killed_by":"WA_ARCHETYPE_RETAIN","ascension_level":2}}