{"host":"7r6bd5ce6zscnmwq","time":1611919765,"event":{"mods":["BaseMod","Block Reminder","Downfall","Minty Spire (QoL Compilation)","Quick Restart","StSLib"],"gold_per_floor":[99,110,210,229,240,240,240,240,240,140,290,290,282,305,328,437,437,437,456,76,76,100,100,127,120,139,172,72,85,103,128,154,154,154,154],"floor_reached":33,"language":"ENG","playtime":3889,"items_purged":["hexamod:Strike"],"score":259,"play_id":"1be0d5b6-4de9-4c2e-8365-ec056625f938","local_time":"20210129202925","is_ascension_mode":false,"campfire_choices":[{"data":"hexamod:Float","floor":1.0,"key":"SMITH"},{"data":"hexamod:GhostflameBarrier","floor":6.0,"key":"SMITH"},{"floor":8.0,"key":"RECALL"},{"data":"hexamod:RetreatToShadows","floor":10.0,"key":"SMITH"},{"data":"hexamod:Sear","floor":12.0,"key":"SMITH"},{"data":"hexamod:HexaLevel","floor":18.0,"key":"SMITH"},{"data":"1","floor":28.0,"key":"LIFT"}],"circlet_count":0,"master_deck":["hexamod:Strike","hexamod:Strike","hexamod:Strike","hexamod:Defend","hexamod:Defend","hexamod:Defend","hexamod:Sear+1","hexamod:Float+1","hexamod:FirstSeal","hexamod:RetreatToShadows+1","hexamod:GhostflameBarrier+1","hexamod:SecondSeal","hexamod:FourthSeal","hexamod:NecessarySacrifice+1","hexamod:GhostLash","hexamod:HexaLevel+1","hexamod:CatchUp+1","hexamod:PhantomFireball+1","hexamod:Haunt+1","hexamod:GhostShield","hexamod:FifthSeal","hexamod:StepThrough+1","hexamod:SixthSeal","hexamod:AdvancingGuard+1"],"relics":["hexamod:IceCube","Blue Candle","downfall:HeartBlessingRed","Empty Cage","Oddly Smooth Stone","Happy Flower","Girya","downfall:HeartBlessingBlue"],"acts_visited":["Exordium","TheCity"],"potions_floor_usage":[33,33],"damage_taken":[{"damage":1.0,"enemies":"Jaw Worm","floor":2.0,"turns":4.0},{"damage":0.0,"enemies":"Cultist","floor":4.0,"turns":4.0},{"damage":0.0,"enemies":"Small Slimes","floor":5.0,"turns":4.0},{"damage":10.0,"enemies":"2 Fungi Beasts","floor":14.0,"turns":4.0},{"damage":2.0,"enemies":"Exordium Wildlife","floor":15.0,"turns":4.0},{"damage":28.0,"enemies":"DF_ARCHETYPE_STREAMLINE","floor":16.0,"turns":10.0},{"damage":9.0,"enemies":"Spheric Guardian","floor":19.0,"turns":4.0},{"damage":3.0,"enemies":"downfall:FleeingMerchant","floor":20.0,"turns":4.0},{"damage":4.0,"enemies":"3 Byrds","floor":22.0,"turns":3.0},{"damage":0.0,"enemies":"downfall:FleeingMerchant","floor":25.0,"turns":4.0},{"damage":6.0,"enemies":"Snake Plant","floor":26.0,"turns":4.0},{"damage":47.0,"enemies":"Gremlin Leader","floor":27.0,"turns":5.0},{"damage":10.0,"enemies":"Centurion and Healer","floor":29.0,"turns":6.0},{"damage":27.0,"enemies":"Cultist and Chosen","floor":30.0,"turns":7.0},{"damage":4.0,"enemies":"Snecko","floor":31.0,"turns":6.0},{"damage":5.0,"enemies":"Centurion and Healer","floor":32.0,"turns":7.0},{"damage":23,"enemies":"IC_MUSHROOM_ARCHETYPE","floor":33,"turns":4}],"seed_played":"7151251679047324538","potions_obtained":[{"floor":5.0,"key":"GamblersBrew"},{"floor":14.0,"key":"CultistPotion"},{"floor":15.0,"key":"Dexterity Potion"},{"floor":16.0,"key":"FearPotion"},{"floor":16.0,"key":"ColorlessPotion"},{"floor":19.0,"key":"LiquidBronze"},{"floor":20.0,"key":"Fire Potion"},{"floor":22.0,"key":"Explosive Potion"},{"floor":25.0,"key":"PowerPotion"},{"floor":26.0,"key":"hexamod:DoubleChargePotion"},{"floor":29.0,"key":"ColorlessPotion"},{"floor":29.0,"key":"SpeedPotion"},{"floor":30.0,"key":"hexamod:InfernoChargePotion"},{"floor":31.0,"key":"champ:CounterPotion"},{"floor":31.0,"key":"hexamod:EctoCoolerPotion"},{"floor":32.0,"key":"BlessingOfTheForge"}],"is_trial":false,"path_per_floor":["R","M","?","M","M","R","T","R","?","R","?","R","?","M","M","B",null,"R","M","$","?","M","?","T","$","M","E","R","M","M","M","M","B"],"character_chosen":"THE_SPIRIT","items_purchased":["Oddly Smooth Stone","Happy Flower"],"campfire_rested":0,"item_purchase_floors":[20,20],"current_hp_per_floor":[70,69,69,70,70,70,70,70,70,70,70,70,70,67,70,42,70,70,68,70,70,70,62,62,69,70,30,40,37,17,20,15,0,0,0],"gold":154,"neow_bonus":"BOSS_RELIC","is_daily":false,"chose_seed":false,"campfire_upgraded":5,"win_rate":0.0,"timestamp":1611919765,"path_taken":["R","M","?","?","M","R","T","R","?","R","?","R","?","M","M","BOSS","R","M","$","?","M","?","T","$","M","E","R","?","M","M","M","BOSS"],"items_purchased_type":["Relic","Relic"],"build_version":"2020-12-22","purchased_purges":1,"victory":false,"max_hp_per_floor":[70,70,70,70,70,70,70,70,70,70,70,70,70,70,70,70,70,70,70,70,70,70,70,70,70,70,70,80,80,80,80,80,80,80,80],"card_choices":[{"not_picked":["hexamod:GhostLash","hexamod:AdvancingGuard"],"picked":"hexamod:FirstSeal","floor":2.0},{"not_picked":["hexamod:SkipABeat","hexamod:RecurringNightmare"],"picked":"hexamod:RetreatToShadows","floor":4.0},{"not_picked":["hexamod:SpectralAdrenaline","hexamod:SoulSteal"],"picked":"hexamod:GhostflameBarrier","floor":5.0},{"not_picked":["hexamod:HeatMetal","hexamod:RainOfEmbers"],"picked":"hexamod:NecessarySacrifice","floor":14.0},{"not_picked":["hexamod:Firestarter","hexamod:GhostShield"],"picked":"hexamod:GhostLash","floor":15.0},{"not_picked":["hexamod:TimeWarp","hexamod:SearingWound"],"picked":"hexamod:HexaLevel","floor":16.0},{"not_picked":["hexamod:HeatMetal","hexamod:Firestarter"],"picked":"hexamod:CatchUp+1","floor":19.0},{"not_picked":["hexamod:ThermalTransfer+1","hexamod:BurningTouch"],"picked":"hexamod:PhantomFireball+1","floor":20.0},{"not_picked":["hexamod:HeatMetal","hexamod:GhostShield"],"picked":"hexamod:Haunt","floor":22.0},{"not_picked":["hexamod:Again","hexamod:FastForward+1"],"picked":"hexamod:GhostShield","floor":25.0},{"not_picked":["hexamod:Hexaguard","hexamod:Again"],"picked":"hexamod:FifthSeal","floor":26.0},{"not_picked":["hexamod:InspiringFlames","hexamod:Firestarter","hexamod:SwordOfDarkness"],"picked":"SKIP","floor":27.0},{"not_picked":["hexamod:CatchUp","hexamod:ChargedBarrage"],"picked":"hexamod:StepThrough+1","floor":29.0},{"not_picked":["hexamod:BacktrackSmack+1","hexamod:HeatMetal","hexamod:FourthSeal"],"picked":"SKIP","floor":30.0},{"not_picked":["hexamod:BacktrackSmack","hexamod:SwordOfDarkness","hexamod:BurningTouch"],"picked":"SKIP","floor":31.0},{"not_picked":["hexamod:FourthSeal","hexamod:FirstSeal"],"picked":"hexamod:SixthSeal","floor":32.0},{"not_picked":["hexamod:SpectersWail","hexamod:InspiringFlames"],"picked":"hexamod:AdvancingGuard+1","floor":32.0}],"player_experience":638912,"relics_obtained":[{"floor":7.0,"key":"Blue Candle"},{"floor":27.0,"key":"Girya"}],"event_choices":[],"is_beta":false,"boss_relics":[{"not_picked":["SlaversCollar","bronze:MakeshiftBattery"],"picked":"Empty Cage"}],"items_purged_floors":[20],"is_endless":false,"potions_floor_spawned":[5,16,26,29,31,32],"killed_by":"IC_MUSHROOM_ARCHETYPE","ascension_level":0}}