{"host":"4nqeo0vu1vuav7gg","time":1611942838,"event":{"mods":["AchievementEnabler","BaseMod","Block Reminder","Colored Map","Colored Powertips","Highlight Path","Minty Spire (QoL Compilation)","Quick Restart","Rare Cards Sparkle","Relic Relevance Reorder","StSLib"],"gold_per_floor":[115,115,115,134,134,134,172,322,347,347,347,60,101,121,121,216,216,232,147,147,3,3,3,28,28,28,28,71,71,71,90,90,188,188,212,212,225,225,225,225,250,291,291,310,310,310],"floor_reached":45,"language":"ENG","playtime":1714,"items_purged":["Doubt","Injury"],"score":956,"play_id":"03762bb3-d4c4-426f-ac46-74ec03a4add1","local_time":"20210129185358","is_ascension_mode":true,"campfire_choices":[{"data":"Zap","floor":6.0,"key":"SMITH"},{"data":"Gash","floor":10.0,"key":"SMITH"},{"data":"Multi-Cast","floor":15.0,"key":"SMITH"},{"floor":23.0,"key":"REST"},{"data":"Defragment","floor":25.0,"key":"SMITH"},{"data":"Gash","floor":27.0,"key":"SMITH"},{"data":"Tempest","floor":30.0,"key":"SMITH"},{"floor":32.0,"key":"REST"},{"floor":40.0,"key":"REST"}],"circlet_count":0,"master_deck":["AscendersBane","Strike_B","Strike_B","Defend_B","Defend_B","Defend_B","Zap+1","Dualcast","Gash+1","Ball Lightning","Reboot","Tempest+1","Multi-Cast+1","Ball Lightning","Electrodynamics","Gash+1","Go for the Eyes","Fusion","Defragment+1","BootSequence","Hologram","Undo","Fission","Cold Snap","Writhe","Consume","Dramatic Entrance","Darkness","Loop"],"relics":["Cracked Core","Mummified Hand","Emotion Chip","Happy Flower","Inserter","Ginger","NeowsBlessing","Vajra","Bottled Lightning","Snecko Eye","Ancient Tea Set","Regal Pillow","Eternal Feather","Golden Idol","MealTicket"],"acts_visited":["Exordium","TheCity","TheBeyond"],"potions_floor_usage":[45],"damage_taken":[{"damage":0.0,"enemies":"2 Louse","floor":1.0,"turns":1.0},{"damage":0.0,"enemies":"Jaw Worm","floor":4.0,"turns":1.0},{"damage":0.0,"enemies":"Gremlin Nob","floor":7.0,"turns":1.0},{"damage":18.0,"enemies":"3 Sentries","floor":13.0,"turns":5.0},{"damage":0.0,"enemies":"Small Slimes","floor":14.0,"turns":2.0},{"damage":49.0,"enemies":"Slime Boss","floor":16.0,"turns":8.0},{"damage":34.0,"enemies":"Shell Parasite","floor":18.0,"turns":4.0},{"damage":2.0,"enemies":"3 Byrds","floor":24.0,"turns":2.0},{"damage":29.0,"enemies":"Book of Stabbing","floor":28.0,"turns":4.0},{"damage":10.0,"enemies":"Centurion and Healer","floor":31.0,"turns":3.0},{"damage":67.0,"enemies":"Automaton","floor":33.0,"turns":7.0},{"damage":19.0,"enemies":"3 Shapes","floor":35.0,"turns":5.0},{"damage":26.0,"enemies":"3 Darklings","floor":37.0,"turns":4.0},{"damage":18.0,"enemies":"Maw","floor":41.0,"turns":6.0},{"damage":67.0,"enemies":"Reptomancer","floor":42.0,"turns":4.0},{"damage":15.0,"enemies":"4 Shapes","floor":44.0,"turns":3.0},{"damage":20,"enemies":"Writhing Mass","floor":45,"turns":3}],"seed_played":"-5783533647122377147","potions_obtained":[{"floor":4.0,"key":"ColorlessPotion"},{"floor":7.0,"key":"Block Potion"},{"floor":16.0,"key":"Ancient Potion"},{"floor":18.0,"key":"Explosive Potion"},{"floor":33.0,"key":"SpeedPotion"},{"floor":39.0,"key":"FairyPotion"},{"floor":39.0,"key":"GamblersBrew"},{"floor":41.0,"key":"GamblersBrew"},{"floor":44.0,"key":"DistilledChaos"}],"is_trial":false,"path_per_floor":["M","?","?","M","?","R","E","?","T","R","?","$","E","M","R","B",null,"M","?","?","$","?","R","M","R","T","R","E","?","R","M","R","B",null,"M","?","M","?","?","R","M","E","T","M","M"],"character_chosen":"DEFECT","items_purchased":["Regal Pillow","Tempest","Defragment"],"campfire_rested":3,"item_purchase_floors":[12,12,21],"current_hp_per_floor":[64,57,39,39,39,39,39,39,39,39,62,71,53,53,53,4,54,20,20,20,35,35,71,69,69,69,69,40,34,46,36,71,4,54,35,49,23,23,23,71,53,21,21,6,0,0],"gold":310,"neow_bonus":"THREE_ENEMY_KILL","is_daily":false,"chose_seed":false,"campfire_upgraded":6,"win_rate":0.0,"timestamp":1611942838,"path_taken":["M","?","?","M","?","R","E","?","T","R","?","$","E","M","R","BOSS","M","?","?","?","?","R","M","R","T","R","E","?","R","M","R","BOSS","M","?","M","?","?","R","M","E","T","M","M"],"items_purchased_type":["Relic","Card","Card"],"build_version":"2020-12-22","purchased_purges":2,"victory":false,"max_hp_per_floor":[71,71,71,71,71,71,71,71,71,71,71,71,71,71,71,71,71,71,71,71,71,71,71,71,71,71,71,71,71,71,71,71,71,71,71,71,71,71,71,71,71,71,71,71,71,71],"card_choices":[{"not_picked":["Redo","Double Energy"],"picked":"Gash","floor":1.0},{"not_picked":["Hologram","Steam"],"picked":"Ball Lightning","floor":4.0},{"not_picked":["Heatsinks","Reinforced Body"],"picked":"Reboot","floor":7.0},{"not_picked":["Storm","Redo"],"picked":"Multi-Cast","floor":13.0},{"not_picked":["BootSequence","Turbo"],"picked":"Ball Lightning","floor":14.0},{"not_picked":["Reboot","Multi-Cast"],"picked":"Electrodynamics","floor":16.0},{"not_picked":["Stack","Aggregate"],"picked":"Gash","floor":18.0},{"not_picked":["Sweeping Beam","Reinforced Body"],"picked":"BootSequence","floor":24.0},{"not_picked":["Redo","Compile Driver"],"picked":"Hologram","floor":28.0},{"not_picked":["Consume+1","Conserve Battery"],"picked":"Undo","floor":31.0},{"not_picked":["All For One","Reboot"],"picked":"Fission","floor":33.0},{"not_picked":["Go for the Eyes+1","BootSequence"],"picked":"Cold Snap","floor":35.0},{"not_picked":["Beam Cell","Hologram"],"picked":"Consume","floor":37.0},{"not_picked":["Trip","Good Instincts"],"picked":"Dramatic Entrance","floor":38.0},{"not_picked":["Coolheaded","Sweeping Beam"],"picked":"Darkness","floor":41.0},{"not_picked":["Core Surge","Hologram+1","Doom and Gloom"],"picked":"SKIP","floor":42.0},{"not_picked":["Auto Shields","Steam"],"picked":"Loop","floor":44.0}],"player_experience":1085136,"relics_obtained":[{"floor":7.0,"key":"Ancient Tea Set"},{"floor":9.0,"key":"MealTicket"},{"floor":13.0,"key":"Happy Flower"},{"floor":26.0,"key":"Mummified Hand"},{"floor":28.0,"key":"Eternal Feather"},{"floor":42.0,"key":"Ginger"},{"floor":43.0,"key":"Bottled Lightning"}],"event_choices":[{"cards_removed":["Strike_B"],"damage_healed":0.0,"max_hp_gain":0.0,"max_hp_loss":0.0,"gold_gain":0.0,"event_name":"Golden Wing","player_choice":"Card Removal","floor":2.0,"gold_loss":0.0,"damage_taken":7.0},{"damage_healed":0.0,"max_hp_gain":0.0,"max_hp_loss":0.0,"gold_gain":0.0,"event_name":"Scrap Ooze","player_choice":"Success","floor":3.0,"gold_loss":0.0,"damage_taken":18.0,"relics_obtained":["Emotion Chip"]},{"damage_healed":0.0,"max_hp_gain":0.0,"max_hp_loss":0.0,"gold_gain":0.0,"event_name":"Golden Idol","player_choice":"Take Wound","floor":5.0,"gold_loss":0.0,"damage_taken":0.0,"relics_obtained":["Golden Idol"],"cards_obtained":["Injury"]},{"damage_healed":0.0,"max_hp_gain":0.0,"max_hp_loss":0.0,"gold_gain":150.0,"event_name":"Liars Game","player_choice":"AGREE","floor":8.0,"gold_loss":0.0,"damage_taken":0.0,"cards_obtained":["Doubt"]},{"damage_healed":23.0,"max_hp_gain":0.0,"max_hp_loss":0.0,"gold_gain":0.0,"event_name":"Big Fish","player_choice":"Banana","floor":11.0,"gold_loss":0.0,"damage_taken":0.0},{"damage_healed":0.0,"max_hp_gain":0.0,"max_hp_loss":0.0,"gold_gain":0.0,"event_name":"Addict","player_choice":"Obtained Relic","floor":19.0,"gold_loss":85.0,"damage_taken":0.0,"relics_obtained":["Vajra"]},{"damage_healed":0.0,"max_hp_gain":0.0,"max_hp_loss":0.0,"gold_gain":0.0,"cards_transformed":["Strike_B","Defend_B"],"event_name":"Drug Dealer","player_choice":"Became Test Subject","floor":20.0,"gold_loss":0.0,"damage_taken":0.0,"cards_obtained":["Go for the Eyes","Fusion"]},{"damage_healed":0.0,"max_hp_gain":0.0,"max_hp_loss":0.0,"gold_gain":0.0,"event_name":"Cursed Tome","player_choice":"Ignored","floor":22.0,"gold_loss":0.0,"damage_taken":0.0},{"damage_healed":0.0,"max_hp_gain":0.0,"max_hp_loss":0.0,"gold_gain":0.0,"event_name":"Knowing Skull","player_choice":"","floor":29.0,"potions_obtained":[],"gold_loss":0.0,"damage_taken":6.0,"cards_obtained":[]},{"damage_healed":14.0,"max_hp_gain":0.0,"max_hp_loss":0.0,"gold_gain":0.0,"event_name":"Winding Halls","player_choice":"Writhe","floor":36.0,"gold_loss":0.0,"damage_taken":0.0,"cards_obtained":["Writhe"]},{"damage_healed":0.0,"max_hp_gain":0.0,"max_hp_loss":0.0,"gold_gain":0.0,"event_name":"SensoryStone","player_choice":"Memory 1","floor":38.0,"gold_loss":0.0,"damage_taken":0.0},{"damage_healed":0.0,"max_hp_gain":0.0,"max_hp_loss":0.0,"gold_gain":0.0,"event_name":"Lab","player_choice":"Got Potions","floor":39.0,"gold_loss":0.0,"damage_taken":0.0}],"is_beta":false,"boss_relics":[{"not_picked":["Velvet Choker","SacredBark"],"picked":"Snecko Eye"},{"not_picked":["Busted Crown","Calling Bell"],"picked":"Inserter"}],"items_purged_floors":[12,21],"is_endless":false,"potions_floor_spawned":[4,7,16,18,28,33,41,44],"killed_by":"Writhing Mass","ascension_level":19}}