{"host":"i391n33tccqevi90","time":1611952109,"event":{"mods":["2.2 Compatiblity","AchievementEnabler","AlwaysNeverKeys","BaseMod","Better Third Choice","Conspire","Emptier Cage","Filter the Spire","Good Game Mod","Grow up Mod","Hero for Fun","Minty Spire (QoL Compilation)","Remove Card Discount Mod","Spicy Shops","StSLib"],"gold_per_floor":[118,131,149,172,188,213,213,248,248,201,17,17,52,111,111,210,210,221,221,221,40,57,57,76,108,108,120,140,170,15,15,15,120,120,137,46,96,96,122,154,154,186,212,225,225,250,281,40,40,40,40,40,2,29,29],"floor_reached":56,"language":"ENG","playtime":8998,"items_purged":["Strike_R","Parasite","Thunderclap","Flame Barrier","Bandage Up+1","Pummel"],"score":1391,"play_id":"501f3354-15e2-4d55-ba76-d4503c60acd5","local_time":"20210129142829","is_ascension_mode":false,"campfire_choices":[{"data":"Clothesline","floor":7,"key":"SMITH"},{"data":"Iron Wave","floor":12,"key":"SMITH"},{"data":"Armaments","floor":15,"key":"SMITH"},{"data":"Bash","floor":23,"key":"SMITH"},{"data":"Headbutt","floor":32,"key":"SMITH"},{"data":"Perfected Strike","floor":41,"key":"SMITH"},{"floor":45,"key":"REST"},{"data":"Shrug It Off","floor":49,"key":"SMITH"},{"data":"Strike_R","floor":52,"key":"SMITH"}],"circlet_count":0,"master_deck":["Strike_R","Strike_R","Strike_R","Strike_R","Defend_R","Defend_R","Defend_R","Bash+1","Iron Wave+1","Headbutt+1","Clothesline+1","Strike_R+1","Flex+1","Armaments+1","Shrug It Off+1","Clothesline+1","Perfected Strike+1","Perfected Strike+1","Clash+1","Pommel Strike+1"],"relics":["Burning Blood","REME:ComplimentaryCards","conspire:TopHat","Boot","Smiling Mask","Champion Belt","Juzu Bracelet","betterThird:SlimedRelic","Red Skull","Singing Bowl","conspire:SlowCooker","Membership Card","CeramicFish","Toxic Egg 2","Regal Pillow","Self Forming Clay","Toolbox","conspire:SpecialSausage","Brimstone","Lizard Tail","conspire:Flyswatter","Potion Belt","Orichalcum","Ancient Tea Set","Lee\u0027s Waffle","Letter Opener","Sling","Bag of Preparation"],"acts_visited":["Exordium","TheCity","TheBeyond","TheEnding"],"potions_floor_usage":[8,13,25,29,42,55,55,55,55,55],"damage_taken":[{"damage":6,"enemies":"Cultist","floor":1,"turns":3},{"damage":8,"enemies":"Small Slimes","floor":2,"turns":3},{"damage":11,"enemies":"Jaw Worm","floor":3,"turns":2},{"damage":40,"enemies":"Exordium Thugs","floor":5,"turns":4},{"damage":39,"enemies":"3 Sentries","floor":6,"turns":9},{"damage":14,"enemies":"Gremlin Nob","floor":8,"turns":3},{"damage":14,"enemies":"Lagavulin","floor":13,"turns":5},{"damage":45,"enemies":"Slime Boss","floor":16,"turns":9},{"damage":15,"enemies":"Spheric Guardian","floor":18,"turns":6},{"damage":3,"enemies":"Chosen","floor":22,"turns":5},{"damage":0,"enemies":"Snecko","floor":24,"turns":5},{"damage":12,"enemies":"Gremlin Leader","floor":25,"turns":7},{"damage":7,"enemies":"Snake Plant","floor":27,"turns":5},{"damage":16,"enemies":"Centurion and Healer","floor":28,"turns":7},{"damage":41,"enemies":"Slavers","floor":29,"turns":7},{"damage":154,"enemies":"Collector","floor":33,"turns":11},{"damage":10,"enemies":"Orb Walker","floor":35,"turns":3},{"damage":27,"enemies":"Mind Bloom Boss Battle","floor":37,"turns":6},{"damage":35,"enemies":"3 Shapes","floor":39,"turns":4},{"damage":55,"enemies":"Giant Head","floor":40,"turns":7},{"damage":117,"enemies":"Reptomancer","floor":42,"turns":4},{"damage":26,"enemies":"Sphere and 2 Shapes","floor":44,"turns":4},{"damage":21,"enemies":"Jaw Worm Horde","floor":46,"turns":4},{"damage":37,"enemies":"Nemesis","floor":47,"turns":7},{"damage":121,"enemies":"Donu and Deca","floor":50,"turns":9},{"damage":111,"enemies":"Shield and Spear","floor":54,"turns":8},{"damage":169,"enemies":"The Heart","floor":55,"turns":9}],"seed_played":"5504708570225882326","potions_obtained":[{"floor":1,"key":"DuplicationPotion"},{"floor":2,"key":"BloodPotion"},{"floor":6,"key":"AttackPotion"},{"floor":8,"key":"Block Potion"},{"floor":24,"key":"Strength Potion"},{"floor":25,"key":"GamblersBrew"},{"floor":33,"key":"LiquidBronze"},{"floor":37,"key":"Ancient Potion"},{"floor":44,"key":"LiquidBronze"}],"is_trial":false,"path_per_floor":["M","M","M","T","M","E","R","E","T","?","$","R","E","?","R","B",null,"M","?","?","$","M","R","M","E","T","M","M","E","$","?","R","B",null,"M","$","?","?","M","E","R","E","T","M","R","M","E","$","R","B",null,"R","$","E","B",null],"character_chosen":"IRONCLAD","items_purchased":["Red Skull","Flex","Membership Card","Shrug It Off","Self Forming Clay","Toolbox","Bandage Up+1","Brimstone","Perfected Strike","Lee\u0027s Waffle","Letter Opener","PowerPotion","CultistPotion","Sling"],"campfire_rested":1,"item_purchase_floors":[11,11,21,21,30,30,30,36,36,48,48,48,48,53],"current_hp_per_floor":[100,108,113,123,99,76,86,88,98,97,107,117,119,129,139,112,262,265,275,285,295,308,318,334,340,350,361,363,340,350,360,370,240,441,449,459,454,464,451,420,430,331,341,339,529,530,517,600,610,505,630,640,650,557,404],"gold":29,"neow_bonus":"RANDOM_COMMON_RELIC","is_daily":false,"chose_seed":false,"campfire_upgraded":8,"win_rate":0.0,"timestamp":1611952109,"path_taken":["M","M","M","?","M","E","R","E","T","?","$","R","E","?","R","BOSS","M","?","?","?","M","R","M","E","T","M","M","E","$","?","R","BOSS","M","$","?","?","M","E","R","E","T","M","R","M","E","$","R","BOSS","R","$","E","BOSS"],"items_purchased_type":["Relic","Card","Relic","Card","Relic","Relic","Card","Relic","Card","Relic","Relic","Potion","Potion","Relic"],"build_version":"2020-12-22","purchased_purges":6,"victory":true,"max_hp_per_floor":[100,110,120,130,140,150,160,170,180,190,200,210,220,230,240,252,262,274,284,294,304,314,324,334,346,356,368,380,392,399,409,419,431,441,453,463,475,485,495,507,517,529,539,551,561,571,583,600,610,620,630,640,650,662,672],"card_choices":[{"not_picked":["Anger","Warcry"],"picked":"Pummel","floor":1},{"not_picked":["Warcry","Flex"],"picked":"Iron Wave","floor":2},{"not_picked":["Sword Boomerang","Iron Wave"],"picked":"Headbutt","floor":3},{"not_picked":["Dropkick","Clash"],"picked":"Clothesline","floor":5},{"not_picked":["Limit Break","Entrench"],"picked":"Flame Barrier","floor":6},{"not_picked":["Wild Strike","Dark Embrace"],"picked":"Thunderclap","floor":8},{"not_picked":["Warcry","Clash"],"picked":"Armaments","floor":13},{"not_picked":["Offering","conspire:HitWhereItHurts","Immolate"],"picked":"Singing Bowl","floor":16},{"not_picked":["Searing Blow+1","Armaments","Power Through"],"picked":"Singing Bowl","floor":18},{"not_picked":["Thunderclap","Flex"],"picked":"Clothesline+1","floor":22},{"not_picked":["Cleave","Intimidate"],"picked":"Perfected Strike","floor":24},{"not_picked":["Bloodletting+1","Flex","True Grit+1"],"picked":"Singing Bowl","floor":25},{"not_picked":["Heavy Blade","Shrug It Off+1","Dark Embrace"],"picked":"Singing Bowl","floor":27},{"not_picked":["Seeing Red+1","Havoc+1","Flex+1"],"picked":"Singing Bowl","floor":28},{"not_picked":["Infernal Blade+1","Heavy Blade","Headbutt"],"picked":"Singing Bowl","floor":29},{"not_picked":["Barricade","Bludgeon","Limit Break+1"],"picked":"Singing Bowl","floor":33},{"not_picked":["Body Slam+1","Dark Embrace","conspire:ExplosiveBarrier+1"],"picked":"Singing Bowl","floor":35},{"not_picked":["Bloodletting+1","Blood for Blood","Disarm+1"],"picked":"Singing Bowl","floor":37},{"not_picked":["Heavy Blade","Carnage+1"],"picked":"Clash+1","floor":39},{"not_picked":["Dark Embrace","Rupture","Metallicize+1"],"picked":"Singing Bowl","floor":40},{"not_picked":["Inflame+1","Immolate","Dark Embrace+1"],"picked":"Singing Bowl","floor":42},{"not_picked":["Shrug It Off+1","Iron Wave","True Grit+1"],"picked":"Singing Bowl","floor":44},{"not_picked":["Havoc+1","Body Slam"],"picked":"Pommel Strike+1","floor":46},{"not_picked":["Sentinel+1","Feel No Pain","Second Wind+1"],"picked":"Singing Bowl","floor":47},{"not_picked":["Cleave+1","Havoc+1","Armaments+1"],"picked":"Singing Bowl","floor":54}],"player_experience":565072,"relics_obtained":[{"floor":4,"key":"Boot"},{"floor":6,"key":"Smiling Mask"},{"floor":8,"key":"Champion Belt"},{"floor":9,"key":"Juzu Bracelet"},{"floor":13,"key":"Singing Bowl"},{"floor":25,"key":"CeramicFish"},{"floor":26,"key":"Toxic Egg 2"},{"floor":29,"key":"Regal Pillow"},{"floor":37,"key":"Lizard Tail"},{"floor":40,"key":"conspire:Flyswatter"},{"floor":42,"key":"Potion Belt"},{"floor":43,"key":"Orichalcum"},{"floor":47,"key":"Ancient Tea Set"},{"floor":54,"key":"Bag of Preparation"}],"event_choices":[{"damage_healed":0,"gold_gain":0,"player_choice":"Slimed","damage_taken":11,"max_hp_gain":0,"max_hp_loss":0,"event_name":"betterThird:BetterGoop","floor":10,"gold_loss":47},{"damage_healed":0,"gold_gain":59,"player_choice":"Gained Gold","damage_taken":0,"max_hp_gain":0,"max_hp_loss":0,"event_name":"Golden Wing","floor":14,"gold_loss":0},{"damage_healed":0,"gold_gain":0,"player_choice":"Ignored","damage_taken":0,"max_hp_gain":0,"max_hp_loss":0,"event_name":"NoteForYourself","floor":19,"gold_loss":0},{"damage_healed":0,"gold_gain":0,"player_choice":"Forge","damage_taken":0,"max_hp_gain":0,"max_hp_loss":0,"event_name":"Accursed Blacksmith","floor":20,"gold_loss":0,"cards_upgraded":["Flex"]},{"damage_healed":0,"gold_gain":0,"player_choice":"Upgraded","damage_taken":0,"max_hp_gain":0,"max_hp_loss":0,"event_name":"Upgrade Shrine","floor":31,"gold_loss":0,"cards_upgraded":["Perfected Strike"]},{"damage_healed":0,"gold_gain":0,"player_choice":"Fight","damage_taken":0,"max_hp_gain":0,"max_hp_loss":0,"event_name":"MindBloom","floor":37,"gold_loss":0},{"cards_removed":["Defend_R"],"damage_healed":0,"gold_gain":0,"player_choice":"Removed Skill","damage_taken":0,"max_hp_gain":0,"max_hp_loss":0,"event_name":"Falling","floor":38,"gold_loss":0}],"is_beta":false,"boss_relics":[{"not_picked":["Pandora\u0027s Box","SacredBark"],"picked":"conspire:SlowCooker"},{"not_picked":["conspire:SeveredTorchhead","Fusion Hammer"],"picked":"conspire:SpecialSausage"}],"items_purged_floors":[11,30,30,48,48,48],"is_endless":false,"potions_floor_spawned":[1,2,6,8,24,25,28,33,37,39,40,44],"ascension_level":0}}