{"host":"zsnmfqgcm92hlreo","time":1611901298,"event":{"mods":["AchievementEnabler","BaseMod","Bestiary","Block Reminder","Colored Powertips","Minty Spire (QoL Compilation)","Permanent Neow","Quick Restart","Relic Stats","Weighted Paths"],"gold_per_floor":[113,133,146,65,76,109,109,143,443,443,443],"floor_reached":10,"language":"ENG","playtime":457,"items_purged":[],"score":206,"play_id":"63e4aa7f-4dc8-4082-8e34-88330b3f8f15","local_time":"20210129002138","is_ascension_mode":true,"campfire_choices":[{"floor":7,"key":"REST"}],"circlet_count":0,"master_deck":["AscendersBane","Strike_P","Strike_P","Strike_P","Strike_P","Defend_P","Defend_P","Defend_P","Defend_P","Eruption","Vigilance","BowlingBash","DeceiveReality","ThirdEye","Fasting2","Perseverance","Wireheading","WaveOfTheHand"],"relics":["Sozu","InkBottle","WingedGreaves","Old Coin"],"acts_visited":["Exordium"],"potions_floor_usage":[],"damage_taken":[{"damage":1.0,"enemies":"Cultist","floor":1.0,"turns":4.0},{"damage":0.0,"enemies":"2 Louse","floor":2.0,"turns":2.0},{"damage":0.0,"enemies":"Small Slimes","floor":3.0,"turns":3.0},{"damage":2.0,"enemies":"Blue Slaver","floor":5.0,"turns":5.0},{"damage":50,"enemies":"Gremlin Nob","floor":6,"turns":5},{"damage":0,"enemies":"3 Sentries","floor":8,"turns":7},{"damage":83,"enemies":"Gremlin Nob","floor":10,"turns":3}],"seed_played":"1671774829994256367","potions_obtained":[],"is_trial":false,"path_per_floor":["M","M","M","$","M","E","R","E","T","E"],"character_chosen":"WATCHER","items_purchased":["Fasting2"],"campfire_rested":1,"item_purchase_floors":[4],"current_hp_per_floor":[60,60,60,60,58,8,28,28,28,0,0],"gold":443,"neow_bonus":"BOSS_RELIC","is_daily":false,"chose_seed":false,"campfire_upgraded":0,"win_rate":0.0,"timestamp":1611901298,"path_taken":["M","M","M","$","M","E","R","E","T","E"],"items_purchased_type":["Card"],"build_version":"2020-12-22","purchased_purges":0,"victory":false,"max_hp_per_floor":[68,68,68,68,68,68,68,68,68,68,68],"relic_stats":{"Sozu":3,"counters":[7,29],"obtain_stats":[{"Sozu":0,"WingedGreaves":8,"PureWater":0,"InkBottle":6,"Old Coin":9},{"Sozu":0,"WingedGreaves":6,"PureWater":0,"InkBottle":5,"Old Coin":6},{"Sozu":0,"WingedGreaves":26,"PureWater":0,"InkBottle":19,"Old Coin":26}],"InkBottle":[2]},"card_choices":[{"not_picked":["CutThroughFate","JustLucky"],"picked":"BowlingBash","floor":1.0},{"not_picked":["Evaluate","WindmillStrike"],"picked":"DeceiveReality","floor":2.0},{"not_picked":["CrushJoints","Halt"],"picked":"ThirdEye","floor":3.0},{"not_picked":["PathToVictory","Sanctity"],"picked":"Perseverance","floor":5.0},{"not_picked":["FollowUp","Worship"],"picked":"Wireheading","floor":6},{"not_picked":["ThirdEye","Halt"],"picked":"WaveOfTheHand","floor":8}],"player_experience":930580,"relics_obtained":[{"floor":6,"key":"InkBottle"},{"floor":8,"key":"WingedGreaves"},{"floor":9,"key":"Old Coin"}],"event_choices":[],"is_beta":false,"boss_relics":[],"items_purged_floors":[],"is_endless":false,"potions_floor_spawned":[3,6,8],"killed_by":"Gremlin Nob","ascension_level":20}}