{"host":"1dz819zv7fs9tsdy","time":1611964215,"event":{"mods":["AchievementEnabler","BaseMod","Colored Powertips","Curses Come First","Hubris","Minty Spire (QoL Compilation)","Rare Cards Sparkle","Replay The Spire","Shop Mod","StSLib"],"gold_per_floor":[113,129,204,204,219,219,219],"floor_reached":6,"language":"ENG","playtime":1236,"items_purged":[],"score":41,"play_id":"93d5c9ab-892c-4832-96b2-e709a55c507a","local_time":"20210129235015","is_ascension_mode":true,"campfire_choices":[],"circlet_count":0,"master_deck":["Strike_R","Strike_R","Strike_R","Strike_R","Strike_R","Defend_R","Defend_R","Defend_R","Defend_R","Bash","Replay:Undeath\u0027s Touch+1","Headbutt","Massacre"],"relics":["Burning Blood"],"acts_visited":["Exordium"],"potions_floor_usage":[5],"damage_taken":[{"damage":4,"enemies":"2 Louse","floor":1,"turns":3},{"damage":1,"enemies":"Cultist","floor":2,"turns":4},{"damage":12,"enemies":"Jaw Worm","floor":5,"turns":3},{"damage":79,"enemies":"Lagavulin","floor":6,"turns":10}],"seed_played":"3041418876536085876","potions_obtained":[{"floor":0,"key":"BloodPotion"},{"floor":0,"key":"BloodPotion"},{"floor":0,"key":"DistilledChaos"},{"floor":5,"key":"BloodPotion"}],"is_trial":false,"path_per_floor":["M","M","?","?","M","E"],"character_chosen":"IRONCLAD","items_purchased":[],"campfire_rested":0,"item_purchase_floors":[],"current_hp_per_floor":[80,80,69,69,79,0,0],"gold":219,"neow_bonus":"THREE_SMALL_POTIONS","is_daily":false,"chose_seed":false,"campfire_upgraded":0,"win_rate":0.0,"timestamp":1611964215,"path_taken":["M","M","?","?","?","E"],"items_purchased_type":[],"build_version":"2020-12-22","purchased_purges":0,"victory":false,"max_hp_per_floor":[80,80,80,80,80,80,80],"card_choices":[{"not_picked":["Perfected Strike","Thunderclap"],"picked":"Replay:Undeath\u0027s Touch","floor":1},{"not_picked":["Perfected Strike","Pommel Strike"],"picked":"Headbutt","floor":2},{"not_picked":["Clash","Dark Embrace"],"picked":"Massacre","floor":5}],"player_experience":364847,"relics_obtained":[],"event_choices":[{"damage_healed":0,"gold_gain":75,"player_choice":"Gather Gold","damage_taken":11,"max_hp_gain":0,"max_hp_loss":0,"event_name":"World of Goop","floor":3,"gold_loss":0},{"damage_healed":0,"gold_gain":0,"player_choice":"Upgraded","damage_taken":0,"max_hp_gain":0,"max_hp_loss":0,"event_name":"Upgrade Shrine","floor":4,"gold_loss":0,"cards_upgraded":["Replay:Undeath\u0027s Touch"]}],"is_beta":false,"boss_relics":[],"items_purged_floors":[],"is_endless":false,"potions_floor_spawned":[1,2,5],"killed_by":"Lagavulin","ascension_level":3}}