{"host":"dvpvhz1t6etneyb3","time":1611944625,"event":{"mods":["AchievementEnabler","BaseMod","Colored Map","Highlight Path","Minty Spire (QoL Compilation)","Permanent Neow","Quick Restart"],"gold_per_floor":[159,159,171,171,182,182,21,54,126,153,153,153,167,199,199,270,270,289,303,303,319,319,319,353,353,353,373,390,390,415,425,425,499,499,518,518,518,536,555,588,588,618,642,671,671,671,696,460,460,460,460,460,460,35,65,65],"floor_reached":57,"language":"ENG","playtime":7754,"items_purged":["Strike_B+1","Strike_B+1"],"score":2996,"play_id":"6bcb4daa-c453-4381-931e-ce99b9743742","local_time":"20210129132345","is_ascension_mode":true,"campfire_choices":[{"floor":6.0,"key":"REST"},{"data":"Defragment","floor":12,"key":"SMITH"},{"data":"Defragment","floor":15,"key":"SMITH"},{"floor":23,"key":"REST"},{"floor":25,"key":"RECALL"},{"floor":29,"key":"DIG"},{"floor":32,"key":"DIG"},{"floor":46,"key":"DIG"},{"floor":49,"key":"DIG"},{"floor":53,"key":"DIG"}],"circlet_count":0,"master_deck":["AscendersBane","Defend_B+1","Defend_B+1","Defend_B+1","Defend_B+1","Zap+1","Dualcast","Rebound","Compile Driver","Glacier","Defragment+1","Defragment+1","Turbo+1","Skim+1","Seek+1","Reinforced Body+1","Double Energy+1","Consume+1","White Noise+1","White Noise+1","Recycle+1","Creative AI","Dark Shackles+1","Apotheosis+1","Secret Technique+1","Force Field+1","Chaos+1","Chaos+1","Heatsinks","Capacitor+1"],"relics":["Tiny House","Bag of Preparation","Toxic Egg 2","Mummified Hand","Ice Cream","Nuclear Battery","Enchiridion","Cables","Shovel","Mercury Hourglass","Ornamental Fan","Pear","Empty Cage","Vajra","Oddly Smooth Stone","PreservedInsect","Molten Egg 2","Girya","ClockworkSouvenir","StoneCalendar","White Beast Statue","Bird Faced Urn","Art of War"],"acts_visited":["TheCity","TheBeyond","TheEnding"],"potions_floor_usage":[11,33,39,56,56],"damage_taken":[{"damage":0.0,"enemies":"Cultist","floor":1.0,"turns":3.0},{"damage":9.0,"enemies":"Small Slimes","floor":3.0,"turns":3.0},{"damage":7.0,"enemies":"Jaw Worm","floor":5.0,"turns":2.0},{"damage":3.0,"enemies":"Gremlin Nob","floor":8.0,"turns":3.0},{"damage":4.0,"enemies":"3 Sentries","floor":10.0,"turns":8.0},{"damage":0,"enemies":"Gremlin Gang","floor":11,"turns":1},{"damage":0,"enemies":"Looter","floor":13,"turns":3},{"damage":8,"enemies":"Gremlin Nob","floor":14,"turns":3},{"damage":1,"enemies":"The Guardian","floor":16,"turns":8},{"damage":0,"enemies":"2 Thieves","floor":18,"turns":3},{"damage":7,"enemies":"Chosen","floor":19,"turns":5},{"damage":0,"enemies":"3 Cultists","floor":21,"turns":5},{"damage":6,"enemies":"Gremlin Leader","floor":24,"turns":6},{"damage":0,"enemies":"Snecko","floor":27,"turns":4},{"damage":0,"enemies":"Centurion and Healer","floor":28,"turns":4},{"damage":0,"enemies":"Slavers","floor":30,"turns":4},{"damage":0,"enemies":"Shelled Parasite and Fungi","floor":31,"turns":2},{"damage":10,"enemies":"Champ","floor":33,"turns":8},{"damage":0,"enemies":"3 Shapes","floor":35,"turns":4},{"damage":0,"enemies":"Orb Walker","floor":38,"turns":3},{"damage":1,"enemies":"4 Shapes","floor":39,"turns":3},{"damage":0,"enemies":"Giant Head","floor":40,"turns":7},{"damage":0,"enemies":"Nemesis","floor":42,"turns":13},{"damage":0,"enemies":"Giant Head","floor":44,"turns":7},{"damage":0,"enemies":"Mind Bloom Boss Battle","floor":47,"turns":6},{"damage":0,"enemies":"Donu and Deca","floor":50,"turns":6},{"damage":6,"enemies":"Awakened One","floor":51,"turns":16},{"damage":65,"enemies":"Shield and Spear","floor":55,"turns":5},{"damage":70,"enemies":"The Heart","floor":56,"turns":8}],"seed_played":"5478277455779800827","potions_obtained":[{"floor":0.0,"key":"SkillPotion"},{"floor":3.0,"key":"SmokeBomb"},{"floor":8.0,"key":"SneckoOil"},{"floor":14,"key":"DistilledChaos"},{"floor":16,"key":"Fire Potion"},{"floor":27,"key":"PotionOfCapacity"},{"floor":35,"key":"Regen Potion"},{"floor":39,"key":"Regen Potion"}],"is_trial":false,"path_per_floor":["M","?","M","?","M","R","$","E","T","E","M","R","M","E","R","B",null,"M","M","?","M","?","R","E","R","T","M","M","R","E","M","R","B",null,"M","?","?","M","M","E","?","E","T","E","?","R","?","$","R","B","B",null,"R","$","E","B",null],"character_chosen":"DEFECT","items_purchased":["Glacier","Defragment","ClockworkSouvenir","Bird Faced Urn"],"campfire_rested":2,"item_purchase_floors":[7,7,48,54],"current_hp_per_floor":[69,69,60,37,30,52,52,49,49,45,45,45,45,37,37,36,66,66,59,59,59,38,60,54,54,54,54,54,54,54,54,64,54,78,78,78,68,68,67,67,67,67,67,67,67,67,67,67,67,67,61,77,77,77,31,40],"gold":65,"neow_bonus":"BOSS_RELIC","is_daily":false,"chose_seed":false,"campfire_upgraded":2,"win_rate":0.0,"timestamp":1611944625,"path_taken":["M","?","M","?","M","R","$","E","T","E","?","R","M","E","R","BOSS","M","?","?","M","?","R","E","R","T","M","M","R","E","M","R","BOSS","M","?","?","M","M","E","?","E","T","E","?","R","?","$","R","BOSS","BOSS","R","$","E","BOSS"],"items_purchased_type":["Card","Card","Relic","Relic"],"build_version":"2020-12-22","purchased_purges":2,"victory":true,"max_hp_per_floor":[76,76,76,76,76,76,76,76,76,76,76,76,76,76,76,76,76,76,76,76,76,76,76,76,76,76,76,76,76,76,76,86,86,86,86,82,82,82,82,82,82,82,82,82,82,82,82,82,82,82,82,82,82,82,82,82],"card_choices":[{"not_picked":["Hologram","Turbo"],"picked":"Rebound","floor":0.0},{"not_picked":["Coolheaded","BootSequence"],"picked":"Compile Driver","floor":1.0},{"not_picked":["Recycle","Steam","Auto Shields"],"picked":"SKIP","floor":3.0},{"not_picked":["Streamline","Redo"],"picked":"Ball Lightning","floor":5.0},{"not_picked":["Barrage","Tempest"],"picked":"Defragment","floor":8.0},{"not_picked":["Ball Lightning","Go for the Eyes"],"picked":"Turbo+1","floor":10.0},{"not_picked":["Hyperbeam","Stack+1"],"picked":"Skim+1","floor":13},{"not_picked":["Sweeping Beam","Cold Snap","Ball Lightning"],"picked":"SKIP","floor":14},{"not_picked":["Thunder Strike","Hyperbeam"],"picked":"Seek+1","floor":16},{"not_picked":["Stack+1","Gash","Rebound+1"],"picked":"SKIP","floor":18},{"not_picked":["Hologram+1","Double Energy+1"],"picked":"Reinforced Body+1","floor":19},{"not_picked":["Leap+1","BootSequence+1"],"picked":"Double Energy+1","floor":21},{"not_picked":["Rebound","Streamline"],"picked":"Consume+1","floor":24},{"not_picked":["Barrage","Sweeping Beam"],"picked":"White Noise+1","floor":27},{"not_picked":["Darkness+1","Blizzard"],"picked":"White Noise+1","floor":28},{"not_picked":["Barrage","Go for the Eyes","Sweeping Beam+1"],"picked":"SKIP","floor":30},{"not_picked":["Compile Driver","Leap+1"],"picked":"Recycle+1","floor":31},{"not_picked":["Core Surge","Reboot+1"],"picked":"Creative AI","floor":33},{"not_picked":["Conserve Battery+1","Auto Shields+1","Steam+1"],"picked":"SKIP","floor":35},{"not_picked":["Madness+1","Jack Of All Trades+1"],"picked":"Dark Shackles+1","floor":37},{"not_picked":["Good Instincts+1","Chrysalis+1"],"picked":"Apotheosis+1","floor":37},{"not_picked":["Jack Of All Trades+1","Swift Strike"],"picked":"Secret Technique+1","floor":37},{"not_picked":["Beam Cell","Streamline","Sweeping Beam"],"picked":"SKIP","floor":38},{"not_picked":["FTL+1","Go for the Eyes"],"picked":"Force Field+1","floor":39},{"not_picked":["Undo+1","All For One"],"picked":"Chaos+1","floor":40},{"not_picked":["Creative AI","Loop"],"picked":"Chaos+1","floor":42},{"not_picked":["All For One","Turbo+1","Meteor Strike"],"picked":"SKIP","floor":44},{"not_picked":["Fusion+1","Gash+1"],"picked":"Heatsinks","floor":47},{"not_picked":["Beam Cell+1","Barrage+1"],"picked":"Capacitor+1","floor":55}],"player_experience":2104962,"relics_obtained":[{"floor":8.0,"key":"Bag of Preparation"},{"floor":9.0,"key":"Toxic Egg 2"},{"floor":10.0,"key":"Mummified Hand"},{"floor":14,"key":"Ice Cream"},{"floor":22,"key":"Enchiridion"},{"floor":24,"key":"Cables"},{"floor":26,"key":"Shovel"},{"floor":29,"key":"Mercury Hourglass"},{"floor":30,"key":"Ornamental Fan"},{"floor":32,"key":"Pear"},{"floor":40,"key":"Vajra"},{"floor":42,"key":"Oddly Smooth Stone"},{"floor":44,"key":"PreservedInsect"},{"floor":46,"key":"Molten Egg 2"},{"floor":47,"key":"Girya"},{"floor":49,"key":"StoneCalendar"},{"floor":53,"key":"White Beast Statue"},{"floor":55,"key":"Art of War"}],"event_choices":[{"damage_healed":0.0,"max_hp_gain":0.0,"max_hp_loss":0.0,"gold_gain":0.0,"event_name":"Living Wall","player_choice":"Grow","floor":2.0,"gold_loss":0.0,"damage_taken":0.0,"cards_upgraded":["Zap"]},{"damage_healed":0.0,"max_hp_gain":0.0,"max_hp_loss":0.0,"gold_gain":0.0,"event_name":"Shining Light","player_choice":"Entered Light","floor":4.0,"gold_loss":0.0,"damage_taken":23.0,"cards_upgraded":["Defend_B","Strike_B"]},{"damage_healed":0,"gold_gain":0,"player_choice":"Simplicity","damage_taken":0,"max_hp_gain":0,"max_hp_loss":0,"event_name":"Back to Basics","floor":20,"gold_loss":0,"cards_upgraded":["Strike_B","Strike_B","Defend_B","Defend_B","Defend_B"]},{"damage_healed":0,"gold_gain":0,"player_choice":"Obtained Book","damage_taken":21,"max_hp_gain":0,"max_hp_loss":0,"event_name":"Cursed Tome","floor":22,"gold_loss":0},{"damage_healed":0,"gold_gain":0,"player_choice":"Max HP","damage_taken":0,"max_hp_gain":0,"max_hp_loss":4,"event_name":"Winding Halls","floor":36,"gold_loss":0},{"damage_healed":0,"gold_gain":0,"player_choice":"Memory 3","damage_taken":10,"max_hp_gain":0,"max_hp_loss":0,"event_name":"SensoryStone","floor":37,"gold_loss":0},{"damage_healed":0,"gold_gain":0,"player_choice":"Ignored","damage_taken":0,"max_hp_gain":0,"max_hp_loss":0,"event_name":"Tomb of Lord Red Mask","floor":41,"gold_loss":0},{"cards_removed":["Ball Lightning"],"damage_healed":0,"gold_gain":0,"player_choice":"Removed Attack","damage_taken":0,"max_hp_gain":0,"max_hp_loss":0,"event_name":"Falling","floor":45,"gold_loss":0},{"damage_healed":0,"gold_gain":0,"player_choice":"Fight","damage_taken":0,"max_hp_gain":0,"max_hp_loss":0,"event_name":"MindBloom","floor":47,"gold_loss":0}],"is_beta":false,"boss_relics":[{"not_picked":["SlaversCollar","Ectoplasm"],"picked":"Nuclear Battery"},{"not_picked":["Runic Dome","Sozu"],"picked":"Empty Cage"}],"items_purged_floors":[48,54],"is_endless":false,"potions_floor_spawned":[3,8,10,14,16,21,27,30,31,35,39,47,55],"ascension_level":20}}