{"host":"mnpd8gh7cwxsn5kh","time":1611950842,"event":{"mods":["BaseMod","Bestiary","Block Reminder","Colored Map","Colored Powertips","Highlight Path","Minty Spire (QoL Compilation)","Relic Sorter","Relic Stats"],"gold_per_floor":[113,188,205,205,132,132,165,165,246,246,260,304,318,354,354,354,354],"floor_reached":16,"language":"ENG","playtime":1339,"items_purged":[],"score":179,"play_id":"94300133-2f84-4559-8040-ca2df9ff6bfc","local_time":"20210129210722","is_ascension_mode":true,"campfire_choices":[{"data":"Eruption","floor":6,"key":"SMITH"},{"data":"BowlingBash","floor":8,"key":"SMITH"},{"data":"ThirdEye","floor":15,"key":"SMITH"}],"circlet_count":0,"master_deck":["Strike_P","Strike_P","Strike_P","Strike_P","Defend_P","Defend_P","Defend_P","Defend_P","Eruption+1","Vigilance","EmptyFist","BowlingBash+1","BowlingBash","FlurryOfBlows","CutThroughFate","MentalFortress","SashWhip","EmptyFist","ThirdEye+1"],"relics":["PureWater","Blood Vial","Golden Idol","Pen Nib","Yang","Matryoshka","Gambling Chip","White Beast Statue"],"acts_visited":["Exordium"],"potions_floor_usage":[14,16,16],"damage_taken":[{"damage":2,"enemies":"Jaw Worm","floor":1,"turns":5},{"damage":2,"enemies":"Small Slimes","floor":3,"turns":4},{"damage":12,"enemies":"Gremlin Nob","floor":7,"turns":3},{"damage":0,"enemies":"Cultist","floor":11,"turns":2},{"damage":16,"enemies":"Lagavulin","floor":12,"turns":6},{"damage":0,"enemies":"Large Slime","floor":13,"turns":3},{"damage":0,"enemies":"3 Sentries","floor":14,"turns":4},{"damage":49,"enemies":"Hexaghost","floor":16,"turns":12}],"seed_played":"7426725922868656503","potions_obtained":[{"floor":1,"key":"SteroidPotion"},{"floor":7,"key":"SkillPotion"},{"floor":12,"key":"BlessingOfTheForge"}],"is_trial":false,"path_per_floor":["M","?","M","?","$","R","E","R","T","T","M","E","M","E","R","B"],"character_chosen":"WATCHER","items_purchased":["BowlingBash","FlurryOfBlows"],"campfire_rested":0,"item_purchase_floors":[5,5],"current_hp_per_floor":[70,59,59,59,59,59,49,49,49,49,51,37,39,41,41,0,0],"gold":354,"neow_bonus":"RANDOM_COMMON_RELIC","is_daily":false,"chose_seed":false,"campfire_upgraded":3,"win_rate":0.0,"timestamp":1611950842,"path_taken":["M","?","M","?","?","R","E","R","T","?","?","E","M","E","R","BOSS"],"items_purchased_type":["Card","Card"],"build_version":"2020-12-22","purchased_purges":0,"victory":false,"max_hp_per_floor":[72,72,72,67,67,67,67,67,67,67,67,67,67,67,67,67,67],"relic_stats":{"Blood Vial":14,"counters":[8,39],"Golden Idol":29,"Gambling Chip":[5],"Yang":[68],"Pen Nib":[6],"obtain_stats":[{"Blood Vial":0,"Matryoshka":10,"Golden Idol":4,"Gambling Chip":12,"Yang":9,"Pen Nib":7,"PureWater":0,"White Beast Statue":14},{"Blood Vial":0,"Matryoshka":3,"Golden Idol":2,"Gambling Chip":5,"Yang":3,"Pen Nib":3,"PureWater":0,"White Beast Statue":7},{"Blood Vial":0,"Matryoshka":12,"Golden Idol":9,"Gambling Chip":20,"Yang":12,"Pen Nib":12,"PureWater":0,"White Beast Statue":27}]},"card_choices":[{"not_picked":["Adaptation","Swivel"],"picked":"EmptyFist","floor":1},{"not_picked":["WaveOfTheHand","Worship"],"picked":"BowlingBash","floor":3},{"not_picked":["Worship","Swivel"],"picked":"CutThroughFate","floor":7},{"not_picked":["SignatureMove","EmptyBody"],"picked":"MentalFortress","floor":11},{"not_picked":["JustLucky","MentalFortress"],"picked":"SashWhip","floor":12},{"not_picked":["WheelKick","Study"],"picked":"EmptyFist","floor":13},{"not_picked":["Consecrate","Pray"],"picked":"ThirdEye","floor":14}],"player_experience":187151,"relics_obtained":[{"floor":7,"key":"Pen Nib"},{"floor":9,"key":"Yang"},{"floor":10,"key":"Matryoshka"},{"floor":12,"key":"Gambling Chip"},{"floor":14,"key":"White Beast Statue"}],"event_choices":[{"damage_healed":0,"gold_gain":75,"player_choice":"Gather Gold","damage_taken":11,"max_hp_gain":0,"max_hp_loss":0,"event_name":"World of Goop","floor":2,"gold_loss":0},{"damage_healed":0,"gold_gain":0,"player_choice":"Lose Max HP","damage_taken":0,"relics_obtained":["Golden Idol"],"max_hp_gain":0,"max_hp_loss":5,"event_name":"Golden Idol","floor":4,"gold_loss":0}],"is_beta":false,"boss_relics":[],"items_purged_floors":[],"is_endless":false,"potions_floor_spawned":[1,7,12],"killed_by":"Hexaghost","ascension_level":5}}