{"host":"8xi53560pl5zaoq2","time":1611896694,"event":{"mods":["BaseMod","Bestiary","Colored Map","Highlight Path","Minty Spire (QoL Compilation)","StSLib","Synergy Search"],"gold_per_floor":[219,294,294,28,45,45,72,72,98,172,189,189,204,219,219,320,320,337,354,354,354,388,413,19,36,36,36,47,47,47,61,61,166,166,180,230,86,86,99,127,127,146,146,146,163,173,187,187,187,187],"floor_reached":51,"language":"ENG","playtime":2721,"items_purged":["Strike_P"],"score":1096,"play_id":"e7094be9-2a00-4646-95d8-0751850f9ea5","local_time":"20210128220454","is_ascension_mode":true,"campfire_choices":[{"data":"FearNoEvil","floor":6.0,"key":"SMITH"},{"data":"SandsOfTime","floor":12.0,"key":"SMITH"},{"floor":15.0,"key":"REST"},{"data":"TalkToTheHand","floor":30.0,"key":"SMITH"},{"floor":32.0,"key":"REST"},{"floor":41,"key":"REST"},{"data":"Wallop","floor":44,"key":"SMITH"},{"floor":49,"key":"REST"}],"circlet_count":0,"master_deck":["AscendersBane","Strike_P+1","Strike_P+1","Strike_P+1","Defend_P","Defend_P","Defend_P+1","Defend_P","Eruption+1","Vigilance+1","TalkToTheHand+1","ThirdEye","FearNoEvil+1","ConjureBlade","SandsOfTime+1","TalkToTheHand+1","Devotion","Consecrate","BattleHymn","Ghostly","Ghostly","Ghostly","Ghostly","Ghostly","BowlingBash+1","ForeignInfluence+1","Wallop","Vault","Wallop+1","WindmillStrike"],"relics":["PureWater","Meat on the Bone","War Paint","Whetstone","Sozu","Nilry\u0027s Codex","Red Mask","Mercury Hourglass","Gremlin Horn","Centennial Puzzle","Bag of Marbles","Busted Crown","Torii","Darkstone Periapt","Singing Bowl"],"acts_visited":["Exordium","TheCity","TheBeyond"],"potions_floor_usage":[50],"damage_taken":[{"damage":3.0,"enemies":"2 Louse","floor":1.0,"turns":3.0},{"damage":3.0,"enemies":"Small Slimes","floor":5.0,"turns":4.0},{"damage":18.0,"enemies":"Gremlin Nob","floor":7.0,"turns":5.0},{"damage":0.0,"enemies":"Jaw Worm","floor":11.0,"turns":2.0},{"damage":3.0,"enemies":"Looter","floor":13.0,"turns":3.0},{"damage":17.0,"enemies":"Exordium Thugs","floor":14.0,"turns":3.0},{"damage":27.0,"enemies":"The Guardian","floor":16.0,"turns":9.0},{"damage":1.0,"enemies":"Shell Parasite","floor":18.0,"turns":5.0},{"damage":29.0,"enemies":"2 Thieves","floor":19.0,"turns":4.0},{"damage":0.0,"enemies":"Masked Bandits","floor":22.0,"turns":4.0},{"damage":0.0,"enemies":"Gremlin Leader","floor":23.0,"turns":5.0},{"damage":8.0,"enemies":"Shelled Parasite and Fungi","floor":25.0,"turns":5.0},{"damage":1.0,"enemies":"Cultist and Chosen","floor":28.0,"turns":4.0},{"damage":3.0,"enemies":"Chosen and Byrds","floor":31.0,"turns":3.0},{"damage":2.0,"enemies":"Automaton","floor":33.0,"turns":6.0},{"damage":6,"enemies":"Orb Walker","floor":35,"turns":4},{"damage":8,"enemies":"Mind Bloom Boss Battle","floor":36,"turns":6},{"damage":1,"enemies":"3 Shapes","floor":39,"turns":5},{"damage":0,"enemies":"Reptomancer","floor":40,"turns":6},{"damage":2,"enemies":"Sphere and 2 Shapes","floor":42,"turns":4},{"damage":0,"enemies":"3 Darklings","floor":45,"turns":2},{"damage":2,"enemies":"Maw","floor":46,"turns":6},{"damage":26,"enemies":"Spire Growth","floor":47,"turns":6},{"damage":37,"enemies":"Time Eater","floor":50,"turns":10}],"seed_played":"-7797278754717918295","potions_obtained":[{"floor":1.0,"key":"SkillPotion"},{"floor":14.0,"key":"PowerPotion"},{"floor":16.0,"key":"PowerPotion"}],"is_trial":false,"path_per_floor":["M","?","?","$","M","R","E","?","T","?","M","R","M","M","R","B",null,"M","M","?","?","?","E","$","M","T","?","M","$","R","M","R","B",null,"M","?","$","?","M","E","R","M","T","R","M","M","M","?","R","B",null],"character_chosen":"WATCHER","items_purchased":["Meat on the Bone","ThirdEye","Gremlin Horn","Centennial Puzzle","Wallop"],"campfire_rested":4,"item_purchase_floors":[4,4,24,24,37],"current_hp_per_floor":[62,51,51,51,48,48,42,28,28,28,40,40,37,32,53,38,64,63,46,30,30,30,30,30,22,22,18,29,29,29,26,38,36,40,34,26,26,26,25,25,37,35,35,35,37,37,25,25,39,14],"gold":187,"neow_bonus":"HUNDRED_GOLD","is_daily":false,"chose_seed":false,"campfire_upgraded":4,"win_rate":0.0,"timestamp":1611896694,"path_taken":["M","?","?","$","M","R","E","?","T","?","M","R","M","M","R","BOSS","M","M","?","?","?","E","$","M","T","?","M","?","R","M","R","BOSS","M","?","$","?","M","E","R","M","T","R","M","M","?","?","R","BOSS"],"items_purchased_type":["Relic","Card","Relic","Relic","Card"],"build_version":"2020-12-22","purchased_purges":1,"victory":true,"max_hp_per_floor":[72,72,72,72,72,72,72,72,72,72,72,72,72,72,72,72,72,72,72,72,36,36,36,36,36,36,41,41,41,41,41,41,41,41,41,41,41,41,41,41,41,41,41,41,43,45,47,47,47,47],"card_choices":[{"not_picked":["Wireheading","Study"],"picked":"TalkToTheHand","floor":1.0},{"not_picked":["ThirdEye","BowlingBash"],"picked":"FearNoEvil","floor":5.0},{"not_picked":["Consecrate","EmptyFist"],"picked":"ConjureBlade","floor":7.0},{"not_picked":["Wireheading","Collect"],"picked":"SandsOfTime","floor":11.0},{"not_picked":["Weave","BattleHymn"],"picked":"TalkToTheHand","floor":13.0},{"not_picked":["Evaluate","Crescendo","PathToVictory"],"picked":"SKIP","floor":14.0},{"not_picked":["LessonLearned","SpiritShield"],"picked":"Devotion","floor":16.0},{"not_picked":["Swivel","EmptyFist"],"picked":"Consecrate","floor":18.0},{"not_picked":["InnerPeace+1","Evaluate+1"],"picked":"BattleHymn","floor":19.0},{"not_picked":["InnerPeace+1","EmptyMind"],"picked":"BowlingBash+1","floor":22.0},{"not_picked":["BattleHymn+1","ClearTheMind"],"picked":"ForeignInfluence+1","floor":23.0},{"not_picked":["Evaluate","CrushJoints","Adaptation"],"picked":"SKIP","floor":25.0},{"not_picked":["EmptyFist","Evaluate"],"picked":"Wallop","floor":28.0},{"not_picked":["Blasphemy","FlyingSleeves+1","PathToVictory"],"picked":"SKIP","floor":31.0},{"not_picked":["ConjureBlade","Brilliance"],"picked":"Vault","floor":33.0},{"not_picked":["Crescendo+1"],"picked":"SKIP","floor":35},{"not_picked":[],"picked":"WindmillStrike","floor":39},{"not_picked":["Halt"],"picked":"SKIP","floor":40},{"not_picked":["ThirdEye"],"picked":"SKIP","floor":42},{"not_picked":["BowlingBash"],"picked":"Singing Bowl","floor":45},{"not_picked":["CarveReality+1"],"picked":"Singing Bowl","floor":46},{"not_picked":["ThirdEye"],"picked":"Singing Bowl","floor":47}],"player_experience":1315152,"relics_obtained":[{"floor":7.0,"key":"War Paint"},{"floor":9.0,"key":"Whetstone"},{"floor":20.0,"key":"Nilry\u0027s Codex"},{"floor":22.0,"key":"Red Mask"},{"floor":23.0,"key":"Mercury Hourglass"},{"floor":26.0,"key":"Bag of Marbles"},{"floor":36,"key":"Torii"},{"floor":40,"key":"Darkstone Periapt"},{"floor":43,"key":"Singing Bowl"}],"event_choices":[{"damage_healed":0.0,"max_hp_gain":0.0,"max_hp_loss":0.0,"gold_gain":75.0,"event_name":"World of Goop","player_choice":"Gather Gold","floor":2.0,"gold_loss":0.0,"damage_taken":11.0},{"damage_healed":0.0,"max_hp_gain":0.0,"max_hp_loss":0.0,"gold_gain":0.0,"event_name":"Living Wall","player_choice":"Grow","floor":3.0,"gold_loss":0.0,"damage_taken":0.0,"cards_upgraded":["TalkToTheHand"]},{"damage_healed":0.0,"max_hp_gain":0.0,"max_hp_loss":0.0,"gold_gain":0.0,"event_name":"Shining Light","player_choice":"Entered Light","floor":8.0,"gold_loss":0.0,"damage_taken":14.0,"cards_upgraded":["Eruption","Strike_P"]},{"damage_healed":0.0,"max_hp_gain":0.0,"max_hp_loss":0.0,"gold_gain":74.0,"event_name":"Golden Wing","player_choice":"Gained Gold","floor":10.0,"gold_loss":0.0,"damage_taken":0.0},{"damage_healed":0.0,"max_hp_gain":0.0,"max_hp_loss":0.0,"gold_gain":0.0,"event_name":"Cursed Tome","player_choice":"Obtained Book","floor":20.0,"gold_loss":0.0,"damage_taken":16.0},{"damage_healed":0.0,"max_hp_gain":0.0,"max_hp_loss":36.0,"gold_gain":0.0,"event_name":"Ghosts","player_choice":"Became a Ghost","floor":21.0,"gold_loss":0.0,"damage_taken":0.0,"cards_obtained":["Ghostly","Ghostly","Ghostly","Ghostly","Ghostly"]},{"damage_healed":0.0,"max_hp_gain":0.0,"max_hp_loss":0.0,"gold_gain":0.0,"event_name":"Masked Bandits","player_choice":"Fought Bandits","floor":22.0,"gold_loss":0.0,"damage_taken":0.0},{"damage_healed":0.0,"max_hp_gain":5.0,"max_hp_loss":0.0,"gold_gain":0.0,"event_name":"Forgotten Altar","player_choice":"Shed Blood","floor":27.0,"gold_loss":0.0,"damage_taken":9.0},{"damage_healed":0,"gold_gain":0,"player_choice":"Fight","damage_taken":0,"max_hp_gain":0,"max_hp_loss":0,"event_name":"MindBloom","floor":36,"gold_loss":0},{"damage_healed":0,"gold_gain":0,"player_choice":"Bought 0 Potions","damage_taken":0,"max_hp_gain":0,"max_hp_loss":0,"event_name":"The Woman in Blue","floor":38,"gold_loss":0},{"damage_healed":0,"gold_gain":0,"player_choice":"Ignored","damage_taken":0,"max_hp_gain":0,"max_hp_loss":0,"event_name":"SecretPortal","floor":48,"gold_loss":0}],"is_beta":false,"boss_relics":[{"not_picked":["Astrolabe","Runic Pyramid"],"picked":"Sozu"},{"not_picked":["Pandora\u0027s Box","Velvet Choker"],"picked":"Busted Crown"}],"items_purged_floors":[37],"is_endless":false,"potions_floor_spawned":[1,14,16,19,25,28,31,40,42,45,47],"ascension_level":10}}