{"host":"kydqlojjt9mno5rv","time":1611898118,"event":{"mods":["AchievementEnabler","BaseMod","Colored Powertips","Curses Come First","DeckTracker","Minty Spire (QoL Compilation)","Quick Restart","Replay The Spire","Shop Mod","Spicy Shops","StSLib","SuperFastMode","Synergy Search","Weighted Paths"],"gold_per_floor":[114,129,129,229,244,274,274,14,14,14,14,14,14,29,29,129,129,144,159,159,174,189,189,189],"floor_reached":23,"language":"ENG","playtime":887,"items_purged":["Normality"],"score":216,"play_id":"560ffba2-02c5-4961-af33-0befe7a38196","local_time":"20210129002838","daily_mods":["Shiny","ControlledChaos","Lethality"],"is_ascension_mode":false,"campfire_choices":[{"floor":7,"key":"REST"},{"data":"Wraith Form v2","floor":10,"key":"SMITH"},{"data":"Poison Darts","floor":12,"key":"SMITH"},{"data":"Burst","floor":15,"key":"SMITH"}],"circlet_count":0,"master_deck":["ReplayTheSpireMod:Necrosis","Corpse Explosion","Die Die Die","Atom Bomb","ReplayTheSpireMod:From All Sides","Adrenaline","Envenom","Doppelganger","Burst+1","Wraith Form v2+1","Tools of the Trade","After Image","Poison Darts+1","A Thousand Cuts","Venomology","Replay:Bag of Tricks","Malaise","Phantasmal Killer","Night Terror","Unload","Bullet Time","Storm of Steel","Glass Knife","Grand Finale","Crippling Poison","Hidden Blade","Finisher","Hidden Blade","Regret","Pot Of Greed","Pot Of Greed","Pot Of Greed","Toxin Wave","Die Die Die","Outmaneuver+1","ReplayTheSpireMod:IOU","Bane+1"],"relics":["Frozen Eye","Sizzling Blood","BargainBundle","Sling","Replay:Rubber Ducky","Replay:Bottled Steam","Grinning Jar","Replay:Grab Bag","Sozu","Painkiller Herb","Black Star","Bag of Marbles"],"acts_visited":["Exordium","TheCity"],"potions_floor_usage":[6,22,23],"damage_taken":[{"damage":14,"enemies":"Jaw Worm","floor":1,"turns":2},{"damage":0,"enemies":"Small Slimes","floor":2,"turns":1},{"damage":9,"enemies":"Cultist","floor":5,"turns":3},{"damage":2,"enemies":"Gremlin Nob","floor":6,"turns":4},{"damage":9,"enemies":"Exordium Thugs","floor":14,"turns":3},{"damage":22,"enemies":"Fading Forest","floor":16,"turns":11},{"damage":1,"enemies":"Spheric Guardian","floor":18,"turns":2},{"damage":0,"enemies":"Shell Parasite","floor":19,"turns":1},{"damage":30,"enemies":"Cultist and Chosen","floor":21,"turns":5},{"damage":35,"enemies":"Shelled Parasite and Fungi","floor":22,"turns":3},{"damage":22,"enemies":"Gremlin Leader","floor":23,"turns":1}],"seed_played":"1138922244981197753","potions_obtained":[{"floor":1,"key":"Block Potion"},{"floor":6,"key":"SneckoOil"}],"is_trial":false,"path_per_floor":["M","M","?","?","M","E","R","$","T","R","T","R","?","M","R","B",null,"?","?","?","?","?","E"],"character_chosen":"THE_SILENT","items_purchased":["BargainBundle","Sling","Hidden Blade"],"campfire_rested":1,"item_purchase_floors":[8,8,8],"current_hp_per_floor":[56,56,60,60,55,57,74,74,74,74,74,74,74,69,69,67,74,74,74,74,48,17,0,0],"gold":189,"neow_bonus":"","is_daily":true,"chose_seed":false,"campfire_upgraded":3,"win_rate":0.0,"timestamp":1611898118,"path_taken":["M","M","?","?","?","E","R","?","T","R","?","R","?","M","R","BOSS","?","?","?","?","?","E"],"items_purchased_type":["Relic","Relic","Card"],"build_version":"2020-12-22","purchased_purges":1,"victory":false,"max_hp_per_floor":[70,70,74,74,74,74,74,74,74,74,74,74,74,74,74,74,74,74,74,74,74,74,74,74],"card_choices":[{"not_picked":["Dash","Outmaneuver"],"picked":"Crippling Poison","floor":1},{"not_picked":["Flying Knee","Bane","ReplayTheSpireMod:Exploit Weakness"],"picked":"SKIP","floor":2},{"not_picked":["Flying Knee","Noxious Fumes"],"picked":"Hidden Blade","floor":5},{"not_picked":["Dagger Spray","Blur"],"picked":"Finisher","floor":6},{"not_picked":["Terror","Reflex"],"picked":"Toxin Wave","floor":14},{"not_picked":["Storm of Steel","Corpse Explosion"],"picked":"Die Die Die","floor":16},{"not_picked":["Dagger Spray","Quick Slash","Leg Sweep"],"picked":"SKIP","floor":18},{"not_picked":["Bane","Expertise"],"picked":"Outmaneuver+1","floor":19},{"not_picked":["Toxin Wave","Blade Dance"],"picked":"Bane+1","floor":21},{"not_picked":["Backflip","Quick Slash","Sucker Punch"],"picked":"SKIP","floor":22}],"player_experience":167007,"relics_obtained":[{"floor":9,"key":"Replay:Rubber Ducky"},{"floor":11,"key":"Replay:Bottled Steam"}],"event_choices":[{"damage_healed":0,"gold_gain":100,"player_choice":"Gold","damage_taken":0,"max_hp_gain":0,"max_hp_loss":0,"event_name":"Wheel of Change","floor":4,"gold_loss":0},{"damage_healed":0,"gold_gain":0,"player_choice":"Box","damage_taken":0,"relics_obtained":["Grinning Jar"],"max_hp_gain":0,"max_hp_loss":0,"event_name":"Big Fish","floor":13,"gold_loss":0,"cards_obtained":["Regret"]}],"is_beta":false,"boss_relics":[{"not_picked":["Fusion Hammer","WristBlade"],"picked":"Replay:Grab Bag"},{"not_picked":["Ectoplasm","Velvet Choker"],"picked":"Sozu"},{"not_picked":["Runic Dome","Abe\u0027s Treasure"],"picked":"Painkiller Herb"},{"not_picked":["Kintsugi","Ring of Chaos"],"picked":"Black Star"}],"items_purged_floors":[8],"is_endless":false,"potions_floor_spawned":[1,6,16,21,22],"killed_by":"Gremlin Leader","ascension_level":0}}