{"host":"pletss163z7s8pvv","time":1611907128,"event":{"mods":["AchievementEnabler","BaseMod","Better Altar","Better Match","Better Note","Better Sensory Stone","Better Skull","Better Third Choice","BetterRewards","CapriCore","ChefMod","Colored Map","Colored Powertips","Conspire","Energized Spire","Evolution","GifTheSpireLib","Hermit","Ironclad Rager","Marked Mod","Minty Spire (QoL Compilation)","Retaliation","Spicy Shops","StS++","StSLib","The Alterego","The Blue Laboratory","The Cursed","The Disciple","The Forsaken"],"gold_per_floor":[111,211,225,4,21,21,21,96,96,96,110,6,25,52,52,147,147,161,6,16,16,31,64,64,81,128,48,48,63,74,86,86,182,182,202,215,215,227,243,272,292,292,360,24,39,39,67,100,100,100],"floor_reached":51,"language":"ENG","playtime":1060,"items_purged":[],"score":1486,"play_id":"de8aacb4-2ee5-4c2e-8f36-c51082d749b9","local_time":"20210129015848","daily_mods":["Cursed Run","Hoarder","DeadlyEvents"],"is_ascension_mode":false,"campfire_choices":[{"data":"alterego_mod:GoddessCore","floor":6,"key":"SMITH"},{"data":"alterego_mod:Impale","floor":10,"key":"SMITH"},{"floor":15,"key":"REST"},{"floor":24,"key":"REST"},{"floor":32,"key":"REST"},{"floor":42,"key":"REST"},{"floor":46,"key":"REST"},{"floor":49,"key":"REST"}],"circlet_count":0,"master_deck":["alterego_mod:DeftHands","alterego_mod:Strike","alterego_mod:Strike","alterego_mod:Strike","alterego_mod:Defend","alterego_mod:Defend","alterego_mod:Defend","alterego_mod:Defend","alterego_mod:Impale+1","alterego_mod:BigMeatyClaws","alterego_mod:BrynhildrsRune","alterego_mod:1TonWallop","alterego_mod:1TonWallop","alterego_mod:1TonWallop","alterego_mod:IndependentAction","alterego_mod:IndependentAction","alterego_mod:IndependentAction","alterego_mod:GoddessCore+1","alterego_mod:GoddessCore","alterego_mod:GoddessCore","alterego_mod:Vow","alterego_mod:Vow","alterego_mod:Vow","alterego_mod:Bloomers","alterego_mod:Bloomers","alterego_mod:Bloomers","alterego_mod:Bounce","alterego_mod:Bounce","alterego_mod:Bounce","alterego_mod:Bounce","alterego_mod:Bounce","alterego_mod:Bounce","theForsaken:PlagueCurse","theForsaken:PlagueCurse","theForsaken:PlagueCurse","alterego_mod:AlterEgo","alterego_mod:AlterEgo","alterego_mod:AlterEgo","TheCursedMod:Dregs","TheCursedMod:Dregs","TheCursedMod:Dregs","conspire:NecroticWound","conspire:NecroticWound","conspire:NecroticWound","TheCursedMod:Dregs","TheCursedMod:Dregs","TheCursedMod:Dregs","alterego_mod:Cooking","alterego_mod:Cooking","alterego_mod:Cooking","alterego_mod:Jiggle","alterego_mod:Jiggle","alterego_mod:Jiggle","alterego_mod:DiscoLights+1","alterego_mod:DiscoLights+1","alterego_mod:DiscoLights+1","alterego_mod:DeftHands","alterego_mod:DeftHands","alterego_mod:DeftHands","alterego_mod:Strike","alterego_mod:Strike","alterego_mod:Strike","alterego_mod:Strike","alterego_mod:Strike","alterego_mod:Strike","alterego_mod:Strike","alterego_mod:Strike","alterego_mod:Strike","alterego_mod:Defend","alterego_mod:Defend","alterego_mod:Defend","alterego_mod:Defend","alterego_mod:Defend","alterego_mod:Defend","alterego_mod:Defend","alterego_mod:Defend","alterego_mod:Defend","alterego_mod:Defend","alterego_mod:Defend","alterego_mod:Defend","alterego_mod:Impale+1","alterego_mod:Impale+1","alterego_mod:Impale+1","alterego_mod:BigMeatyClaws","alterego_mod:BigMeatyClaws","alterego_mod:BigMeatyClaws","alterego_mod:BrynhildrsRune","alterego_mod:BrynhildrsRune","alterego_mod:BrynhildrsRune","alterego_mod:1TonWallop","alterego_mod:1TonWallop","alterego_mod:1TonWallop","alterego_mod:1TonWallop","alterego_mod:1TonWallop","alterego_mod:1TonWallop","alterego_mod:1TonWallop","alterego_mod:1TonWallop","alterego_mod:1TonWallop","alterego_mod:IndependentAction","alterego_mod:IndependentAction","alterego_mod:IndependentAction","alterego_mod:IndependentAction","alterego_mod:IndependentAction","alterego_mod:IndependentAction","alterego_mod:IndependentAction","alterego_mod:IndependentAction","alterego_mod:IndependentAction","alterego_mod:GoddessCore+1","alterego_mod:GoddessCore+1","alterego_mod:GoddessCore+1","alterego_mod:GoddessCore","alterego_mod:GoddessCore","alterego_mod:GoddessCore","alterego_mod:GoddessCore","alterego_mod:GoddessCore","alterego_mod:GoddessCore","alterego_mod:Vow","alterego_mod:Vow","alterego_mod:Vow","alterego_mod:Vow","alterego_mod:Vow","alterego_mod:Vow+1","alterego_mod:Vow","alterego_mod:Vow","alterego_mod:Bloomers","alterego_mod:Bloomers","alterego_mod:Bloomers","alterego_mod:Bloomers","alterego_mod:Bloomers","alterego_mod:Bloomers","alterego_mod:Bloomers","alterego_mod:Bloomers","alterego_mod:Bloomers","alterego_mod:Bounce","alterego_mod:Bounce","alterego_mod:Bounce","alterego_mod:Bounce","alterego_mod:Bounce","alterego_mod:Bounce","alterego_mod:Bounce","alterego_mod:Bounce","alterego_mod:Bounce","alterego_mod:Bounce","alterego_mod:Bounce","alterego_mod:Bounce","alterego_mod:Bounce","alterego_mod:Bounce","alterego_mod:Bounce","alterego_mod:Bounce","alterego_mod:Bounce","alterego_mod:Bounce","theForsaken:PlagueCurse","theForsaken:PlagueCurse","theForsaken:PlagueCurse","theForsaken:PlagueCurse","theForsaken:PlagueCurse","theForsaken:PlagueCurse","theForsaken:PlagueCurse","theForsaken:PlagueCurse","theForsaken:PlagueCurse","alterego_mod:AlterEgo","alterego_mod:AlterEgo","alterego_mod:AlterEgo","alterego_mod:AlterEgo","alterego_mod:AlterEgo","alterego_mod:AlterEgo","alterego_mod:AlterEgo","alterego_mod:AlterEgo","alterego_mod:AlterEgo","TheCursedMod:Dregs","TheCursedMod:Dregs","TheCursedMod:Dregs","TheCursedMod:Dregs","TheCursedMod:Dregs","TheCursedMod:Dregs","TheCursedMod:Dregs","TheCursedMod:Dregs","TheCursedMod:Dregs","conspire:NecroticWound","conspire:NecroticWound","conspire:NecroticWound","conspire:NecroticWound","conspire:NecroticWound","conspire:NecroticWound","conspire:NecroticWound","conspire:NecroticWound","conspire:NecroticWound","TheCursedMod:Dregs","TheCursedMod:Dregs","TheCursedMod:Dregs","TheCursedMod:Dregs","TheCursedMod:Dregs","TheCursedMod:Dregs","TheCursedMod:Dregs","TheCursedMod:Dregs","TheCursedMod:Dregs","alterego_mod:Cooking","alterego_mod:Cooking","alterego_mod:Cooking","alterego_mod:Cooking","alterego_mod:Cooking","alterego_mod:Cooking","alterego_mod:Cooking","alterego_mod:Cooking","alterego_mod:Cooking","alterego_mod:Jiggle","alterego_mod:Jiggle","alterego_mod:Jiggle","alterego_mod:Jiggle","alterego_mod:Jiggle","alterego_mod:Jiggle","alterego_mod:Jiggle","alterego_mod:Jiggle","alterego_mod:Jiggle","alterego_mod:DiscoLights+1","alterego_mod:DiscoLights+1","alterego_mod:DiscoLights+1","alterego_mod:DiscoLights+1","alterego_mod:DiscoLights+1","alterego_mod:DiscoLights+1","alterego_mod:DiscoLights+1","alterego_mod:DiscoLights+1","alterego_mod:DiscoLights+1","alterego_mod:Pet+1","alterego_mod:Pet+1","alterego_mod:Pet+1","alterego_mod:Swimsuit","alterego_mod:Swimsuit","alterego_mod:Swimsuit","alterego_mod:Smother","alterego_mod:Smother","alterego_mod:Smother","TheCursedMod:Dregs","TheCursedMod:Dregs","TheCursedMod:Dregs","alterego_mod:SakuraFive","alterego_mod:SakuraFive","alterego_mod:SakuraFive","alterego_mod:Santa","alterego_mod:Santa","alterego_mod:Santa","alterego_mod:Crossover","alterego_mod:Crossover","alterego_mod:Crossover","alterego_mod:Complex+1","alterego_mod:Complex+1","alterego_mod:Complex+1","Injury","Injury","Injury","alterego_mod:Palingenesis","alterego_mod:Palingenesis","alterego_mod:Palingenesis","CurseOfTheBell","CurseOfTheBell","CurseOfTheBell","alterego_mod:Bounce","alterego_mod:Bounce","alterego_mod:Bounce","alterego_mod:SakuraFive+1","alterego_mod:SakuraFive+1","alterego_mod:SakuraFive+1","AscendersBane","AscendersBane","AscendersBane","alterego_mod:STier+1","alterego_mod:STier+1","alterego_mod:STier+1","alterego_mod:MagicResistance+1","alterego_mod:MagicResistance+1","alterego_mod:MagicResistance+1","alterego_mod:BusterCard+1","alterego_mod:BusterCard+1","alterego_mod:BusterCard+1","Writhe","Writhe","Writhe","alterego_mod:SakuraLabyrinth+1","alterego_mod:SakuraLabyrinth","alterego_mod:SakuraLabyrinth","alterego_mod:DustData","alterego_mod:DustData","alterego_mod:DustData","alterego_mod:Nekomimi+1","alterego_mod:Nekomimi+1","alterego_mod:Nekomimi+1","Normality","Normality","Normality"],"relics":["Cursed Key","Darkstone Periapt","Du-Vu Doll","EVO:Axolotl","Vajra","Medical Kit","Bronze Scales","conspire:Boomerang","Astrolabe","Strawberry","Lantern","Calling Bell","Happy Flower","Singing Bowl","Mango","Bag of Marbles","StSpp:TwinEgg","Lee\u0027s Waffle","Blood Vial","War Paint","Oddly Smooth Stone"],"acts_visited":["Exordium","TheCity","TheBeyond"],"potions_floor_usage":[14,16,16,50,50],"damage_taken":[{"damage":10,"enemies":"Small Slimes","floor":1,"turns":3},{"damage":16,"enemies":"Jaw Worm","floor":3,"turns":2},{"damage":0,"enemies":"2 Louse","floor":5,"turns":2},{"damage":12,"enemies":"conspire:2 RoseBushes","floor":11,"turns":1},{"damage":19,"enemies":"3 Louse","floor":13,"turns":2},{"damage":9,"enemies":"3 Sentries","floor":14,"turns":3},{"damage":0,"enemies":"Slime Boss","floor":16,"turns":3},{"damage":0,"enemies":"Spheric Guardian","floor":18,"turns":2},{"damage":18,"enemies":"Chosen","floor":20,"turns":2},{"damage":12,"enemies":"Centurion and Healer","floor":22,"turns":2},{"damage":59,"enemies":"Slavers","floor":23,"turns":3},{"damage":21,"enemies":"Snake Plant","floor":25,"turns":2},{"damage":3,"enemies":"Snecko","floor":29,"turns":3},{"damage":15,"enemies":"Chosen and Byrds","floor":30,"turns":2},{"damage":4,"enemies":"3 Cultists","floor":31,"turns":2},{"damage":0,"enemies":"Automaton","floor":33,"turns":2},{"damage":18,"enemies":"Orb Walker","floor":35,"turns":3},{"damage":41,"enemies":"3 Shapes","floor":36,"turns":5},{"damage":4,"enemies":"Maw","floor":38,"turns":2},{"damage":28,"enemies":"4 Shapes","floor":39,"turns":2},{"damage":0,"enemies":"Giant Head","floor":40,"turns":2},{"damage":37,"enemies":"Writhing Mass","floor":41,"turns":3},{"damage":34,"enemies":"3 Darklings","floor":45,"turns":4},{"damage":48,"enemies":"Reptomancer","floor":47,"turns":3},{"damage":36,"enemies":"Nemesis","floor":48,"turns":3},{"damage":62,"enemies":"Awakened One","floor":50,"turns":4}],"seed_played":"1214738280171678540","potions_obtained":[{"floor":1,"key":"PowerPotion"},{"floor":5,"key":"LiquidBronze"},{"floor":14,"key":"FearPotion"},{"floor":22,"key":"DDmod:CleansePotion"},{"floor":25,"key":"PowerPotion"}],"is_trial":true,"path_per_floor":["M","?","M","$","M","R","$","?","T","R","M","$","M","E","R","B",null,"M","$","M","?","M","E","R","M","T","$","?","M","M","M","R","B",null,"M","M","?","M","M","E","M","R","T","$","M","R","E","E","R","B",null],"character_chosen":"The_Alterego","items_purchased":["Vajra","Medical Kit","alterego_mod:Bloomers","alterego_mod:Bounce","alterego_mod:Jiggle","CultistPotion","alterego_mod:SakuraFive","Lee\u0027s Waffle","Blood Vial","alterego_mod:SakuraLabyrinth"],"campfire_rested":6,"item_purchase_floors":[4,4,12,12,19,19,27,44,44,44],"current_hp_per_floor":[67,67,51,51,58,58,58,47,65,65,53,53,34,43,69,87,160,160,160,142,358,346,297,383,362,380,380,411,408,393,389,411,429,461,443,408,426,430,404,404,367,483,501,508,474,508,462,431,510,469],"gold":100,"neow_bonus":"","is_daily":false,"chose_seed":false,"campfire_upgraded":2,"win_rate":0.0,"timestamp":1611907128,"path_taken":["M","?","M","$","?","R","?","?","T","R","M","$","?","E","R","BOSS","M","$","M","?","M","?","R","M","T","$","?","M","M","M","R","BOSS","M","M","?","M","?","E","M","R","T","?","M","R","E","?","R","BOSS"],"items_purchased_type":["Relic","Relic","Card","Card","Card","Potion","Card","Relic","Relic","Card"],"build_version":"2020-12-22","purchased_purges":0,"victory":true,"max_hp_per_floor":[70,70,70,70,70,70,70,70,88,88,88,88,88,88,88,106,160,160,160,160,376,376,383,383,383,401,401,411,411,411,411,411,429,461,461,461,479,481,483,483,483,483,501,508,508,508,510,510,510,528],"card_choices":[{"not_picked":["alterego_mod:Rip","alterego_mod:Birthday"],"picked":"alterego_mod:1TonWallop","floor":1},{"not_picked":["alterego_mod:Cycle","alterego_mod:GoddessCore"],"picked":"alterego_mod:IndependentAction","floor":3},{"not_picked":["alterego_mod:Schoolgirl","alterego_mod:Maid"],"picked":"alterego_mod:GoddessCore","floor":5},{"not_picked":["alterego_mod:MagicResistance","alterego_mod:Pet"],"picked":"alterego_mod:Vow","floor":11},{"not_picked":["alterego_mod:MaintainEyeContact","alterego_mod:Belts"],"picked":"alterego_mod:Bounce","floor":13},{"not_picked":["alterego_mod:Maid","alterego_mod:Schoolgirl","alterego_mod:Bloomers"],"picked":"SKIP","floor":14},{"not_picked":["alterego_mod:Antipathy","alterego_mod:RingBreak"],"picked":"alterego_mod:AlterEgo","floor":16},{"not_picked":["alterego_mod:Undulate","alterego_mod:Belts"],"picked":"alterego_mod:Cooking","floor":18},{"not_picked":["alterego_mod:SuperDuperMasochism+1","alterego_mod:Maid"],"picked":"alterego_mod:DiscoLights+1","floor":20},{"not_picked":["alterego_mod:Clap","alterego_mod:Complex+1"],"picked":"alterego_mod:Pet+1","floor":22},{"not_picked":["alterego_mod:DiscoLights","alterego_mod:Undulate+1"],"picked":"alterego_mod:Swimsuit","floor":23},{"not_picked":["alterego_mod:RidiculouslyBig","alterego_mod:Tantrum"],"picked":"alterego_mod:Smother","floor":25},{"not_picked":["alterego_mod:Birthday","alterego_mod:Punishment"],"picked":"alterego_mod:Santa","floor":29},{"not_picked":["alterego_mod:PerceptionDisorder","alterego_mod:Support"],"picked":"alterego_mod:Crossover","floor":30},{"not_picked":["alterego_mod:DeftHands","alterego_mod:Bunnysuit"],"picked":"alterego_mod:Complex+1","floor":31},{"not_picked":["alterego_mod:Tantrum","alterego_mod:InsideBaseball"],"picked":"alterego_mod:Palingenesis","floor":33},{"not_picked":["alterego_mod:Crossover","alterego_mod:Cooking"],"picked":"alterego_mod:Bounce","floor":35},{"not_picked":["alterego_mod:Cooking","alterego_mod:PerceptionDisorder"],"picked":"alterego_mod:SakuraFive+1","floor":36},{"not_picked":["alterego_mod:Birthday","alterego_mod:DiscoLights+1","alterego_mod:Valkyrie"],"picked":"Singing Bowl","floor":38},{"not_picked":["alterego_mod:Maid+1","alterego_mod:Cooking","alterego_mod:BiFurious"],"picked":"Singing Bowl","floor":39},{"not_picked":["alterego_mod:Cycle","alterego_mod:DeftHands"],"picked":"alterego_mod:MagicResistance+1","floor":40},{"not_picked":["alterego_mod:Punishment","alterego_mod:Birthday"],"picked":"alterego_mod:BusterCard+1","floor":41},{"not_picked":["alterego_mod:SuperDuperMasochism","alterego_mod:MagicResistance"],"picked":"alterego_mod:DustData","floor":45},{"not_picked":["alterego_mod:Cooking+1","alterego_mod:GIGAMILK","alterego_mod:DustData"],"picked":"Singing Bowl","floor":47},{"not_picked":["alterego_mod:SakuraLabyrinth","alterego_mod:Mirror"],"picked":"alterego_mod:Nekomimi+1","floor":48}],"player_experience":467054,"relics_obtained":[{"floor":9,"key":"Bronze Scales"},{"floor":14,"key":"conspire:Boomerang"},{"floor":23,"key":"Strawberry"},{"floor":26,"key":"Lantern"},{"floor":34,"key":"Happy Flower"},{"floor":34,"key":"Singing Bowl"},{"floor":34,"key":"Mango"},{"floor":40,"key":"Bag of Marbles"},{"floor":43,"key":"StSpp:TwinEgg"},{"floor":47,"key":"War Paint"},{"floor":48,"key":"Oddly Smooth Stone"}],"event_choices":[{"damage_healed":0,"gold_gain":100,"player_choice":"Pray","damage_taken":0,"max_hp_gain":0,"max_hp_loss":0,"event_name":"Golden Shrine","floor":2,"gold_loss":0},{"damage_healed":0,"gold_gain":75,"player_choice":"Gold","damage_taken":11,"max_hp_gain":0,"max_hp_loss":0,"event_name":"betterThird:BetterGoop","floor":8,"gold_loss":0},{"cards_removed":["alterego_mod:Vow"],"damage_healed":21,"gold_gain":0,"player_choice":"Offered Rare","damage_taken":0,"max_hp_gain":10,"max_hp_loss":0,"event_name":"Bonfire Elementals","floor":28,"gold_loss":0},{"damage_healed":0,"gold_gain":3,"player_choice":"3","damage_taken":0,"max_hp_gain":0,"max_hp_loss":0,"event_name":"betterStone:BetterStone","floor":37,"gold_loss":0,"cards_obtained":["alterego_mod:STier"]}],"is_beta":false,"boss_relics":[{"not_picked":["conspire:SeveredTorchhead","energizedSpire:SpiderWeb"],"picked":"Astrolabe"},{"not_picked":["Sozu","Black Star"],"picked":"Calling Bell"}],"items_purged_floors":[],"is_endless":false,"potions_floor_spawned":[1,5,14,22,25,31,33,39,41,45,47,48],"ascension_level":0}}