{"host":"mku5fdaoqz3qihec","time":1611926947,"event":{"mods":["100% Spire Juice","2.2 Compatiblity","AchievementEnabler","Arknights The Spire","BaseMod","CapriCore","Colored Map","Colored Powertips","Hermit","Koishi","Minty Spire (QoL Compilation)","Rare Cards Sparkle","StSLib","SuperFastMode","The Dragon Tamer","The Immortal","The Servant 0.9.4"],"gold_per_floor":[113,130,205,225,243,261,261,284,284,284,284,284,314,314,314,419,419,430,430,440,450,76,107,107,126,126,140,140,140,40,50,50,153,153,167,167,167],"floor_reached":36,"language":"KOR","playtime":1022,"items_purged":["ats:Strike G","ats:Strike C"],"score":480,"play_id":"139670bd-f1e2-4f0b-94b6-c9ddec912d5a","local_time":"20210129222907","is_ascension_mode":true,"campfire_choices":[{"data":"ats:Roar Of Ursus","floor":7,"key":"SMITH"},{"floor":10,"key":"REST"},{"floor":12,"key":"REST"},{"floor":15,"key":"REST"},{"data":"ats:Ambush","floor":24,"key":"SMITH"},{"data":"ats:Neurotoxin","floor":29,"key":"SMITH"},{"floor":32,"key":"REST"}],"circlet_count":0,"master_deck":["ats:Strike V+1","ats:Armor Crushing Shot","ats:Defend","ats:Defend+1","ats:Emotion Absorption","ats:Roar Of Ursus+1","ats:Poison Spread","ats:Hammer On","ats:Defend Order","ats:Overload","ats:Ambush+1","ats:Wolf Pack","ats:Serious Mode+1","ats:Assault Order+1","ats:Hook Shot","ats:Closed Bolt Burst Fire","ats:Neurotoxin+1","ats:Defend Order","ats:Shadow Assault","ats:Very Hot Blade+1","ats:Thorns+1","ats:Healing Strengthening+1","ats:Apocalypse+1"],"relics":["ats:Sanity","Odd Mushroom","Sundial","ats:Originium","Orichalcum","Dead Branch","ats:Omniscience","TungstenRod","Calipers","Question Card","ats:Hidden Killer","Astrolabe"],"acts_visited":["Exordium","TheCity","TheBeyond"],"potions_floor_usage":[6,18,31,31,33],"damage_taken":[{"damage":8.0,"enemies":"Jaw Worm","floor":1.0,"turns":5.0},{"damage":6.0,"enemies":"Cultist","floor":2.0,"turns":3.0},{"damage":0,"enemies":"Small Slimes","floor":4,"turns":4},{"damage":14,"enemies":"Blue Slaver","floor":5,"turns":4},{"damage":10,"enemies":"3 Louse","floor":6,"turns":3},{"damage":12,"enemies":"The Mushroom Lair","floor":8,"turns":4},{"damage":23,"enemies":"3 Sentries","floor":13,"turns":8},{"damage":12,"enemies":"The Guardian","floor":16,"turns":13},{"damage":8,"enemies":"2 Thieves","floor":18,"turns":5},{"damage":16,"enemies":"3 Byrds","floor":20,"turns":6},{"damage":0,"enemies":"Centurion and Healer","floor":21,"turns":6},{"damage":26,"enemies":"Book of Stabbing","floor":23,"turns":6},{"damage":0,"enemies":"Sentry and Sphere","floor":25,"turns":4},{"damage":8,"enemies":"Chosen and Byrds","floor":27,"turns":6},{"damage":12,"enemies":"Snake Plant","floor":31,"turns":4},{"damage":11,"enemies":"Automaton","floor":33,"turns":9},{"damage":49,"enemies":"3 Shapes","floor":35,"turns":5}],"seed_played":"-9020836374625243279","potions_obtained":[{"floor":1.0,"key":"FearPotion"},{"floor":5,"key":"SneckoOil"},{"floor":16,"key":"Regen Potion"},{"floor":20,"key":"SneckoOil"},{"floor":23,"key":"ColorlessPotion"},{"floor":25,"key":"Strength Potion"},{"floor":33,"key":"Dexterity Potion"},{"floor":35,"key":"Strength Potion"}],"is_trial":false,"path_per_floor":["M","M","?","M","M","M","R","?","T","R","?","R","E","T","R","B",null,"M","?","M","M","$","E","R","M","T","M","?","R","$","M","R","B",null,"M","?"],"character_chosen":"DOCTOR_CLASS","items_purchased":["TungstenRod"],"campfire_rested":4,"item_purchase_floors":[22],"current_hp_per_floor":[57,51,45,45,31,21,21,9,9,28,15,34,11,11,30,18,53,54,54,38,44,44,18,18,41,41,33,33,33,33,21,40,29,56,7,0,0],"gold":167,"neow_bonus":"THREE_RARE_CARDS","is_daily":false,"chose_seed":false,"campfire_upgraded":3,"win_rate":0.0,"timestamp":1611926947,"path_taken":["M","M","?","?","M","M","R","?","T","R","?","R","E","?","R","BOSS","M","?","?","M","$","E","R","M","T","M","?","R","$","M","R","BOSS","M","?"],"items_purchased_type":["Relic"],"build_version":"2020-12-22","purchased_purges":2,"victory":false,"max_hp_per_floor":[65,65,65,65,65,65,65,65,65,65,65,65,65,65,65,65,65,65,65,65,65,65,65,65,65,65,65,65,65,65,65,65,65,65,65,65,65],"card_choices":[{"not_picked":["ats:Durian","ats:Fractured Body"],"picked":"ats:Roar Of Ursus","floor":0.0},{"not_picked":["ats:Part Time Job","ats:Beaten Up"],"picked":"ats:Poison Spread","floor":1.0},{"not_picked":["ats:Explosion Area Strengthen","ats:Cat Scratch"],"picked":"ats:Hammer On","floor":2.0},{"not_picked":["ats:Soul Absorption","ats:Leaping Hammer"],"picked":"ats:Defend Order","floor":4},{"not_picked":["ats:Shadow Assault","ats:Song Of Battle","ats:Cat Scratch"],"picked":"SKIP","floor":5},{"not_picked":["ats:Healing Drone","ats:Cat Scratch","ats:Guard Mode"],"picked":"SKIP","floor":6},{"not_picked":["ats:Soul Absorption","ats:LN2 Cannon"],"picked":"ats:Overload","floor":8},{"not_picked":["ats:Cat Scratch","ats:Leaping Hammer"],"picked":"ats:Ambush","floor":13},{"not_picked":["ats:Dogmatic Field","ats:Echo Reverb"],"picked":"ats:Wolf Pack","floor":16},{"not_picked":["ats:Sunburst","ats:Beaten Up"],"picked":"ats:Serious Mode+1","floor":18},{"not_picked":["ats:Consecutive Shot Auto+1","ats:Chain Hook+1","ats:Hammer On"],"picked":"SKIP","floor":20},{"not_picked":["ats:Cat Scratch","ats:Shadow Raid"],"picked":"ats:Assault Order+1","floor":21},{"not_picked":["ats:Powerful Strike","ats:Curse Doll"],"picked":"ats:Hook Shot","floor":23},{"not_picked":["ats:Revitalization+1","ats:Apocalypse+1"],"picked":"ats:Closed Bolt Burst Fire","floor":25},{"not_picked":["ats:Explosion Area Strengthen+1","ats:Demon Strength","ats:Support Order"],"picked":"ats:Neurotoxin","floor":27},{"not_picked":["ats:Phantom","ats:Composite Medical Shells","ats:Healing Drone+1"],"picked":"ats:Defend Order","floor":31},{"not_picked":["ats:Nebulous Foxfire","ats:Calcification","ats:Durian"],"picked":"ats:Shadow Assault","floor":33},{"not_picked":["ats:Powerful Strike","ats:Consecutive Shot Auto+1","ats:Healing Strengthening+1"],"picked":"ats:Apocalypse+1","floor":35}],"player_experience":292352,"relics_obtained":[{"floor":8,"key":"Odd Mushroom"},{"floor":9,"key":"Sundial"},{"floor":13,"key":"ats:Originium"},{"floor":13,"key":"Orichalcum"},{"floor":14,"key":"Dead Branch"},{"floor":23,"key":"ats:Originium"},{"floor":23,"key":"Calipers"},{"floor":26,"key":"Question Card"}],"event_choices":[{"damage_healed":0,"gold_gain":75,"player_choice":"Touch","damage_taken":6,"max_hp_gain":0,"max_hp_loss":0,"event_name":"FaceTrader","floor":3,"gold_loss":0},{"damage_healed":0,"gold_gain":0,"player_choice":"Fought Mushrooms","damage_taken":0,"max_hp_gain":0,"max_hp_loss":0,"event_name":"Mushrooms","floor":8,"gold_loss":0},{"damage_healed":0,"gold_gain":0,"player_choice":"Entered Light","damage_taken":13,"max_hp_gain":0,"max_hp_loss":0,"event_name":"Shining Light","floor":11,"gold_loss":0,"cards_upgraded":["ats:Defend","ats:Strike V"]},{"damage_healed":0,"gold_gain":0,"player_choice":"Ignored","damage_taken":0,"max_hp_gain":0,"max_hp_loss":0,"event_name":"N\u0027loth","floor":19,"gold_loss":0},{"damage_healed":0,"gold_gain":0,"player_choice":"Opened","damage_taken":0,"relics_obtained":["ats:Hidden Killer"],"max_hp_gain":0,"max_hp_loss":0,"event_name":"The Mausoleum","floor":28,"gold_loss":0,"cards_obtained":["Writhe"]},{"damage_healed":0,"gold_gain":0,"player_choice":"Embrace Madness","damage_taken":8,"max_hp_gain":0,"max_hp_loss":0,"event_name":"Winding Halls","floor":36,"gold_loss":0,"cards_obtained":["Madness","Madness"]}],"is_beta":false,"boss_relics":[{"not_picked":["Runic Pyramid","Snecko Eye"],"picked":"ats:Omniscience"},{"not_picked":["Tiny House","Velvet Choker"],"picked":"Astrolabe"}],"items_purged_floors":[22,30],"is_endless":false,"potions_floor_spawned":[1,5,16,20,23,25,33,35],"ascension_level":5}}