{"host":"0azimyi6n3ugndj4","time":1611955018,"event":{"mods":["2.2 Compatiblity","BaseMod","Bestiary","Conspire","Curses Come First","Defuse TimeMaze Blight","Hermit","Hubris","Hyrulean Relics","Infinite Spire","Keyboard Shortcuts","Minty Spire (QoL Compilation)","Relic Filter Mod","Relic Stats","Reliquary","Replay The Spire","StSLib","SuperFastMode","The Cursed","The Hierophant","Uncapped","¡¼?Úª?ø«¡½REMEMod"],"gold_per_floor":[264,352,252,397,397,397,14,185,185,365,530,680,854,854,854,1094,1094,1268,1268,1445,1720,1879,2107,2107,2022,2048,2048,2278,2512,2671,2596,2596,2938,2938,3100,3100,3262,3262,3262,3262,3262,3262,3262,3262,3262],"floor_reached":44,"language":"KOR","playtime":614,"items_purged":["Regret"],"score":1289,"play_id":"86ac94e7-9b25-4ec1-8f7a-62fc5ac89f86","local_time":"20210130061658","daily_mods":["Draft","Hoarder","Insanity","Chimera","Specialized","Vintage","ControlledChaos","Allstar","Diverse","Colorless Cards","Heirloom","Time Dilation","Flight","Elite Swarm","Lethality","Midas","Binary"],"is_ascension_mode":true,"campfire_choices":[{"floor":15,"key":"REST"},{"floor":24,"key":"REST"},{"floor":27,"key":"REST"},{"floor":32,"key":"REST"},{"floor":40,"key":"REST"},{"floor":42,"key":"REST"}],"circlet_count":0,"master_deck":["Wraith Form v2","Echo Form","DevaForm","AscendersBane","Bash","Survivor","Zap","Strike_R","Strike_G","Strike_B","Defend_R","Defend_G","Defend_P","Go for the Eyes","Inflame","Purity","hierophant:AuricBeam","EmptyBody","hermit:Feint","Bane","Replay:Undeath\u0027s Touch","Stack","hierophant:Martyrdom","Iron Wave","Darkness","Doom and Gloom","Dodge and Roll","ClearTheMind","hermit:HighCaliber","Undo","All Out Attack","Stack","hierophant:FlamingChariot","TheCursedMod:Evocation","Replay:ManipulateFuture","hermit:BodyArmor","Slice","TheCursedMod:FleshFromBone","Replay:ManipulateFuture","SashWhip","JustLucky","TheCursedMod:RavingStaff","Sweeping Beam","Dramatic Entrance","MentalFortress","Beam Cell","hierophant:RepressedViolence","REME_FearOfPain","Prostrate","Armaments","Genetic Algorithm","ReplayTheSpireMod:Uncanny Aura","Indignation","hierophant:PassingBell","hermit:HoleUp","Leap","hierophant:HammerAndAnvil","ReplayTheSpireMod:Strike From Hell","Expertise","hermit:Vantage","hierophant:CursedGold","Headbutt","Streamline","hierophant:Doubloon","hierophant:Doubloon","hierophant:Doubloon","hierophant:Doubloon","hierophant:Doubloon","hierophant:Doubloon","hierophant:Doubloon","hierophant:Doubloon","hierophant:Doubloon","hierophant:Doubloon","hierophant:Doubloon","hierophant:Doubloon","hierophant:Doubloon","hierophant:Doubloon","hierophant:Doubloon","hierophant:CoinFling","hierophant:CoinFling","hierophant:CoinFling","hierophant:CoinFling","hierophant:CoinFling","hierophant:CoinFling","hierophant:CoinFling","hierophant:CoinFling","hierophant:CoinFling","hierophant:CoinFling","hierophant:CoinFling","hierophant:CoinFling","hierophant:CoinFling","hierophant:CoinFling","hierophant:CoinFling","hermit:Quickdraw+1","hermit:Quickdraw","hermit:Quickdraw+1","ReplayTheSpireMod:Muscle Training","ReplayTheSpireMod:Muscle Training","ReplayTheSpireMod:Muscle Training","hermit:HoleUp","hermit:HoleUp","hermit:HoleUp","Steam Power","Steam Power","Steam Power","Clash","Clash","Clash","EmptyBody","EmptyBody","EmptyBody","Cold Snap","Cold Snap","Cold Snap","Sucker Punch","Sucker Punch","Sucker Punch","hermit:CalledShot","hermit:CalledShot","hermit:CalledShot","Prostrate","Prostrate","Prostrate","Skim","Skim","Skim","hermit:ItchyTrigger","hermit:ItchyTrigger","hermit:ItchyTrigger","hermit:Desperado","hermit:Desperado","hermit:Desperado","Crescendo","Crescendo","Crescendo","Finesse","Finesse","Finesse","TheCursedMod:StunningStrike","TheCursedMod:StunningStrike","TheCursedMod:StunningStrike","Ghostly","Ghostly","Ghostly","hierophant:OrnateBuckler","hierophant:OrnateBuckler","hierophant:OrnateBuckler","TheCursedMod:SmokeScreen","TheCursedMod:SmokeScreen","TheCursedMod:SmokeScreen","Regret","Regret","ReplayTheSpireMod:Haul","ReplayTheSpireMod:Haul","ReplayTheSpireMod:Haul"],"relics":["hermit:Momento","Frozen Eye","Busted Crown","REME_ComplimentaryCards","Ginger","Replay:Mystery Machine","zeldaRelics:BlueTunic","reliquary:TatteredRug","hubris:MobiusCoin","Chemical X","Blue Candle","zeldaRelics:CourageTriforce","reliquary:Buckler","ReplayTheSpireMod:Ninjato","REME_HandOfSuture","zeldaRelics:HylianShield","REME_HourglassOfDeath","infinitespire:Beetle Shell","infinitespire:Lucky Rock","infinitespire:FocusingShard","zeldaRelics:WisdomPiece","Red Mask","hubris:SlimyHat","zeldaRelics:MasterSword","Ornamental Fan","hubris:DisguiseKit","Empty Cage","Juzu Bracelet"],"acts_visited":["Exordium","TheCity","TheBeyond"],"potions_floor_usage":[16],"damage_taken":[{"damage":0,"enemies":"Jaw Worm","floor":1,"turns":1},{"damage":45,"enemies":"Jaw Worm","floor":2,"turns":5},{"damage":0,"enemies":"2 Louse","floor":4,"turns":3},{"damage":0,"enemies":"Cultist","floor":8,"turns":1},{"damage":0,"enemies":"2 Fungi Beasts","floor":10,"turns":1},{"damage":0,"enemies":"Large Slime","floor":11,"turns":1},{"damage":0,"enemies":"Blue Slaver","floor":13,"turns":1},{"damage":37,"enemies":"Fading Forest","floor":16,"turns":13},{"damage":1,"enemies":"Spheric Guardian","floor":18,"turns":1},{"damage":0,"enemies":"2 Thieves","floor":22,"turns":1},{"damage":0,"enemies":"Book of Stabbing","floor":23,"turns":1},{"damage":2,"enemies":"Nightmare","floor":28,"turns":4},{"damage":0,"enemies":"Masked Bandits","floor":29,"turns":1},{"damage":5,"enemies":"Snecko","floor":30,"turns":1},{"damage":42,"enemies":"Champ","floor":33,"turns":7},{"damage":9,"enemies":"3 Shapes","floor":35,"turns":2},{"damage":1,"enemies":"3 Darklings","floor":37,"turns":2},{"damage":0,"enemies":"infinitespire:Three Voidlings","floor":44,"turns":3},{"damage":62,"enemies":"Nightmare_Alpha","floor":44,"turns":2}],"seed_played":"-2104678225493036925","potions_obtained":[{"floor":2,"key":"BlessingOfTheForge"},{"floor":8,"key":"DistilledChaos"},{"floor":11,"key":"Milkshake"},{"floor":13,"key":"Block Potion"},{"floor":16,"key":"Doom Potion"},{"floor":18,"key":"Swift Potion"},{"floor":28,"key":"SkillPotion"}],"is_trial":true,"path_per_floor":["M","?","?","M","?","?","$","M","T","M","M","?","M","?","R","B",null,"M","?","?","?","M","E","R","?","T","R","NM","?","M","?","R","B",null,"M","?","M","?","?","R","AVR","R","T","?"],"character_chosen":"HERMIT","items_purchased":["hubris:MobiusCoin","Chemical X"],"campfire_rested":6,"item_purchase_floors":[7,7],"current_hp_per_floor":[64,19,19,19,24,24,24,24,24,24,24,24,24,24,46,9,59,58,61,35,35,35,35,58,58,58,79,77,77,72,72,79,37,54,45,45,44,30,30,47,47,59,59,0,0],"gold":3262,"neow_bonus":"","is_daily":false,"chose_seed":false,"campfire_upgraded":0,"win_rate":0.0,"timestamp":1611955018,"path_taken":["M","?","?","M","?","?","$","?","T","M","M","?","M","?","R","BOSS","M","?","?","?","?","E","R","?","T","R","NM","?","?","?","R","BOSS","M","?","M","?","?","R","AVR","R","T","?"],"items_purchased_type":["Relic","Relic"],"build_version":"2020-12-22","purchased_purges":1,"victory":false,"max_hp_per_floor":[71,71,71,71,76,76,76,76,76,76,76,76,76,76,76,76,76,76,79,79,79,79,79,79,79,79,79,79,79,79,79,79,79,59,59,59,59,59,59,59,59,59,59,59,59],"relic_stats":{"Busted Crown":70,"counters":[19,50],"Ornamental Fan":[16],"Blue Candle":[14],"Juzu Bracelet":0,"Ginger":[24],"Chemical X":[1],"obtain_stats":[{"zeldaRelics:BlueTunic":2,"hubris:SlimyHat":30,"Juzu Bracelet":41,"Ginger":0,"Replay:Mystery Machine":1,"Empty Cage":41,"Frozen Eye":0,"reliquary:Buckler":10,"zeldaRelics:MasterSword":34,"zeldaRelics:CouragePiece":9,"Red Mask":29,"Chemical X":7,"hubris:MobiusCoin":7,"hubris:DisguiseKit":37,"zeldaRelics:WisdomPiece":28,"ReplayTheSpireMod:Ninjato":11,"Blue Candle":8,"reliquary:TatteredRug":4,"infinitespire:Beetle Shell":20,"infinitespire:FocusingShard":25,"infinitespire:Lucky Rock":22,"zeldaRelics:CourageTriforce":26,"Busted Crown":0,"REME_HourglassOfDeath":18,"Ornamental Fan":35,"REME_HandOfSuture":13,"hermit:Momento":0,"REME_ComplimentaryCards":0,"zeldaRelics:HylianShield":17},{"zeldaRelics:BlueTunic":2,"hubris:SlimyHat":14,"Juzu Bracelet":17,"Ginger":0,"Replay:Mystery Machine":1,"Empty Cage":17,"Frozen Eye":0,"reliquary:Buckler":5,"zeldaRelics:MasterSword":15,"zeldaRelics:CouragePiece":4,"Red Mask":13,"Chemical X":3,"hubris:MobiusCoin":3,"hubris:DisguiseKit":17,"zeldaRelics:WisdomPiece":12,"ReplayTheSpireMod:Ninjato":6,"Blue Candle":4,"reliquary:TatteredRug":3,"infinitespire:Beetle Shell":9,"infinitespire:FocusingShard":11,"infinitespire:Lucky Rock":10,"zeldaRelics:CourageTriforce":11,"Busted Crown":0,"REME_HourglassOfDeath":9,"Ornamental Fan":16,"REME_HandOfSuture":7,"hermit:Momento":0,"REME_ComplimentaryCards":0,"zeldaRelics:HylianShield":8},{"zeldaRelics:BlueTunic":6,"hubris:SlimyHat":34,"Juzu Bracelet":45,"Ginger":0,"Replay:Mystery Machine":1,"Empty Cage":45,"Frozen Eye":0,"reliquary:Buckler":11,"zeldaRelics:MasterSword":41,"zeldaRelics:CouragePiece":10,"Red Mask":33,"Chemical X":9,"hubris:MobiusCoin":9,"hubris:DisguiseKit":45,"zeldaRelics:WisdomPiece":32,"ReplayTheSpireMod:Ninjato":12,"Blue Candle":10,"reliquary:TatteredRug":9,"infinitespire:Beetle Shell":27,"infinitespire:FocusingShard":29,"infinitespire:Lucky Rock":28,"zeldaRelics:CourageTriforce":29,"Busted Crown":0,"REME_HourglassOfDeath":27,"Ornamental Fan":43,"REME_HandOfSuture":13,"hermit:Momento":0,"REME_ComplimentaryCards":0,"zeldaRelics:HylianShield":26}]},"card_choices":[{"not_picked":["Bouncing Flask","Go for the Eyes"],"picked":"hermit:Quickdraw","floor":0},{"not_picked":["hierophant:Rebuild","TheCursedMod:Wield"],"picked":"ReplayTheSpireMod:Muscle Training","floor":0},{"not_picked":["hierophant:HolyVerse","hierophant:SealAway"],"picked":"hermit:HoleUp","floor":0},{"not_picked":["Flying Knee","Intimidate"],"picked":"Steam Power","floor":0},{"not_picked":["DeceiveReality","Rip and Tear"],"picked":"Clash","floor":0},{"not_picked":["hierophant:ThreeLashes","CarveReality"],"picked":"EmptyBody","floor":0},{"not_picked":["hierophant:SealAway","hermit:Misfire"],"picked":"Cold Snap","floor":0},{"not_picked":["EmptyBody","Dagger Throw"],"picked":"Sucker Punch","floor":0},{"not_picked":["hierophant:FlamingChariot","Beam Cell"],"picked":"hermit:CalledShot","floor":0},{"not_picked":["Hemokinesis","EmptyBody"],"picked":"Prostrate","floor":0},{"not_picked":["ReplayTheSpireMod:GoodbyeWorld","hierophant:Patience"],"picked":"Skim","floor":0},{"not_picked":["hermit:Manifest","hierophant:AuricBeam"],"picked":"hermit:ItchyTrigger","floor":0},{"not_picked":["Abandon","conspire:DoublingDagger"],"picked":"hermit:Desperado","floor":0},{"not_picked":["Adaptation","Indignation"],"picked":"Crescendo","floor":0},{"not_picked":["TheCursedMod:RavingStaff","Deadly Poison"],"picked":"Finesse","floor":0},{"not_picked":["infinitespire:UltimateForm","infinitespire:Menacing"],"picked":"ReplayTheSpireMod:Haul","floor":38}],"player_experience":1574618,"relics_obtained":[{"floor":1,"key":"Replay:Mystery Machine"},{"floor":2,"key":"zeldaRelics:BlueTunic"},{"floor":4,"key":"reliquary:TatteredRug"},{"floor":8,"key":"Blue Candle"},{"floor":9,"key":"zeldaRelics:CouragePiece"},{"floor":10,"key":"reliquary:Buckler"},{"floor":11,"key":"ReplayTheSpireMod:Ninjato"},{"floor":13,"key":"REME_HandOfSuture"},{"floor":18,"key":"REME_HourglassOfDeath"},{"floor":20,"key":"infinitespire:Beetle Shell"},{"floor":22,"key":"infinitespire:Lucky Rock"},{"floor":23,"key":"zeldaRelics:CouragePiece"},{"floor":26,"key":"zeldaRelics:CouragePiece"},{"floor":28,"key":"zeldaRelics:WisdomPiece"},{"floor":29,"key":"Red Mask"},{"floor":30,"key":"hubris:SlimyHat"},{"floor":35,"key":"Ornamental Fan"},{"floor":37,"key":"hubris:DisguiseKit"},{"floor":43,"key":"zeldaRelics:WisdomPiece"}],"event_choices":[{"damage_healed":0,"gold_gain":0,"player_choice":"Argue","damage_taken":0,"max_hp_gain":0,"max_hp_loss":0,"event_name":"conspire:LoneGhost","floor":3,"gold_loss":0},{"damage_healed":0,"gold_gain":0,"player_choice":"Donut","damage_taken":0,"max_hp_gain":5,"max_hp_loss":0,"event_name":"Big Fish","floor":5,"gold_loss":0},{"damage_healed":0,"gold_gain":0,"player_choice":"1 cards matched","damage_taken":0,"max_hp_gain":0,"max_hp_loss":0,"event_name":"Match and Keep!","floor":6,"gold_loss":0,"cards_obtained":["hierophant:OrnateBuckler"]},{"damage_healed":0,"gold_gain":150,"player_choice":"AGREE","damage_taken":0,"max_hp_gain":0,"max_hp_loss":0,"event_name":"Liars Game","floor":12,"gold_loss":0,"cards_obtained":["Doubt"]},{"damage_healed":0,"gold_gain":0,"cards_transformed":["Eruption"],"player_choice":"Change","damage_taken":0,"max_hp_gain":0,"max_hp_loss":0,"event_name":"Living Wall","floor":14,"gold_loss":0,"cards_obtained":["TheCursedMod:SmokeScreen"]},{"damage_healed":0,"gold_gain":275,"player_choice":"Desecrate","damage_taken":0,"max_hp_gain":0,"max_hp_loss":0,"event_name":"Golden Shrine","floor":21,"gold_loss":0,"cards_obtained":["Regret"]},{"damage_healed":0,"gold_gain":0,"player_choice":"Obtained Relic","damage_taken":0,"relics_obtained":["infinitespire:FocusingShard"],"max_hp_gain":0,"max_hp_loss":0,"event_name":"Addict","floor":25,"gold_loss":85},{"damage_healed":0,"gold_gain":0,"player_choice":"Fought Bandits","damage_taken":0,"max_hp_gain":0,"max_hp_loss":0,"event_name":"Masked Bandits","floor":29,"gold_loss":0},{"cards_removed":["Doubt"],"damage_healed":0,"gold_gain":0,"player_choice":"Gave Gold","damage_taken":0,"max_hp_gain":0,"max_hp_loss":0,"event_name":"Beggar","floor":31,"gold_loss":75},{"cards_removed":["Demon Form"],"damage_healed":0,"gold_gain":0,"player_choice":"Removed Power","damage_taken":0,"max_hp_gain":0,"max_hp_loss":0,"event_name":"Falling","floor":36,"gold_loss":0},{"damage_healed":0,"gold_gain":0,"player_choice":"Memory 1","damage_taken":0,"max_hp_gain":0,"max_hp_loss":0,"event_name":"SensoryStone","floor":39,"gold_loss":0}],"is_beta":false,"boss_relics":[{"not_picked":["Replay:Drink Me","Coffee Dripper"],"picked":"zeldaRelics:HylianShield"},{"not_picked":["ChewingGum","Ring of Chaos"],"picked":"zeldaRelics:MasterSword"}],"items_purged_floors":[41],"is_endless":true,"potions_floor_spawned":[2,8,11,13,16,18,28,30,35,37],"killed_by":"Nightmare_Alpha","ascension_level":20}}