{"host":"0gg6nsoypjji1x9f","time":1611913191,"event":{"mods":["100% Spire Juice","Arknights The Spire","BaseMod","CapriCore","GungeonMod","Hermit","HololiveMod","Jedi Mod","KinomotoSakuraMod(Ä¾Ö®±¾Ó£)","Minty Spire (QoL Compilation)","Quick Restart","Relic Filter Mod","Relic Stats","Replay The Spire","StSLib","The Dragon Tamer","The Hierophant","The Immortal","TheWitcher","Warlord Emblem","¡¾ÒÅÎï¿¨ÅÆ¡¿REMEMod"],"gold_per_floor":[114,114,135,135,157,157,171,171,197,197,227,241,265,285,285,388,388,412,327,345,345,364,39,39,66,66,104,117,117,18,35,35,130,180,204,232,250,250,277,277,345,0,80,80,105,105,159,187,187,187,187,187],"floor_reached":50,"language":"ZHS","playtime":5173,"items_purged":["Pain","REME_CurseOfMatryoshka+1"],"score":641,"play_id":"3d7b1fdc-506b-460d-b920-89ed4551cdd3","local_time":"20210129173951","is_ascension_mode":false,"metric_token":1367,"campfire_choices":[{"floor":6.0,"key":"RECALL"},{"data":"DTMod:CleansingStrike","floor":8.0,"key":"SMITH"},{"data":"DTMod:Dissolve","floor":10.0,"key":"SMITH"},{"data":"SnafuTest:LeadingCharge","floor":15.0,"key":"SMITH"},{"data":"DTMod:CrossStep","floor":24.0,"key":"SMITH"},{"floor":32.0,"key":"REST"},{"data":"DTMod:SealedStrike+1","floor":40,"key":"SMITH"},{"data":"DTMod:SealedStrike+2","floor":44,"key":"SMITH"},{"data":"DTMod:SealedStrike+3","floor":46,"key":"SMITH"},{"floor":49,"key":"DIG"}],"dtmod_dragon_data":[11,50,1,1,8,15],"circlet_count":0,"master_deck":["DTMod:Strike","DTMod:Strike","DTMod:Strike","DTMod:Strike","DTMod:DoubleHit","DTMod:TargetDefense","DTMod:TargetDefense","DTMod:TargetDefense","DTMod:TargetDefense","DTMod:SwitchingTactic","SnafuTest:LeadingCharge+1","DTMod:Dissolve+1","DTMod:Observe","DTMod:DarkBreath","DTMod:CleansingStrike+1","DTMod:CalculatedDefense","DTMod:Dissolve","DTMod:Dissolve","DTMod:MaximumCharge","DTMod:CleansingStrike","DTMod:HeadStart","DTMod:DarkBreath","DTMod:BuildUp","DTMod:RecklessFlurry","DTMod:CrossStep+1","DTMod:Threaten+1","DTMod:ForkedFire","RitualDagger","hierophant:Doubloon+1","DTMod:SealedStrike+4","DTMod:PurifyingFlame","DTMod:Training+1","DTMod:LowKick+1","DTMod:ShieldDrain+1","DTMod:Dissolve","DTMod:FlameSlash+1","DTMod:Training+1"],"relics":["DTMod:PactStone","REME_ComplimentaryCards","WarpedTongs","Tiny Chest","Onion Ring","Ring of Chaos","Blue Doll","Replay:Wax Seal","jedi:crownofsimplicity","ReplayTheSpireMod:TigerMarble","Golden Egg","jedi:shrinkray","ReplayTheSpireMod:CursedCoin","REME_PuzzleBoxRelic","Tiny House","Red Mask","Molten Egg 2","Dream Catcher","Boot"],"acts_visited":["Exordium","TheCity","TheBeyond"],"potions_floor_usage":[45,48,48],"damage_taken":[{"damage":0.0,"enemies":"Jaw Worm","floor":1.0,"turns":3.0},{"damage":0.0,"enemies":"Cultist","floor":3.0,"turns":3.0},{"damage":0.0,"enemies":"Small Slimes","floor":5.0,"turns":2.0},{"damage":0.0,"enemies":"Looter","floor":7.0,"turns":2.0},{"damage":0.0,"enemies":"Gremlin Nob","floor":11.0,"turns":4.0},{"damage":0.0,"enemies":"Blue Slaver","floor":12.0,"turns":2.0},{"damage":0.0,"enemies":"2 Fungi Beasts","floor":13.0,"turns":4.0},{"damage":1.0,"enemies":"3 Louse","floor":14.0,"turns":3.0},{"damage":21.0,"enemies":"Fading Forest","floor":16.0,"turns":11.0},{"damage":17.0,"enemies":"Shell Parasite","floor":18.0,"turns":3.0},{"damage":0.0,"enemies":"2 Thieves","floor":20.0,"turns":5.0},{"damage":0.0,"enemies":"Snecko","floor":22.0,"turns":3.0},{"damage":0.0,"enemies":"Gremlin Leader","floor":27.0,"turns":4.0},{"damage":0.0,"enemies":"3 Cultists","floor":28.0,"turns":1.0},{"damage":0.0,"enemies":"Centurion and Healer","floor":31.0,"turns":4.0},{"damage":0.0,"enemies":"Collector","floor":33.0,"turns":8.0},{"damage":0.0,"enemies":"3 Shapes","floor":35.0,"turns":2.0},{"damage":0.0,"enemies":"3 Darklings","floor":36.0,"turns":3.0},{"damage":0,"enemies":"Jaw Worm Horde","floor":37,"turns":3},{"damage":0,"enemies":"Spire Growth","floor":39,"turns":4},{"damage":0,"enemies":"3 Darklings","floor":45,"turns":3},{"damage":20,"enemies":"Transient","floor":48,"turns":5},{"damage":46,"enemies":"Awakened One","floor":50,"turns":9}],"seed_played":"1371586676357119028","potions_obtained":[{"floor":1.0,"key":"jedi:wingpotion"},{"floor":5.0,"key":"FearPotion"},{"floor":7.0,"key":"Elixir"},{"floor":13.0,"key":"LiquidMemories"},{"floor":14.0,"key":"Dexterity Potion"},{"floor":27.0,"key":"jedi:wingpotion"},{"floor":38,"key":"Death Potion"},{"floor":39,"key":"REME_GoldPotion"},{"floor":45,"key":"Elixir"},{"floor":48,"key":"SpeedPotion"}],"is_trial":false,"path_per_floor":["M","?","M","?","M","R","M","R","T","R","E","M","M","M","R","B",null,"M","?","M","?","M","$","R","T","T","E","M","?","$","M","R","B",null,"M","M","M","?","M","R","T","?","T","R","M","R","T","M","R","B"],"character_chosen":"THE_DT","items_purchased":["Replay:Wax Seal","jedi:crownofsimplicity","DTMod:CrossStep","DTMod:Threaten+1","ReplayTheSpireMod:CursedCoin","REME_PuzzleBoxRelic"],"campfire_rested":1,"item_purchase_floors":[23,23,23,23,30,30],"current_hp_per_floor":[49,49,49,49,49,49,49,49,49,49,49,49,49,48,48,43,49,32,32,32,25,25,25,25,25,25,25,25,19,19,19,35,35,59,59,59,59,59,59,59,59,59,59,59,59,59,59,43,43,0,0,0],"gold":187,"neow_bonus":"TEN_PERCENT_HP_BONUS","is_daily":false,"chose_seed":false,"campfire_upgraded":7,"win_rate":0.0,"timestamp":1611913191,"path_taken":["M","?","?","?","?","R","M","R","T","R","E","M","M","M","R","BOSS","M","?","M","?","M","?","R","?","T","E","?","?","$","M","R","BOSS","M","M","M","?","M","R","?","?","T","R","M","R","?","M","R","BOSS"],"items_purchased_type":["Relic","Relic","Card","Card","Relic","Relic"],"build_version":"2020-12-22","purchased_purges":2,"victory":false,"max_hp_per_floor":[49,49,49,49,49,49,49,49,49,49,49,49,49,49,49,49,49,49,49,49,54,54,54,54,54,54,54,54,54,54,54,54,54,59,59,59,59,59,59,59,59,59,59,59,59,59,59,59,59,59,59,59],"relic_stats":{"Dream Catcher":0,"counters":[23,91],"Tiny Chest":2,"Boot":[0],"obtain_stats":[{"Golden Egg":26,"Tiny House":34,"ReplayTheSpireMod:CursedCoin":30,"Blue Doll":19,"DemoMod:GlassGuonStoneRelic":1,"Ring of Chaos":17,"jedi:crownofsimplicity":23,"Boot":49,"WarpedTongs":4,"jedi:shrinkray":27,"Dream Catcher":47,"DTMod:PactStone":0,"Tiny Chest":9,"Onion Ring":11,"Molten Egg 2":43,"ReplayTheSpireMod:TigerMarble":25,"Red Mask":42,"Replay:Wax Seal":23,"REME_PuzzleBoxRelic":30,"REME_ComplimentaryCards":0},{"Golden Egg":12,"Tiny House":16,"ReplayTheSpireMod:CursedCoin":14,"Blue Doll":10,"DemoMod:GlassGuonStoneRelic":1,"Ring of Chaos":9,"jedi:crownofsimplicity":12,"Boot":22,"WarpedTongs":2,"jedi:shrinkray":13,"Dream Catcher":21,"DTMod:PactStone":0,"Tiny Chest":4,"Onion Ring":5,"Molten Egg 2":20,"ReplayTheSpireMod:TigerMarble":12,"Red Mask":20,"Replay:Wax Seal":12,"REME_PuzzleBoxRelic":14,"REME_ComplimentaryCards":0},{"Golden Egg":45,"Tiny House":62,"ReplayTheSpireMod:CursedCoin":50,"Blue Doll":37,"DemoMod:GlassGuonStoneRelic":3,"Ring of Chaos":34,"jedi:crownofsimplicity":45,"Boot":82,"WarpedTongs":6,"jedi:shrinkray":49,"Dream Catcher":77,"DTMod:PactStone":0,"Tiny Chest":10,"Onion Ring":14,"Molten Egg 2":74,"ReplayTheSpireMod:TigerMarble":45,"Red Mask":74,"Replay:Wax Seal":45,"REME_PuzzleBoxRelic":50,"REME_ComplimentaryCards":0}],"WarpedTongs":[85]},"card_choices":[{"not_picked":["DTMod:TagTeam","DTMod:HeatWave"],"picked":"DTMod:Dissolve","floor":1.0},{"not_picked":["DTMod:LowKick","DTMod:BizarreTactic"],"picked":"DTMod:DarkBreath","floor":3.0},{"not_picked":["DTMod:HeatWave","DTMod:LowKick"],"picked":"DTMod:CleansingStrike","floor":5.0},{"not_picked":["DTMod:BreakAttack","DTMod:BurningEnergy"],"picked":"DTMod:CalculatedDefense","floor":7.0},{"not_picked":["DTMod:CleansingStrike","DTMod:Threaten"],"picked":"DTMod:Dissolve","floor":11.0},{"not_picked":["DTMod:FierySynthesis","DTMod:Feint"],"picked":"DTMod:Dissolve","floor":12.0},{"not_picked":["DTMod:MasterPlan","DTMod:GhostSkin"],"picked":"DTMod:MaximumCharge","floor":13.0},{"not_picked":["DTMod:QuickFly","DTMod:Feint"],"picked":"DTMod:CleansingStrike","floor":14.0},{"not_picked":["DTMod:Inferno","DTMod:EchoTactic"],"picked":"DTMod:HeadStart","floor":16.0},{"not_picked":["DTMod:Weaken","DTMod:LastStand"],"picked":"DTMod:DarkBreath","floor":18.0},{"not_picked":["DTMod:DragonDance","DTMod:SneakAttack"],"picked":"DTMod:BuildUp","floor":20.0},{"not_picked":["DTMod:FlameSlash","DTMod:HeatWave"],"picked":"DTMod:RecklessFlurry","floor":22.0},{"not_picked":["DTMod:FlameSlash","DTMod:BreakAttack"],"picked":"DTMod:ForkedFire","floor":27.0},{"not_picked":["DTMod:Threaten+1","DTMod:HeatWave","DTMod:BlazingStrike"],"picked":"SKIP","floor":28.0},{"not_picked":["DTMod:ExcessFootwork","DTMod:Weaken","DTMod:HeatWave"],"picked":"SKIP","floor":31.0},{"not_picked":["DTMod:ExcessFootwork","DTMod:FierySynthesis"],"picked":"DTMod:SealedStrike","floor":33.0},{"not_picked":["DTMod:QuickFly","DTMod:MaximumCharge"],"picked":"DTMod:PurifyingFlame","floor":34.0},{"not_picked":["DTMod:MasterPlan+1","DTMod:Overwhelm"],"picked":"DTMod:Training+1","floor":35.0},{"not_picked":["DTMod:BuildUp+1","DTMod:Hide"],"picked":"DTMod:LowKick+1","floor":36.0},{"not_picked":["DTMod:HeatWave+1","DTMod:Training+1"],"picked":"DTMod:ShieldDrain+1","floor":37},{"not_picked":["DTMod:Cover+1","DTMod:DarkBreath"],"picked":"DTMod:Dissolve","floor":39},{"not_picked":["DTMod:BizarreTactic+1","DTMod:CrossStep+1"],"picked":"DTMod:FlameSlash+1","floor":45},{"not_picked":["DTMod:DeepFocus","DTMod:BuildUp+1"],"picked":"DTMod:Training+1","floor":48}],"player_experience":151214,"relics_obtained":[{"floor":9.0,"key":"Tiny Chest"},{"floor":11.0,"key":"Onion Ring"},{"floor":25.0,"key":"ReplayTheSpireMod:TigerMarble"},{"floor":26.0,"key":"Golden Egg"},{"floor":27.0,"key":"jedi:shrinkray"},{"floor":43,"key":"Molten Egg 2"},{"floor":47,"key":"Dream Catcher"},{"floor":49,"key":"Boot"}],"event_choices":[{"damage_healed":0.0,"max_hp_gain":0.0,"max_hp_loss":0.0,"gold_gain":0.0,"event_name":"Match and Keep!","player_choice":"1 cards matched","floor":2.0,"gold_loss":0.0,"damage_taken":0.0,"cards_obtained":["DTMod:Observe"]},{"damage_healed":0.0,"max_hp_gain":0.0,"max_hp_loss":0.0,"gold_gain":0.0,"event_name":"Accursed Blacksmith","player_choice":"Rummage","floor":4.0,"gold_loss":0.0,"damage_taken":0.0,"relics_obtained":["WarpedTongs"],"cards_obtained":["Pain"]},{"damage_healed":0.0,"max_hp_gain":0.0,"max_hp_loss":0.0,"gold_gain":0.0,"event_name":"Addict","player_choice":"Obtained Relic","floor":19.0,"gold_loss":85.0,"damage_taken":0.0,"relics_obtained":["Blue Doll"]},{"damage_healed":0.0,"max_hp_gain":5.0,"max_hp_loss":0.0,"gold_gain":0.0,"event_name":"Forgotten Altar","player_choice":"Shed Blood","floor":21.0,"gold_loss":0.0,"damage_taken":12.0},{"damage_healed":0.0,"max_hp_gain":0.0,"max_hp_loss":0.0,"gold_gain":0.0,"event_name":"Nest","player_choice":"Joined the Cult","floor":29.0,"gold_loss":0.0,"damage_taken":6.0,"cards_obtained":["RitualDagger"]},{"damage_healed":0,"gold_gain":0,"player_choice":"Got Potions","damage_taken":0,"max_hp_gain":0,"max_hp_loss":0,"event_name":"Lab","floor":38,"gold_loss":0},{"damage_healed":0,"gold_gain":0,"player_choice":"Paid","damage_taken":0,"relics_obtained":["Red Mask"],"max_hp_gain":0,"max_hp_loss":0,"event_name":"Tomb of Lord Red Mask","floor":42,"gold_loss":345}],"is_beta":false,"boss_relics":[{"not_picked":["Coffee Dripper","Philosopher\u0027s Stone"],"picked":"Ring of Chaos"},{"not_picked":["ChewingGum","Sozu"],"picked":"Tiny House"}],"items_purged_floors":[23,30],"is_endless":false,"potions_floor_spawned":[1,5,7,13,14,18,27,28,39,45,48],"killed_by":"Awakened One","ascension_level":0}}