{"host":"3tyeyqdkopu0dn2g","time":1611910464,"event":{"mods":["AchievementEnabler","BaseMod","BetterRewards","Minty Spire (QoL Compilation)","Quick Restart","Slay-I"],"gold_per_floor":[110,128,142,142,62,62,91,104,127,138,138,166,176,204,204,302,302,289,214,214,230,247,247,266,294,294,294,309,309,329,362,362,466,466,477,487,537,336,316,346,346,360,385,385,396,431,451,501,501,501],"floor_reached":51,"language":"ZHS","playtime":3188,"items_purged":["Strike_G","Strike_G"],"score":914,"play_id":"f66c415b-67f1-4729-a3bc-9f692d56b185","local_time":"20210129165424","is_ascension_mode":false,"campfire_choices":[{"data":"Footwork","floor":6.0,"key":"SMITH"},{"data":"Cloak And Dagger","floor":11.0,"key":"SMITH"},{"data":"Terror","floor":15.0,"key":"SMITH"},{"data":"Well Laid Plans","floor":23.0,"key":"SMITH"},{"data":"Accuracy","floor":27.0,"key":"SMITH"},{"data":"Cloak And Dagger","floor":29.0,"key":"SMITH"},{"data":"Neutralize","floor":32.0,"key":"SMITH"},{"data":"Storm of Steel","floor":41,"key":"SMITH"},{"data":"Blade Dance","floor":44,"key":"SMITH"},{"data":"Infinite Blades","floor":49,"key":"SMITH"}],"circlet_count":0,"master_deck":["Strike_G","Strike_G","Defend_G","Defend_G","Defend_G","Defend_G","Defend_G","Survivor","Neutralize+1","Infinite Blades+1","Footwork+1","Cloak And Dagger+1","Well Laid Plans+1","Terror+1","Adrenaline+1","Cloak And Dagger+1","Backflip","Accuracy+1","Storm of Steel+1","Prepared+1","Blade Dance+1","Accuracy+1","Blade Dance+1"],"relics":["Ring of the Snake","NeowsBlessing","Boot","Oddly Smooth Stone","Strawberry","Odd Mushroom","WristBlade","Mango","Gremlin Horn","Red Mask","SlaversCollar","Unceasing Top","Frozen Egg 2","Juzu Bracelet","FossilizedHelix","TungstenRod"],"acts_visited":["Exordium","TheCity","TheBeyond"],"potions_floor_usage":[33,33,33,40,42,50,50,50],"damage_taken":[{"damage":0.0,"enemies":"Jaw Worm","floor":1.0,"turns":1.0},{"damage":0.0,"enemies":"Small Slimes","floor":2.0,"turns":1.0},{"damage":0.0,"enemies":"Cultist","floor":3.0,"turns":1.0},{"damage":2.0,"enemies":"Lagavulin","floor":7.0,"turns":6.0},{"damage":1.0,"enemies":"2 Fungi Beasts","floor":8.0,"turns":5.0},{"damage":4.0,"enemies":"Large Slime","floor":10.0,"turns":6.0},{"damage":18.0,"enemies":"3 Sentries","floor":12.0,"turns":10.0},{"damage":4.0,"enemies":"Looter","floor":13.0,"turns":4.0},{"damage":15.0,"enemies":"The Mushroom Lair","floor":14.0,"turns":5.0},{"damage":14.0,"enemies":"Hexaghost","floor":16.0,"turns":10.0},{"damage":18.0,"enemies":"2 Thieves","floor":18.0,"turns":4.0},{"damage":0.0,"enemies":"Shell Parasite","floor":21.0,"turns":5.0},{"damage":2.0,"enemies":"Centurion and Healer","floor":22.0,"turns":6.0},{"damage":0.0,"enemies":"Snecko","floor":24.0,"turns":5.0},{"damage":47.0,"enemies":"Gremlin Leader","floor":25.0,"turns":6.0},{"damage":1.0,"enemies":"Shelled Parasite and Fungi","floor":28.0,"turns":4.0},{"damage":0.0,"enemies":"Centurion and Healer","floor":30.0,"turns":3.0},{"damage":17.0,"enemies":"Masked Bandits","floor":31.0,"turns":5.0},{"damage":0,"enemies":"Collector","floor":33,"turns":8},{"damage":1,"enemies":"Orb Walker","floor":35,"turns":3},{"damage":15,"enemies":"3 Darklings","floor":36,"turns":5},{"damage":21,"enemies":"2 Orb Walkers","floor":37,"turns":4},{"damage":0,"enemies":"Reptomancer","floor":40,"turns":5},{"damage":5,"enemies":"Transient","floor":42,"turns":5},{"damage":0,"enemies":"Jaw Worm Horde","floor":45,"turns":2},{"damage":0,"enemies":"Giant Head","floor":46,"turns":5},{"damage":6,"enemies":"Sphere and 2 Shapes","floor":47,"turns":1},{"damage":0,"enemies":"Mind Bloom Boss Battle","floor":48,"turns":3},{"damage":0,"enemies":"Awakened One","floor":50,"turns":5}],"seed_played":"2334240329690978690","potions_obtained":[{"floor":1.0,"key":"ColorlessPotion"},{"floor":3.0,"key":"FearPotion"},{"floor":12.0,"key":"CunningPotion"},{"floor":13.0,"key":"Swift Potion"},{"floor":16.0,"key":"Weak Potion"},{"floor":24.0,"key":"SteroidPotion"},{"floor":28.0,"key":"EssenceOfSteel"},{"floor":30.0,"key":"Explosive Potion"},{"floor":31.0,"key":"GhostInAJar"},{"floor":35,"key":"LiquidMemories"},{"floor":39,"key":"Fruit Juice"},{"floor":40,"key":"Energy Potion"},{"floor":47,"key":"BlessingOfTheForge"}],"is_trial":false,"path_per_floor":["M","M","M","?","$","R","E","M","T","M","R","E","M","?","R","B",null,"M","$","?","M","M","R","M","E","T","R","M","R","M","?","R","B",null,"M","M","?","$","?","E","R","M","T","R","M","E","M","?","R","B",null],"character_chosen":"THE_SILENT","items_purchased":["Footwork","GhostInAJar"],"campfire_rested":0,"item_purchase_floors":[5,38],"current_hp_per_floor":[70,70,70,70,70,70,68,67,67,63,63,52,48,33,33,19,77,59,59,59,59,57,57,57,24,24,24,23,23,23,6,6,6,91,90,75,54,54,54,59,59,54,54,54,54,54,48,48,48,48],"gold":501,"neow_bonus":"THREE_ENEMY_KILL","is_daily":false,"chose_seed":false,"campfire_upgraded":10,"win_rate":0.0,"timestamp":1611910464,"path_taken":["M","M","M","?","$","R","E","M","T","M","R","E","M","?","R","BOSS","M","$","?","M","M","R","M","E","T","R","M","R","?","?","R","BOSS","M","M","?","$","?","E","R","M","T","R","M","E","M","?","R","BOSS"],"items_purchased_type":["Card","Potion"],"build_version":"2020-12-22","purchased_purges":2,"victory":true,"max_hp_per_floor":[70,70,70,70,70,70,70,70,70,70,70,77,77,77,77,77,77,77,77,77,77,77,77,77,91,91,91,91,91,91,91,91,91,91,91,91,91,91,91,96,96,96,96,96,96,96,96,96,96,96],"card_choices":[{"not_picked":["Dagger Spray","Tactician"],"picked":"Infinite Blades","floor":1.0},{"not_picked":["Flying Knee","Dagger Throw","Endless Agony"],"picked":"SKIP","floor":2.0},{"not_picked":["Quick Slash","PiercingWail","Prepared"],"picked":"SKIP","floor":3.0},{"not_picked":["Grand Finale","Underhanded Strike"],"picked":"Cloak And Dagger","floor":7.0},{"not_picked":["Masterful Stab","Quick Slash","Dagger Spray"],"picked":"SKIP","floor":8.0},{"not_picked":["Flechettes","Backflip"],"picked":"Well Laid Plans","floor":10.0},{"not_picked":["Acrobatics","Deadly Poison"],"picked":"Terror","floor":12.0},{"not_picked":["PiercingWail","Choke","Predator"],"picked":"SKIP","floor":13.0},{"not_picked":["Corpse Explosion","Doppelganger"],"picked":"Adrenaline","floor":16.0},{"not_picked":["Deadly Poison+1","Backflip"],"picked":"Cloak And Dagger","floor":18.0},{"not_picked":["Poisoned Stab","Predator","Distraction"],"picked":"SKIP","floor":21.0},{"not_picked":["Outmaneuver+1","Backstab"],"picked":"Backflip","floor":22.0},{"not_picked":["Dash","Slice+1"],"picked":"Accuracy","floor":24.0},{"not_picked":["PiercingWail","Flying Knee","Quick Slash"],"picked":"SKIP","floor":25.0},{"not_picked":["Escape Plan","Setup","Slice"],"picked":"SKIP","floor":28.0},{"not_picked":["Footwork","Flying Knee","Escape Plan"],"picked":"SKIP","floor":30.0},{"not_picked":["Night Terror","Tools of the Trade"],"picked":"Storm of Steel","floor":33},{"not_picked":["Choke+1","Cloak And Dagger","Prepared"],"picked":"SKIP","floor":35},{"not_picked":["Slice","Escape Plan+1"],"picked":"Prepared+1","floor":36},{"not_picked":["Bane","Venomology","Prepared"],"picked":"SKIP","floor":40},{"not_picked":["Cloak And Dagger+1","Underhanded Strike+1"],"picked":"Blade Dance","floor":42},{"not_picked":["Blur","PiercingWail","Dagger Throw+1"],"picked":"SKIP","floor":45},{"not_picked":["Blade Dance","Tactician+1"],"picked":"Accuracy+1","floor":46},{"not_picked":["PiercingWail","Tactician"],"picked":"Blade Dance+1","floor":47}],"player_experience":95857,"relics_obtained":[{"floor":7.0,"key":"Boot"},{"floor":9.0,"key":"Oddly Smooth Stone"},{"floor":12.0,"key":"Strawberry"},{"floor":14.0,"key":"Odd Mushroom"},{"floor":25.0,"key":"Mango"},{"floor":26.0,"key":"Gremlin Horn"},{"floor":31.0,"key":"Red Mask"},{"floor":37,"key":"Unceasing Top"},{"floor":40,"key":"Frozen Egg 2"},{"floor":43,"key":"Juzu Bracelet"},{"floor":46,"key":"FossilizedHelix"},{"floor":48,"key":"TungstenRod"}],"event_choices":[{"cards_removed":["Strike_G"],"damage_healed":0.0,"max_hp_gain":0.0,"max_hp_loss":0.0,"gold_gain":0.0,"event_name":"Living Wall","player_choice":"Forget","floor":4.0,"gold_loss":0.0,"damage_taken":0.0},{"damage_healed":0.0,"max_hp_gain":0.0,"max_hp_loss":0.0,"gold_gain":0.0,"event_name":"Mushrooms","player_choice":"Fought Mushrooms","floor":14.0,"gold_loss":0.0,"damage_taken":0.0},{"damage_healed":0.0,"max_hp_gain":0.0,"max_hp_loss":0.0,"gold_gain":0.0,"event_name":"Accursed Blacksmith","player_choice":"Forge","floor":20.0,"gold_loss":0.0,"damage_taken":0.0,"cards_upgraded":["Adrenaline"]},{"damage_healed":0.0,"max_hp_gain":0.0,"max_hp_loss":0.0,"gold_gain":0.0,"event_name":"Masked Bandits","player_choice":"Fought Bandits","floor":31.0,"gold_loss":0.0,"damage_taken":0.0},{"damage_healed":0,"gold_gain":0,"player_choice":"Fight","damage_taken":0,"max_hp_gain":0,"max_hp_loss":0,"event_name":"Mysterious Sphere","floor":37,"gold_loss":0},{"damage_healed":0,"gold_gain":0,"player_choice":"Bought 1 Potion","damage_taken":0,"max_hp_gain":0,"max_hp_loss":0,"event_name":"The Woman in Blue","floor":39,"gold_loss":0},{"damage_healed":0,"gold_gain":0,"player_choice":"Fight","damage_taken":0,"max_hp_gain":0,"max_hp_loss":0,"event_name":"MindBloom","floor":48,"gold_loss":0}],"is_beta":false,"boss_relics":[{"not_picked":["Busted Crown","Ectoplasm"],"picked":"WristBlade"},{"not_picked":["Cursed Key","HoveringKite"],"picked":"SlaversCollar"}],"items_purged_floors":[19,38],"is_endless":false,"potions_floor_spawned":[1,3,12,13,16,24,28,30,31,35,40,47],"ascension_level":0}}