{"host":"9slw7l0ws16384qq","time":1611925081,"event":{"mods":["A Penny For Your Troubles","BaseMod","Colored Map","Downfall","Evolution","Hubris","Minty Spire (QoL Compilation)","Replay The Spire","StS++","StSLib"],"gold_per_floor":[99,116,116,126,36,55,55,67,67,52,52,62,62,72,89,89,89,89],"floor_reached":16,"language":"FRA","playtime":797,"items_purged":["sneckomod:Strike"],"score":94,"play_id":"50eb87e7-2a24-4208-a335-c8dc728f18b9","local_time":"20210129135801","is_ascension_mode":false,"campfire_choices":[{"data":"sneckomod:TailWhip","floor":1.0,"key":"SMITH"},{"data":"sneckomod:ImprovisedAttack","floor":9.0,"key":"SMITH"},{"data":"sneckomod:SnekBite","floor":11.0,"key":"SMITH"},{"data":"sneckomod:IronFang","floor":13,"key":"SMITH"}],"circlet_count":0,"master_deck":["sneckomod:Strike","sneckomod:Strike","sneckomod:Defend","sneckomod:Defend","sneckomod:TailWhip+1","sneckomod:SnekBite+1","sneckomod:Unknown","sneckomod:Unknown","sneckomod:IronFang+1","sneckomod:ImprovisedAttack+1","sneckomod:UnknownUncommonAttack"],"relics":["sneckomod:SneckoSoul","EVO:Axolotl"],"acts_visited":["Exordium"],"potions_floor_usage":[16,16,16,16,16],"damage_taken":[{"damage":0.0,"enemies":"2 Louse","floor":2.0,"turns":2.0},{"damage":0.0,"enemies":"Cultist","floor":4.0,"turns":2.0},{"damage":10.0,"enemies":"downfall:FleeingMerchant","floor":5.0,"turns":4.0},{"damage":1.0,"enemies":"Small Slimes","floor":6.0,"turns":3.0},{"damage":18.0,"enemies":"Exordium Thugs","floor":8.0,"turns":7.0},{"damage":31.0,"enemies":"downfall:FleeingMerchant","floor":10.0,"turns":4.0},{"damage":0.0,"enemies":"Exordium Wildlife","floor":12.0,"turns":3.0},{"damage":2,"enemies":"3 Louse","floor":14,"turns":3},{"damage":10,"enemies":"Gremlin Gang","floor":15,"turns":4},{"damage":53,"enemies":"DF_ARCHETYPE_STREAMLINE","floor":16,"turns":6}],"seed_played":"1829014681257590479","potions_obtained":[{"floor":4.0,"key":"ColorlessPotion"},{"floor":6.0,"key":"hexamod:SoulburnPotion"},{"floor":8.0,"key":"sneckomod:MuddlingPotion"}],"is_trial":false,"path_per_floor":["R","M","?","M","$","M","T","M","R","$","R","M","R","M","M","B"],"character_chosen":"THE_SNECKO","items_purchased":[],"campfire_rested":0,"item_purchase_floors":[],"current_hp_per_floor":[99,99,99,99,89,88,88,70,70,59,59,59,59,57,47,0,0,0],"gold":89,"neow_bonus":"TEN_PERCENT_HP_BONUS","is_daily":false,"chose_seed":false,"campfire_upgraded":4,"win_rate":0.0,"timestamp":1611925081,"path_taken":["R","M","?","M","$","?","T","M","R","$","R","M","R","M","M","BOSS"],"items_purchased_type":[],"build_version":"2020-12-22","purchased_purges":1,"victory":false,"max_hp_per_floor":[99,99,99,99,99,99,99,99,99,99,99,99,99,99,99,99,99,99],"card_choices":[{"not_picked":["sneckomod:SoulRoll","sneckomod:DiceBlock","sneckomod:UnknownBlock"],"picked":"SKIP","floor":2.0},{"not_picked":["sneckomod:TrashToTreasure","sneckomod:QuickMove"],"picked":"sneckomod:IronFang","floor":4.0},{"not_picked":["sneckomod:UnknownCommonSkill","sneckomod:SerpentMind","sneckomod:QuickMove"],"picked":"SKIP","floor":5.0},{"not_picked":["sneckomod:DiceBlock","sneckomod:RainOfDice","sneckomod:QuickMove"],"picked":"SKIP","floor":6.0},{"not_picked":["sneckomod:SerpentIdol","sneckomod:UnknownUncommonAttack"],"picked":"sneckomod:ImprovisedAttack","floor":8.0},{"not_picked":["sneckomod:UnknownStrike","sneckomod:RainOfDice","sneckomod:UnknownClassBLUE"],"picked":"SKIP","floor":10.0},{"not_picked":["sneckomod:QuickMove","sneckomod:SoulRoll","sneckomod:QuickBite"],"picked":"SKIP","floor":12.0},{"not_picked":["sneckomod:QuickMove","sneckomod:QuickBite"],"picked":"sneckomod:UnknownUncommonAttack","floor":14},{"not_picked":["sneckomod:SoulRoll","sneckomod:RainOfDice","sneckomod:UnknownCommonAttack"],"picked":"SKIP","floor":15}],"player_experience":1540804,"relics_obtained":[],"event_choices":[{"cards_removed":["sneckomod:Defend"],"damage_healed":0.0,"max_hp_gain":0.0,"max_hp_loss":0.0,"gold_gain":0.0,"event_name":"Bonfire Elementals","player_choice":"Offered Basic","floor":3.0,"gold_loss":0.0,"damage_taken":0.0}],"is_beta":false,"boss_relics":[],"items_purged_floors":[5],"is_endless":false,"potions_floor_spawned":[4,6,8,14,15],"killed_by":"DF_ARCHETYPE_STREAMLINE","ascension_level":0}}