{"host":"tw5nadds0x0wro7l","time":1611949915,"event":{"mods":["AchievementEnabler","Aspiration","BaseMod","Better Altar","Better Match","Better Skull","Block Reminder","CCEM2","Card Forge","CatGirl Mod","Conspire","DNKmod","Displayed Cursed Tome","Dota2Spire","Downfall","Energized Spire","Friendly Minions","Gold Saver","Grow up Mod","GungeonMod","Highlight Path","Hubris","Infinite Spire","Luminous","Minty Spire (QoL Compilation)","Poor People Problems","Practice Mode","Relic Sorter","Replay The Spire","Spicy Shops","StS++","StSLib","The Alterego","The Animator","The Death Knight","The Marked","The Senshi","TheSwordswoman","Transform Curses","UnlockEverythingMod","Waifu the Spire","WarShipGirlsR/????R mod"],"gold_per_floor":[1036,243,326,326,405,415,415],"floor_reached":6,"language":"ENG","playtime":448,"items_purged":[],"score":118,"play_id":"9913eea2-ff78-4394-a82a-305b6bc1dc0a","local_time":"20210129145155","daily_mods":["Draft","Red Cards","Green Cards","Heirloom","Time Dilation","Flight","DeadlyEvents","Cursed Run","Elite Swarm","Lethality","Midas","Night Terrors"],"is_ascension_mode":true,"campfire_choices":[],"circlet_count":0,"master_deck":["AscendersBane","Flying Knee","alterego_mod:Punishment","Flying Knee","alterego_mod:Punishment","alterego_mod:PerceptionDisorder","alterego_mod:Pet","alterego_mod:DiscoLights","alterego_mod:BreastValley","Poisoned Stab","alterego_mod:BustOut","alterego_mod:Maid","Pride","alterego_mod:Punishment"],"relics":["Cursed Key","Dota2Spire:MaskOfMadness","Seething Fire","Darkstone Periapt","Du-Vu Doll","Hammer of Thor","Anvil of the Gods","replay:Trail_Library","Replay:Towering Pillar of Hats","aspiration:Nostalgia","Slimebound:AbsorbEndCombat","ClockworkSouvenir","theSenshi:FeatherClipsRelic","Bottled Lightning","Dota2Spire:HandOfMidas","Replay:Bandana","CCEMRelics:Barrel"],"acts_visited":["Exordium"],"potions_floor_usage":[],"damage_taken":[{"damage":6,"enemies":"Small Slimes","floor":1,"turns":2},{"damage":30,"enemies":"conspire:MimicChest","floor":3,"turns":3},{"damage":4,"enemies":"Cultist","floor":5,"turns":2},{"damage":53,"enemies":"3 Sentries","floor":6,"turns":2}],"seed_played":"1449173823937020036","potions_obtained":[{"floor":1,"key":"Adrenaline Potion"},{"floor":5,"key":"Milkshake"}],"is_trial":true,"path_per_floor":["M","$","?","?","M","E"],"character_chosen":"The_Alterego","items_purchased":["aspiration:Nostalgia","ClockworkSouvenir","theSenshi:FeatherClipsRelic","Bottled Lightning"],"campfire_rested":0,"item_purchase_floors":[2,2,2,2],"current_hp_per_floor":[114,130,116,23,35,0,0],"gold":415,"neow_bonus":"","is_daily":false,"chose_seed":false,"campfire_upgraded":0,"win_rate":0.0,"timestamp":1611949915,"path_taken":["M","$","?","?","?","E"],"items_purchased_type":["Relic","Relic","Relic","Relic"],"build_version":"2020-12-22","purchased_purges":0,"victory":false,"max_hp_per_floor":[120,136,146,156,166,166,166],"card_choices":[{"not_picked":["Hidden Blade","Dagger Throw"],"picked":"Flying Knee","floor":0},{"not_picked":["Sword Boomerang","StSpp:CorrosivePoison"],"picked":"Twin Strike","floor":0},{"not_picked":["Armaments","Flex"],"picked":"Dodge and Roll","floor":0},{"not_picked":["Armaments","alterego_mod:Santa"],"picked":"Shrug It Off","floor":0},{"not_picked":["alterego_mod:Pet","Headbutt"],"picked":"alterego_mod:Punishment","floor":0},{"not_picked":["hubris:ReadiedAction","Headbutt"],"picked":"alterego_mod:DiscoLights","floor":0},{"not_picked":["ReplayTheSpireMod:Strike From Hell","Headbutt"],"picked":"Flying Knee","floor":0},{"not_picked":["Cleave","StSpp:SpareBlade"],"picked":"alterego_mod:Punishment","floor":0},{"not_picked":["alterego_mod:Complex","Dagger Spray"],"picked":"alterego_mod:PerceptionDisorder","floor":0},{"not_picked":["Replay:Undeath\u0027s Touch","Slice"],"picked":"alterego_mod:Pet","floor":0},{"not_picked":["Endless Agony","Blade Dance"],"picked":"alterego_mod:DiscoLights","floor":0},{"not_picked":["Sucker Punch","Quick Slash"],"picked":"Iron Wave","floor":0},{"not_picked":["Dagger Throw","alterego_mod:MagicResistance"],"picked":"alterego_mod:BreastValley","floor":0},{"not_picked":["Underhanded Strike","Hidden Blade"],"picked":"Poisoned Stab","floor":0},{"not_picked":["Anger","StSpp:Lure"],"picked":"alterego_mod:BustOut","floor":0},{"not_picked":["Sneak Up","alterego_mod:Lingerie"],"picked":"alterego_mod:Maid","floor":1},{"not_picked":["alterego_mod:Mirror","StSpp:IntoTheAbyss"],"picked":"alterego_mod:Punishment","floor":5}],"player_experience":108932,"relics_obtained":[{"floor":3,"key":"Dota2Spire:HandOfMidas"}],"event_choices":[{"damage_healed":0,"gold_gain":0,"player_choice":"RE RE RE ","damage_taken":109,"relics_obtained":["Dota2Spire:MaskOfMadness","Replay:Bandana","CCEMRelics:Barrel"],"max_hp_gain":0,"max_hp_loss":0,"event_name":"betterSkull:BetterSkull","floor":4,"gold_loss":0,"cards_upgraded":[]}],"is_beta":false,"boss_relics":[],"items_purged_floors":[],"is_endless":false,"potions_floor_spawned":[1,5],"killed_by":"3 Sentries","ascension_level":20}}