{"host":"u0qetpmu4y58k1tf","time":1611927585,"event":{"mods":["AchievementEnabler","BaseMod","Colored Map","Colored Powertips","Hermit","Marisa£¨Ùöéë¡¡Øª×âÞÞ£©","Minty Spire (QoL Compilation)","Replay The Spire","StSLib","SuperFastMode","The Bug Knight","The Cursed","The Hierophant","The Runesmith"],"gold_per_floor":[113,113,38,38,49,49,83,93,93,126,89,89,89,89,89,89,89],"floor_reached":16,"language":"KOR","playtime":346,"items_purged":["Regret"],"score":151,"play_id":"0a1593a8-d715-4fa8-a2f8-5cc4ce9a73d0","local_time":"20210129223945","is_ascension_mode":true,"campfire_choices":[{"data":"Warcry","floor":6,"key":"SMITH"},{"data":"Burning Pact","floor":12,"key":"SMITH"},{"floor":15,"key":"REST"}],"circlet_count":0,"master_deck":["Strike_R","Strike_R","Strike_R","Strike_R","Defend_R","Defend_R","Defend_R","Defend_R","Warcry+1","Pot Of Greed","Burning Pact+1","Pot Of Greed","Replay:Undeath\u0027s Touch","Feel No Pain+1","Dual Wield+1"],"relics":["Burning Blood","NeowsBlessing","Replay:WaspNest","Grinning Jar","Boot","Golden Egg","Self Forming Clay"],"acts_visited":["Exordium"],"potions_floor_usage":[],"damage_taken":[{"damage":0,"enemies":"Jaw Worm","floor":1,"turns":1},{"damage":0,"enemies":"Small Slimes","floor":5,"turns":2},{"damage":0,"enemies":"Lagavulin","floor":7,"turns":1},{"damage":10,"enemies":"2 Louse","floor":8,"turns":2},{"damage":55,"enemies":"3 Sentries","floor":10,"turns":7},{"damage":54,"enemies":"Slime Boss","floor":16,"turns":6}],"seed_played":"7164474484270678105","potions_obtained":[{"floor":5,"key":"Adrenaline Potion"},{"floor":10,"key":"Adrenaline Potion"}],"is_trial":false,"path_per_floor":["M","?","$","?","M","R","E","M","T","E","$","R","?","?","R","B"],"character_chosen":"IRONCLAD","items_purchased":["Feel No Pain"],"campfire_rested":1,"item_purchase_floors":[11],"current_hp_per_floor":[80,80,80,62,68,68,74,70,70,21,21,21,21,14,38,0,0],"gold":89,"neow_bonus":"THREE_ENEMY_KILL","is_daily":false,"chose_seed":false,"campfire_upgraded":2,"win_rate":0.0,"timestamp":1611927585,"path_taken":["M","?","$","?","M","R","E","M","T","E","?","R","?","?","R","BOSS"],"items_purchased_type":["Card"],"build_version":"2020-12-22","purchased_purges":1,"victory":false,"max_hp_per_floor":[80,80,80,80,80,80,80,80,80,80,80,80,80,80,80,80,80],"card_choices":[{"not_picked":["Cleave","Abandon"],"picked":"Warcry","floor":1},{"not_picked":["Abandon","ReplayTheSpireMod:Limb From Limb"],"picked":"Burning Pact","floor":5},{"not_picked":["Shockwave","Searing Blow","Blood for Blood"],"picked":"SKIP","floor":7},{"not_picked":["ReplayReversal","Thunderclap","Body Slam"],"picked":"SKIP","floor":8},{"not_picked":["Rupture","Cleave"],"picked":"Replay:Undeath\u0027s Touch","floor":10}],"player_experience":60572,"relics_obtained":[{"floor":7,"key":"Boot"},{"floor":9,"key":"Golden Egg"},{"floor":10,"key":"Self Forming Clay"}],"event_choices":[{"damage_healed":0,"gold_gain":0,"player_choice":"Box","damage_taken":0,"relics_obtained":["Replay:WaspNest"],"max_hp_gain":0,"max_hp_loss":0,"event_name":"Big Fish","floor":2,"gold_loss":0,"cards_obtained":["Regret"]},{"damage_healed":0,"gold_gain":0,"player_choice":"Success","damage_taken":18,"relics_obtained":["Grinning Jar"],"max_hp_gain":0,"max_hp_loss":0,"event_name":"Scrap Ooze","floor":4,"gold_loss":0},{"cards_removed":["Bash"],"damage_healed":0,"gold_gain":0,"player_choice":"Card Removal","damage_taken":7,"max_hp_gain":0,"max_hp_loss":0,"event_name":"Golden Wing","floor":14,"gold_loss":0}],"is_beta":false,"boss_relics":[],"items_purged_floors":[3],"is_endless":false,"potions_floor_spawned":[5,10],"killed_by":"Slime Boss","ascension_level":3}}