{"host":"qy1e0kd24tpj3i2m","time":1611928516,"event":{"mods":["Act Like it!","Alarm Clock","BaseMod","Better Skull","Better Vampires","Colored Map","Colored Powertips","Custom Start","Faster Ascension Climbing","Friendly Minions","GifTheSpireLib","Gremlin Skip","Highlight Path","Minty Spire (QoL Compilation)","Permanent Neow","Poor People Problems","Quick Restart","Red Circlet Mod","Relic Filter Mod","Relic Sorter","Reorder Act Four","SacredBarkPlus","Shop Mod","StSLib","SuperFastMode","Transform Curses","没有小屋子和绿帽子啦"],"gold_per_floor":[119,133,58,77,91,91,109,109,190,203,203,38,38,58,58,58,58],"floor_reached":16,"language":"ZHS","playtime":1087,"items_purged":["Pain"],"score":188,"play_id":"6a21c21e-3831-443a-aeb5-063c5853b6f8","local_time":"20210129225516","is_ascension_mode":true,"campfire_choices":[{"floor":6.0,"key":"DIG"},{"floor":8.0,"key":"DIG"},{"data":"Whirlwind","floor":13.0,"key":"SMITH"},{"data":"Dark Embrace","floor":15.0,"key":"SMITH"}],"circlet_count":0,"master_deck":["AscendersBane","Strike_R","Strike_R","Strike_R","Strike_R","Strike_R","Defend_R","Defend_R","Defend_R","Defend_R","Evolve","Whirlwind+1","Iron Wave","Dark Embrace+1","Ghostly Armor"],"relics":["Burning Blood","Shovel","Lizard Tail","Pen Nib","Eternal Feather","OrangePellets"],"acts_visited":["Exordium"],"potions_floor_usage":[16,16],"damage_taken":[{"damage":13.0,"enemies":"Cultist","floor":1.0,"turns":5.0},{"damage":4.0,"enemies":"2 Louse","floor":2.0,"turns":3.0},{"damage":0.0,"enemies":"Small Slimes","floor":4.0,"turns":2.0},{"damage":0.0,"enemies":"3 Louse","floor":5.0,"turns":1.0},{"damage":21.0,"enemies":"Blue Slaver","floor":7.0,"turns":4.0},{"damage":8.0,"enemies":"2 Fungi Beasts","floor":10.0,"turns":4.0},{"damage":8.0,"enemies":"Lots of Slimes","floor":14.0,"turns":2.0},{"damage":89,"enemies":"Hexaghost","floor":16,"turns":12}],"seed_played":"2002921816961267117","potions_obtained":[{"floor":1.0,"key":"ElixirPotion"},{"floor":2.0,"key":"Explosive Potion"},{"floor":7.0,"key":"BlessingOfTheForge"},{"floor":10.0,"key":"SkillPotion"}],"is_trial":false,"path_per_floor":["M","M","$","M","M","R","M","R","T","M","?","$","R","M","R","B"],"character_chosen":"IRONCLAD","items_purchased":["OrangePellets"],"campfire_rested":0,"item_purchase_floors":[12],"current_hp_per_floor":[61,63,63,69,75,75,60,60,60,58,51,51,60,58,67,15,15],"gold":58,"neow_bonus":"ONE_RARE_RELIC","is_daily":false,"chose_seed":false,"campfire_upgraded":2,"win_rate":0.0,"timestamp":1611928516,"path_taken":["M","M","$","?","M","R","M","R","T","M","?","$","R","M","R","BOSS"],"items_purchased_type":["Relic"],"build_version":"2020-12-22","purchased_purges":1,"victory":false,"max_hp_per_floor":[75,75,75,75,75,75,75,75,75,75,75,75,75,75,75,75,75],"card_choices":[{"not_picked":["Havoc","Perfected Strike"],"picked":"Evolve","floor":1.0},{"not_picked":["Clash","Clothesline"],"picked":"Whirlwind","floor":2.0},{"not_picked":["Cleave","Clothesline"],"picked":"Iron Wave","floor":4.0},{"not_picked":["Perfected Strike","Battle Trance"],"picked":"Dark Embrace","floor":5.0},{"not_picked":["Rupture","Evolve","Immolate"],"picked":"SKIP","floor":7.0},{"not_picked":["Wild Strike","Hemokinesis"],"picked":"Ghostly Armor","floor":10.0},{"not_picked":["Infernal Blade","Sword Boomerang","Armaments"],"picked":"SKIP","floor":14.0}],"player_experience":961419,"relics_obtained":[{"floor":6.0,"key":"Lizard Tail"},{"floor":8.0,"key":"Pen Nib"},{"floor":9.0,"key":"Eternal Feather"}],"event_choices":[{"cards_removed":["Bash"],"damage_healed":0.0,"max_hp_gain":0.0,"max_hp_loss":0.0,"gold_gain":0.0,"event_name":"Golden Wing","player_choice":"Card Removal","floor":11.0,"gold_loss":0.0,"damage_taken":7.0}],"is_beta":false,"boss_relics":[],"items_purged_floors":[3],"is_endless":false,"potions_floor_spawned":[1,2,7,10],"killed_by":"Hexaghost","ascension_level":20}}