{"host":"ko40t1o51xotjt2v","time":1611936443,"event":{"mods":["2.2 Compatiblity","AchievementEnabler","Aspiration","BaseMod","Better Match","Better Third Choice","Better Vampires","Conspire","Downfall","Energized Spire","GifTheSpireLib","Halation","Hubris","Jedi Mod","Minty Spire (QoL Compilation)","MostiFishMod","Spicy Shops","Spikes Relics","StSLib","Stuff the Spire","TestMod","??????REMEMod"],"gold_per_floor":[99,99,99,160,175,275,324,120,152,165,194,94,79,113,126,126,126,126],"floor_reached":16,"language":"SPA","playtime":1049,"items_purged":["Doubt"],"score":174,"play_id":"bf138b71-49d2-43de-b4fa-6884ad058162","local_time":"20210129170722","is_ascension_mode":true,"campfire_choices":[{"data":"Guardian:TwinSlam","floor":1,"key":"SMITH"},{"data":"Guardian:TimeBomb","floor":12,"key":"SMITH"}],"circlet_count":0,"master_deck":["Guardian:Strike_Guardian","Guardian:Strike_Guardian","Guardian:Strike_Guardian","Guardian:Strike_Guardian","Guardian:Defend_Guardian","Guardian:Defend_Guardian","Guardian:Defend_Guardian","Guardian:Defend_Guardian","Guardian:CurlUp","Guardian:TwinSlam+1","Guardian:Suspension","Guardian:ChargeCore","Guardian:TimeCapacitor","Guardian:Suspension","Guardian:Recover","Guardian:BronzeOrb","Guardian:ChargeCore","Guardian:TimeBomb+1","Guardian:TemporalShield","Guardian:TimeSifter"],"relics":["Guardian:ModeShifter","DaveBox","testmod-TestBox","REME_ComplimentaryCards","testmod-Hope","Dodecahedron","downfall:HeartsMalice","Guardian:PickAxe","testmod-Brilliant","REME_HandOfSuture","StuffTheSpire:DarkSteelAnvil","testmod-HeartOfStrike","Tiny Chest","downfall:HeartBlessingGreen","ShockBauble"],"acts_visited":["Exordium"],"potions_floor_usage":[8,9,11,16,16],"damage_taken":[{"damage":0,"enemies":"2 Louse","floor":2,"turns":1},{"damage":0,"enemies":"2 Louse","floor":3,"turns":1},{"damage":0,"enemies":"Lagavulin Event","floor":4,"turns":1},{"damage":6,"enemies":"Jaw Worm","floor":5,"turns":2},{"damage":5,"enemies":"downfall:FleeingMerchant","floor":8,"turns":4},{"damage":37,"enemies":"Gremlin Nob","floor":9,"turns":5},{"damage":2,"enemies":"conspire:RoseBush","floor":10,"turns":1},{"damage":0,"enemies":"Lagavulin","floor":11,"turns":3},{"damage":9,"enemies":"downfall:FleeingMerchant","floor":13,"turns":4},{"damage":0,"enemies":"3 Sentries","floor":14,"turns":3},{"damage":0,"enemies":"3 Louse","floor":15,"turns":1},{"damage":9,"enemies":"DF_ARCHETYPE_STREAMLINE","floor":16,"turns":3}],"seed_played":"8029070429438662606","potions_obtained":[{"floor":4,"key":"bronze:BurnAndBuffPotion"},{"floor":5,"key":"Slimebound:ThreeZeroPotion"},{"floor":10,"key":"ColorlessPotion"},{"floor":14,"key":"Swift Potion"},{"floor":15,"key":"PowerPotion"}],"is_trial":false,"path_per_floor":["R","M","?","?","M","?","T","$","E","M","E","R","$","E","M","B"],"character_chosen":"GUARDIAN","items_purchased":["StuffTheSpire:DarkSteelAnvil"],"campfire_rested":0,"item_purchase_floors":[8],"current_hp_per_floor":[80,80,68,68,62,62,62,57,20,18,18,18,9,9,9,0,0,0],"gold":126,"neow_bonus":"THREE_ENEMY_KILL","is_daily":false,"chose_seed":false,"campfire_upgraded":2,"win_rate":0.0,"timestamp":1611936442,"path_taken":["R","M","?","?","?","?","T","?","E","M","E","R","$","E","M","BOSS"],"items_purchased_type":["Relic"],"build_version":"2020-12-22","purchased_purges":1,"victory":false,"max_hp_per_floor":[80,80,80,80,80,80,80,80,80,80,80,80,80,80,80,80,80,80],"card_choices":[{"not_picked":["Guardian:TimeCapacitor","Guardian:RollAttack"],"picked":"Guardian:Suspension","floor":2},{"not_picked":["Guardian:TemporalShield","Guardian:Gem_Green"],"picked":"Guardian:ChargeCore","floor":4},{"not_picked":["Guardian:Reroute","Guardian:WalkerClaw"],"picked":"Guardian:TimeCapacitor","floor":5},{"not_picked":["Guardian:RollAttack","Guardian:Emergency"],"picked":"Guardian:Recover","floor":8},{"not_picked":["Guardian:RevengeProtocol","Guardian:WalkerClaw"],"picked":"Guardian:BronzeOrb","floor":9},{"not_picked":["Guardian:ShieldCharger","Guardian:Gem_Cyan"],"picked":"Guardian:ChargeCore","floor":10},{"not_picked":["Guardian:ShieldCharger","Guardian:BronzeOrb"],"picked":"Guardian:TimeBomb","floor":11},{"not_picked":["Guardian:ExploitGems","Guardian:VentSteam","Guardian:Suspension"],"picked":"SKIP","floor":13},{"not_picked":["Guardian:Planning","Guardian:ChargeCore"],"picked":"Guardian:TemporalShield","floor":14},{"not_picked":["Guardian:Gem_Red","Guardian:Recover"],"picked":"Guardian:TimeSifter","floor":15}],"player_experience":450061,"relics_obtained":[{"floor":4,"key":"testmod-Brilliant"},{"floor":7,"key":"REME_HandOfSuture"},{"floor":9,"key":"testmod-HeartOfStrike"},{"floor":11,"key":"Tiny Chest"},{"floor":14,"key":"ShockBauble"}],"event_choices":[],"is_beta":false,"boss_relics":[],"items_purged_floors":[8],"is_endless":false,"potions_floor_spawned":[4,5,10,14,15],"killed_by":"DF_ARCHETYPE_STREAMLINE","ascension_level":1}}