{"host":"w3znmyy6nqoc7418","time":1611901157,"event":{"mods":["BaseMod","Minty Spire (QoL Compilation)","Replay The Spire","Shop Mod","StSLib"],"gold_per_floor":[116,79,154,154,167,167,192,192,243,243,243,275,295,318,318,422,422,434,434,31,43,60,60,60],"floor_reached":23,"language":"ZHS","playtime":776,"items_purged":[],"score":312,"play_id":"456d5270-1a87-431f-89a1-88de13d66456","local_time":"20210129141917","is_ascension_mode":true,"campfire_choices":[{"data":"Eruption","floor":6.0,"key":"SMITH"},{"data":"Indignation","floor":8.0,"key":"SMITH"},{"data":"Scrawl","floor":15.0,"key":"SMITH"}],"circlet_count":0,"master_deck":["Strike_P","Strike_P","Strike_P+1","Defend_P","Defend_P","Defend_P+1","Defend_P","Eruption+1","Vigilance","TalkToTheHand+1","BattleHymn","Indignation+1","Wallop","Scrawl+1","EmptyMind","Judgement","Vengeance","Omniscience"],"relics":["PureWater","NeowsBlessing","Meat on the Bone","Replay:Bottled Steam","Lantern","White Beast Statue","Replay:Grab Bag","Sozu","Philosopher\u0027s Stone","Black Star","Nloth\u0027s Gift","MerchantsRug","Quantum Egg"],"acts_visited":["Exordium","TheCity"],"potions_floor_usage":[],"damage_taken":[{"damage":0.0,"enemies":"2 Louse","floor":1.0,"turns":1.0},{"damage":0.0,"enemies":"Small Slimes","floor":5.0,"turns":1.0},{"damage":0.0,"enemies":"Gremlin Nob","floor":7.0,"turns":1.0},{"damage":12.0,"enemies":"3 Sentries","floor":12.0,"turns":4.0},{"damage":0.0,"enemies":"Cultist","floor":13.0,"turns":3.0},{"damage":0,"enemies":"Slime Boss","floor":16,"turns":5},{"damage":6,"enemies":"Shell Parasite","floor":18,"turns":2},{"damage":5,"enemies":"3 Byrds","floor":21,"turns":3},{"damage":0,"enemies":"Sentry and Sphere","floor":22,"turns":2},{"damage":0,"enemies":"Gremlin Leader","floor":23,"turns":2}],"seed_played":"8999822312478133764","potions_obtained":[{"floor":5.0,"key":"Dexterity Potion"},{"floor":7.0,"key":"Death Potion"},{"floor":13.0,"key":"Ambrosia"},{"floor":16,"key":"Strength Potion"}],"is_trial":false,"path_per_floor":["M","$","?","?","M","R","E","R","T","?","?","E","M","T","R","B",null,"M","?","$","M","M","E"],"character_chosen":"WATCHER","items_purchased":["BattleHymn","MerchantsRug","Quantum Egg"],"campfire_rested":0,"item_purchase_floors":[2,20,20],"current_hp_per_floor":[72,72,61,49,49,49,49,49,49,49,42,42,42,42,42,42,72,66,66,66,61,61,61,61],"gold":60,"neow_bonus":"THREE_ENEMY_KILL","is_daily":false,"chose_seed":false,"campfire_upgraded":3,"win_rate":0.0,"timestamp":1611901157,"path_taken":["M","$","?","?","M","R","E","R","T","?","?","E","M","?","R","BOSS","M","?","?","M","?","E"],"items_purchased_type":["Card","Relic","Relic"],"build_version":"2020-12-22","purchased_purges":0,"victory":false,"max_hp_per_floor":[72,72,72,72,72,72,72,72,72,72,72,72,72,72,72,72,72,72,72,72,72,72,72,72],"card_choices":[{"not_picked":["FlurryOfBlows","MentalFortress"],"picked":"TalkToTheHand","floor":1.0},{"not_picked":["Wallop","SashWhip"],"picked":"Indignation","floor":5.0},{"not_picked":["Replay:ManipulateFuture","Weave"],"picked":"Wallop","floor":7.0},{"not_picked":["Collect","WheelKick"],"picked":"Scrawl","floor":12.0},{"not_picked":["ClearTheMind","Evaluate"],"picked":"EmptyMind","floor":13.0},{"not_picked":["Brilliance","MasterReality"],"picked":"Judgement","floor":16},{"not_picked":["JustLucky+1","Nirvana+1","Crescendo"],"picked":"SKIP","floor":18},{"not_picked":["ThirdEye","Replay:Anticipation"],"picked":"Vengeance","floor":21},{"not_picked":["Replay:DivineShield","Nirvana"],"picked":"Omniscience","floor":22}],"player_experience":52427,"relics_obtained":[{"floor":7.0,"key":"Replay:Bottled Steam"},{"floor":9.0,"key":"Lantern"},{"floor":12.0,"key":"White Beast Statue"},{"floor":14.0,"key":"Whetstone"}],"event_choices":[{"damage_healed":0.0,"max_hp_gain":0.0,"max_hp_loss":0.0,"gold_gain":75.0,"event_name":"World of Goop","player_choice":"Gather Gold","floor":3.0,"gold_loss":0.0,"damage_taken":11.0},{"damage_healed":0.0,"max_hp_gain":0.0,"max_hp_loss":0.0,"gold_gain":0.0,"event_name":"Scrap Ooze","player_choice":"Success","floor":4.0,"gold_loss":0.0,"damage_taken":12.0,"relics_obtained":["Meat on the Bone"]},{"cards_removed":["Strike_P"],"damage_healed":0.0,"max_hp_gain":0.0,"max_hp_loss":0.0,"gold_gain":0.0,"event_name":"Golden Wing","player_choice":"Card Removal","floor":11.0,"gold_loss":0.0,"damage_taken":7.0},{"damage_healed":0,"gold_gain":0,"player_choice":"Traded Relic","damage_taken":0,"relics_obtained":["Nloth\u0027s Gift"],"max_hp_gain":0,"max_hp_loss":0,"event_name":"N\u0027loth","floor":19,"relics_lost":["Whetstone"],"gold_loss":0}],"is_beta":false,"boss_relics":[{"not_picked":["Replay:Bronze Core","Velvet Choker"],"picked":"Replay:Grab Bag"},{"not_picked":["Busted Crown","Runic Dome"],"picked":"Sozu"},{"not_picked":["Coffee Dripper","Cursed Key"],"picked":"Philosopher\u0027s Stone"},{"not_picked":["Tiny House","Astrolabe"],"picked":"Black Star"}],"items_purged_floors":[],"is_endless":false,"potions_floor_spawned":[5,7,13,16,18,21,22],"killed_by":"Gremlin Leader","ascension_level":1}}