{"host":"ptk1shuto3uimndw","time":1611941925,"event":{"mods":["AchievementEnabler","BaseMod","Bestiary","Colored Map","Colored Powertips","Curses Come First","Minty Spire (QoL Compilation)","Quick Restart","Rare Cards Sparkle","Relic Stats","StSLib","Uncapped"],"gold_per_floor":[119,89,107,107,29,29,62,62,115,129,159,175,175,140,140,237,237,254,254,4,15,15,44,56,56,56,91,107,107,134,59,59,163,163,181,181,181],"floor_reached":36,"language":"ENG","playtime":950,"items_purged":["ReachHeaven"],"score":480,"play_id":"5ca07bfe-0ac8-4bf7-8fa6-d73d0569030c","local_time":"20210129183845","is_ascension_mode":true,"campfire_choices":[{"data":"EmptyFist","floor":6.0,"key":"SMITH"},{"data":"Omniscience","floor":13.0,"key":"SMITH"},{"data":"Eruption","floor":15.0,"key":"SMITH"},{"floor":25.0,"key":"REST"},{"data":"Wallop","floor":29.0,"key":"SMITH"},{"data":"DeceiveReality","floor":32.0,"key":"SMITH"}],"circlet_count":0,"master_deck":["Eruption+1","Vigilance","SashWhip+1","EmptyFist+1","ReachHeaven+1","Omniscience+1","Blasphemy","Establishment","FlyingSleeves","BattleHymn","DeceiveReality+1","Wallop+1","Evaluate","ThirdEye+1","ThirdEye","Ragnarok"],"relics":["PureWater","NeowsBlessing","Regal Pillow","Lantern","Blood Vial","Pandora\u0027s Box","TheAbacus","Matryoshka","Toy Ornithopter","Whetstone","Bronze Scales","Oddly Smooth Stone","Art of War","Empty Cage"],"acts_visited":["Exordium","TheCity","TheBeyond"],"potions_floor_usage":[36],"damage_taken":[{"damage":0.0,"enemies":"2 Louse","floor":1.0,"turns":1.0},{"damage":0.0,"enemies":"Cultist","floor":3.0,"turns":1.0},{"damage":0.0,"enemies":"3 Sentries","floor":7.0,"turns":2.0},{"damage":0.0,"enemies":"Small Slimes","floor":10.0,"turns":1.0},{"damage":34.0,"enemies":"Lagavulin","floor":11.0,"turns":9.0},{"damage":5.0,"enemies":"Looter","floor":12.0,"turns":2.0},{"damage":22.0,"enemies":"Hexaghost","floor":16.0,"turns":7.0},{"damage":6.0,"enemies":"Chosen","floor":18.0,"turns":2.0},{"damage":0.0,"enemies":"Spheric Guardian","floor":21.0,"turns":1.0},{"damage":35.0,"enemies":"Book of Stabbing","floor":23.0,"turns":4.0},{"damage":3.0,"enemies":"Shelled Parasite and Fungi","floor":24.0,"turns":2.0},{"damage":42.0,"enemies":"Gremlin Leader","floor":27.0,"turns":4.0},{"damage":0.0,"enemies":"3 Cultists","floor":28.0,"turns":3.0},{"damage":28.0,"enemies":"Collector","floor":33.0,"turns":7.0},{"damage":12,"enemies":"3 Darklings","floor":35,"turns":3},{"damage":100078,"enemies":"2 Orb Walkers","floor":36,"turns":5}],"seed_played":"-8318706301369263729","potions_obtained":[{"floor":2.0,"key":"FairyPotion"},{"floor":2.0,"key":"Strength Potion"},{"floor":10.0,"key":"Regen Potion"},{"floor":11.0,"key":"Strength Potion"},{"floor":23.0,"key":"PowerPotion"},{"floor":35,"key":"Dexterity Potion"}],"is_trial":false,"path_per_floor":["M","?","M","?","$","R","E","?","T","M","E","M","R","?","R","B",null,"M","?","$","M","$","E","M","R","T","E","M","R","T","$","R","B",null,"M","?"],"character_chosen":"WATCHER","items_purchased":["SandsOfTime","Wallop","Evaluate","TheAbacus"],"campfire_rested":1,"item_purchase_floors":[5,20,20,20],"current_hp_per_floor":[72,72,72,77,77,77,77,70,70,70,36,33,33,52,52,32,77,71,87,87,87,87,52,51,87,87,45,47,47,47,47,47,26,87,75,0,0],"gold":181,"neow_bonus":"THREE_ENEMY_KILL","is_daily":false,"chose_seed":false,"campfire_upgraded":5,"win_rate":0.0,"timestamp":1611941925,"path_taken":["M","?","?","?","$","R","E","?","T","M","E","M","R","?","R","BOSS","M","?","$","?","?","E","M","R","T","E","M","R","?","$","R","BOSS","M","?"],"items_purchased_type":["Card","Card","Card","Relic"],"build_version":"2020-12-22","purchased_purges":1,"victory":false,"max_hp_per_floor":[72,72,72,77,77,77,77,77,77,77,77,77,77,77,77,77,77,77,87,87,87,87,87,87,87,87,87,87,87,87,87,87,87,87,87,87,87],"relic_stats":{"Blood Vial":12,"Regal Pillow":10,"TheAbacus":[36],"counters":[16,54],"Bronze Scales":[56],"Pandora\u0027s Box":["Establishment","ReachHeaven","FlyingSleeves","Worship","BattleHymn","Judgement","DeceiveReality"],"Art of War":[2],"Whetstone":["ReachHeaven","SashWhip"],"obtain_stats":[{"Regal Pillow":7,"Lantern":9,"NeowsBlessing":0,"Oddly Smooth Stone":30,"Whetstone":26,"Empty Cage":34,"Blood Vial":11,"TheAbacus":20,"Matryoshka":23,"Bronze Scales":27,"Pandora\u0027s Box":17,"Art of War":30,"PureWater":0,"Toy Ornithopter":26},{"Regal Pillow":3,"Lantern":3,"NeowsBlessing":0,"Oddly Smooth Stone":13,"Whetstone":11,"Empty Cage":14,"Blood Vial":5,"TheAbacus":8,"Matryoshka":10,"Bronze Scales":12,"Pandora\u0027s Box":7,"Art of War":13,"PureWater":0,"Toy Ornithopter":11},{"Regal Pillow":4,"Lantern":4,"NeowsBlessing":0,"Oddly Smooth Stone":39,"Whetstone":32,"Empty Cage":46,"Blood Vial":14,"TheAbacus":25,"Matryoshka":30,"Bronze Scales":36,"Pandora\u0027s Box":23,"Art of War":39,"PureWater":0,"Toy Ornithopter":32}],"Toy Ornithopter":10},"card_choices":[{"not_picked":["Prostrate","SignatureMove"],"picked":"SashWhip","floor":1.0},{"not_picked":["InnerPeace","Meditate"],"picked":"EmptyFist","floor":3.0},{"not_picked":["FlyingSleeves","EmptyBody"],"picked":"ReachHeaven","floor":7.0},{"not_picked":["Evaluate","PathToVictory","ReachHeaven"],"picked":"SKIP","floor":10.0},{"not_picked":["Fasting2","Evaluate"],"picked":"Omniscience","floor":11.0},{"not_picked":["EmptyBody","Fasting2","Halt"],"picked":"SKIP","floor":12.0},{"not_picked":["ConjureBlade","Ragnarok"],"picked":"Blasphemy","floor":16.0},{"not_picked":["Halt","Prostrate","MentalFortress"],"picked":"SKIP","floor":18.0},{"not_picked":["Conclude","Wireheading"],"picked":"ThirdEye+1","floor":21.0},{"not_picked":["CrushJoints","Fasting2+1","Collect"],"picked":"SKIP","floor":23.0},{"not_picked":["CutThroughFate+1","FlurryOfBlows"],"picked":"ThirdEye","floor":24.0},{"not_picked":["FlurryOfBlows+1","ForeignInfluence+1","Swivel"],"picked":"SKIP","floor":27.0},{"not_picked":["ThirdEye","ForeignInfluence","SandsOfTime"],"picked":"SKIP","floor":28.0},{"not_picked":["Scrawl","Omniscience"],"picked":"Ragnarok","floor":33.0},{"not_picked":["PathToVictory+1","SignatureMove+1","Evaluate"],"picked":"SKIP","floor":35}],"player_experience":231836,"relics_obtained":[{"floor":7.0,"key":"Regal Pillow"},{"floor":9.0,"key":"Lantern"},{"floor":11.0,"key":"Blood Vial"},{"floor":23.0,"key":"Matryoshka"},{"floor":26.0,"key":"Toy Ornithopter"},{"floor":26.0,"key":"Whetstone"},{"floor":27.0,"key":"Bronze Scales"},{"floor":30.0,"key":"Oddly Smooth Stone"},{"floor":30.0,"key":"Art of War"}],"event_choices":[{"damage_healed":0.0,"max_hp_gain":0.0,"max_hp_loss":0.0,"gold_gain":0.0,"event_name":"The Woman in Blue","player_choice":"Bought 2 Potions","floor":2.0,"gold_loss":0.0,"damage_taken":0.0},{"damage_healed":0.0,"max_hp_gain":5.0,"max_hp_loss":0.0,"gold_gain":0.0,"event_name":"Big Fish","player_choice":"Donut","floor":4.0,"gold_loss":0.0,"damage_taken":0.0},{"cards_removed":["Strike_P"],"damage_healed":0.0,"max_hp_gain":0.0,"max_hp_loss":0.0,"gold_gain":0.0,"event_name":"Golden Wing","player_choice":"Card Removal","floor":8.0,"gold_loss":0.0,"damage_taken":7.0},{"damage_healed":19.0,"max_hp_gain":0.0,"max_hp_loss":0.0,"gold_gain":0.0,"event_name":"The Cleric","player_choice":"Healed","floor":14.0,"gold_loss":35.0,"damage_taken":0.0},{"cards_removed":["Judgement"],"damage_healed":6.0,"max_hp_gain":10.0,"max_hp_loss":0.0,"gold_gain":0.0,"event_name":"Bonfire Elementals","player_choice":"Offered Rare","floor":19.0,"gold_loss":0.0,"damage_taken":0.0},{"damage_healed":0,"gold_gain":0,"player_choice":"Fight","damage_taken":0,"max_hp_gain":0,"max_hp_loss":0,"event_name":"Mysterious Sphere","floor":36,"gold_loss":0}],"is_beta":false,"boss_relics":[{"not_picked":["Cursed Key","Fusion Hammer"],"picked":"Pandora\u0027s Box"},{"not_picked":["Velvet Choker","SlaversCollar"],"picked":"Empty Cage"}],"items_purged_floors":[31],"is_endless":false,"potions_floor_spawned":[10,11,12,18,23,28,35],"killed_by":"2 Orb Walkers","ascension_level":1}}