{"host":"5j53u3d72gsce0fe","time":1611902767,"event":{"mods":["2.2 Compatiblity","AchievementEnabler","Aspiration","BaseMod","Beaked The Cultist","Better Altar","Better Match","Better Note","Better Sensory Stone","Better Skull","Better Third Choice","Better Vampires","Block Reminder","CCEM2","Card Forge","Colored Map","Colored Powertips","Colorless Booster Pack","Conspire","Defuse TimeMaze Blight","Dio Mod","Dota2Spire","Downfall","Emptier Cage","Energized Spire","Friendly Minions","GifTheSpireLib","Hermit","HexUI Lib","Hubris","Humility","Infinite Spire","Marked Mod","Mimic Mod","Minty Spire (QoL Compilation)","Relic Filter","Reliquary","Replay The Spire","Retaliation","Shade Mod","Small Relic Pack","StSLib","Stuff the Spire","The Animator","The Bug Knight","Transform Curses","Unceasing Turn Reminder","???Mod??????Boss"],"gold_per_floor":[0,14,14,14,34,34,73,58,78,96,96,96,96],"floor_reached":11,"language":"ENG","playtime":1012,"items_purged":[],"score":69,"play_id":"57b9792b-62cb-4917-b848-8e92d29221a3","local_time":"20210128224607","is_ascension_mode":true,"campfire_choices":[{"floor":1,"key":"RECALL"}],"circlet_count":0,"master_deck":["bronze:Strike","bronze:Strike","bronze:Defend","bronze:Defend","bronze:Defend","bronze:Defend","bronze:Replicate+1","bronze:Goto+1","bronze:OilSpill+1","bronze:WhirlingStrike+1","bronze:ClassDefault+1","bronze:ForLoop+1","bronze:BitShift+1"],"relics":["bronze:BronzeCore","Hammer of Thor","Seething Fire","Anvil of the Gods","infinitespire:Joker Card","CCEMRelics:Apple","aspiration:Nostalgia","hermit:Momento","Slimebound:PreparedRelic","Boot"],"acts_visited":["Exordium"],"potions_floor_usage":[8],"damage_taken":[{"damage":6,"enemies":"Jaw Worm","floor":2,"turns":3},{"damage":0,"enemies":"Cultist","floor":5,"turns":3},{"damage":7,"enemies":"Small Slimes","floor":7,"turns":5},{"damage":5,"enemies":"downfall:FleeingMerchant","floor":8,"turns":4},{"damage":0,"enemies":"Small Slimes","floor":9,"turns":1},{"damage":14,"enemies":"Red Slaver","floor":10,"turns":2},{"damage":32,"enemies":"Gremlin Nob","floor":11,"turns":3}],"seed_played":"6527927425388235461","potions_obtained":[{"floor":2,"key":"SkillPotion"},{"floor":9,"key":"bronze:CleanCodePotion"}],"is_trial":false,"path_per_floor":["R","M","?","$","M","?","MIM","$","M","M","E"],"character_chosen":"THE_AUTOMATON","items_purchased":["CCEMRelics:Apple","aspiration:Nostalgia"],"campfire_rested":0,"item_purchase_floors":[4,4],"current_hp_per_floor":[70,64,64,38,38,38,34,32,35,24,0,0,0],"gold":96,"neow_bonus":"ONE_RARE_RELIC","is_daily":false,"chose_seed":false,"campfire_upgraded":0,"win_rate":0.0,"timestamp":1611902767,"path_taken":["R","M","?","?","?","?","MIM","$","M","M","E"],"items_purchased_type":["Relic","Relic"],"build_version":"2020-12-22","purchased_purges":0,"victory":false,"max_hp_per_floor":[70,70,70,70,70,70,73,76,79,82,82,82,82],"card_choices":[{"not_picked":["bronze:Deprecate","bronze:Fortify"],"picked":"bronze:OilSpill","floor":2},{"not_picked":["bronze:Refactor","bronze:BugBarrage"],"picked":"bronze:WhirlingStrike","floor":5},{"not_picked":["bronze:Shield","bronze:BugBarrage"],"picked":"bronze:ClassDefault","floor":7},{"not_picked":["bronze:DigitalCarnage","bronze:Safeguard"],"picked":"bronze:ForLoop","floor":8},{"not_picked":["bronze:BuggyMess","bronze:Overload","bronze:Shield"],"picked":"SKIP","floor":9},{"not_picked":["bronze:Optimize","bronze:CutThrough"],"picked":"bronze:BitShift","floor":10}],"player_experience":1316158,"relics_obtained":[{"floor":6,"key":"Slimebound:PreparedRelic"},{"floor":7,"key":"Boot"}],"event_choices":[],"is_beta":false,"boss_relics":[],"items_purged_floors":[],"is_endless":false,"potions_floor_spawned":[2,9],"killed_by":"Gremlin Nob","ascension_level":2,"is_humility":true}}