{"host":"n7gg140mhoutldtp","time":1611940419,"event":{"mods":["BaseMod","Card Filter","Colored Map","Duelist Mod","Marisa????????","Minty Spire (QoL Compilation)","READ ME - Guardian Mod","StSLib","The Jungle","The Senshi"],"gold_per_floor":[112,122,135,155,155,187,187,219,242,252,252,57,57,117,117,215,215,232,244,255,271,11,27,27,46,46,46,60,86,98,132,132,228,228,242,254,159,177,56,83,95,129,129,129,129,141,141,176,176,176,176,176,32,59,59,59],"floor_reached":55,"language":"ENG","playtime":4162,"items_purged":["theSenshi:SailorBlock","theSenshi:SailorBlock","theSenshi:MoonPunch"],"score":961,"play_id":"17ef7940-8d5e-4312-b80e-09d4e4730c78","local_time":"20210129181339","is_ascension_mode":false,"campfire_choices":[{"data":"theSenshi:JupitersPower","floor":7.0,"key":"SMITH"},{"data":"theSenshi:MoonPrismPowerMakeUp","floor":13.0,"key":"SMITH"},{"data":"theSenshi:RoseThrow","floor":15.0,"key":"SMITH"},{"data":"theSenshi:MoonGorgeousMeditation","floor":24.0,"key":"SMITH"},{"data":"theSenshi:TuxedoMaskAssists","floor":27.0,"key":"SMITH"},{"data":"theSenshi:SilverMoonCrystalPowerKiss","floor":32.0,"key":"SMITH"},{"floor":44.0,"key":"REST"},{"floor":47,"key":"RECALL"},{"floor":49,"key":"REST"},{"data":"theSenshi:TallSilhouette","floor":52,"key":"SMITH"}],"circlet_count":0,"master_deck":["theSenshi:SailorBlock","theSenshi:SailorBlock","theSenshi:RoseThrow+1","theSenshi:MoonPrismPowerMakeUp+1","theSenshi:InTheNickOfTime","theSenshi:MoonPunch","theSenshi:TuxedoMaskAssists+1","theSenshi:JupitersPower+1","theSenshi:TallSilhouette","theSenshi:MoonGorgeousMeditation+1","theSenshi:JupitersPower+1","theSenshi:GatheringStrength+1","theSenshi:MoonCosmicPowerMakeUp+1","theSenshi:TuxedoSmokingBomber","theSenshi:MoonCrisisMakeUp+1","theSenshi:SailorStarHealerAssists","theSenshi:TallSilhouette+1","theSenshi:SilverMoonCrystalPowerKiss+1","theSenshi:IWillPunishYou","theSenshi:TallSilhouette+1","theSenshi:MoonCosmicPowerMakeUp","theSenshi:MoonCrystalPowerMakeUp+1","theSenshi:SailorCosmosAssists","theSenshi:MoonKick+1","theSenshi:YouCanTalk+1"],"relics":["Velvet Choker","HornCleat","Smiling Mask","PreservedInsect","Bag of Marbles","Astrolabe","theSenshi:TransformationPenRelic","theSenshi:CrescentMoonWandRelic","Art of War","Incense Burner","SlaversCollar","Dream Catcher","Sundial","Shuriken","Pantograph","OrangePellets","Pear"],"acts_visited":["Exordium","Exordium","TheBeyond","TheEnding"],"potions_floor_usage":[46,55],"damage_taken":[{"damage":0.0,"enemies":"Cultist","floor":1.0,"turns":4.0},{"damage":0.0,"enemies":"Small Slimes","floor":2.0,"turns":3.0},{"damage":0.0,"enemies":"2 Louse","floor":3.0,"turns":3.0},{"damage":10.0,"enemies":"Large Slime","floor":4.0,"turns":7.0},{"damage":0.0,"enemies":"3 Sentries","floor":6.0,"turns":7.0},{"damage":0.0,"enemies":"Lagavulin","floor":8.0,"turns":6.0},{"damage":0.0,"enemies":"Lots of Slimes","floor":10.0,"turns":5.0},{"damage":0.0,"enemies":"Gremlin Nob","floor":14.0,"turns":2.0},{"damage":0.0,"enemies":"Hexaghost","floor":16.0,"turns":9.0},{"damage":2.0,"enemies":"theJungle:MUSHROOMGANG","floor":18.0,"turns":5.0},{"damage":5.0,"enemies":"Shell Parasite","floor":19.0,"turns":6.0},{"damage":3.0,"enemies":"theJungle:Snecko_Cultist_And_Trap","floor":20.0,"turns":7.0},{"damage":1.0,"enemies":"Snake Plant","floor":21.0,"turns":4.0},{"damage":3.0,"enemies":"theJungle:JungleHuntersEncounter","floor":23.0,"turns":6.0},{"damage":3.0,"enemies":"theJungle:Snecko_Cultist_And_Trap","floor":25.0,"turns":5.0},{"damage":15.0,"enemies":"theJungle:2_Snecko_Cultists","floor":28.0,"turns":5.0},{"damage":12.0,"enemies":"theJungle:MamaSnecko","floor":29.0,"turns":4.0},{"damage":0.0,"enemies":"theJungle:JungleHuntersEncounter","floor":30.0,"turns":5.0},{"damage":3.0,"enemies":"theJungle:2_Phrogs","floor":31.0,"turns":10.0},{"damage":5.0,"enemies":"theJungle:QueenSpyder","floor":33.0,"turns":6.0},{"damage":4.0,"enemies":"3 Darklings","floor":35.0,"turns":8.0},{"damage":0.0,"enemies":"3 Shapes","floor":36.0,"turns":3.0},{"damage":2.0,"enemies":"Maw","floor":38.0,"turns":8.0},{"damage":0.0,"enemies":"Giant Head","floor":40.0,"turns":6.0},{"damage":26.0,"enemies":"Spire Growth","floor":41.0,"turns":6.0},{"damage":31.0,"enemies":"Nemesis","floor":42.0,"turns":9.0},{"damage":2,"enemies":"Jaw Worm Horde","floor":46,"turns":6},{"damage":17,"enemies":"Reptomancer","floor":48,"turns":6},{"damage":0,"enemies":"Time Eater","floor":50,"turns":8},{"damage":21,"enemies":"Shield and Spear","floor":54,"turns":5},{"damage":91,"enemies":"The Heart","floor":55,"turns":8}],"seed_played":"-1285400798020119995","potions_obtained":[{"floor":1.0,"key":"SneckoOil"},{"floor":2.0,"key":"Weak Potion"},{"floor":4.0,"key":"DuplicationPotion"},{"floor":18.0,"key":"FearPotion"},{"floor":21.0,"key":"Fire Potion"},{"floor":28.0,"key":"Ancient Potion"},{"floor":29.0,"key":"EssenceOfSteel"},{"floor":36.0,"key":"PowerPotion"},{"floor":40.0,"key":"EssenceOfSteel"}],"is_trial":false,"path_per_floor":["M","M","M","M","?","E","R","E","T","M","?","$","R","?","R","B",null,"M","M","M","M","$","M","R","M","T","R","M","E","M","E","R","B",null,"M","M","$","M","$","E","M","E","T","R","?","M","R","E","R","B",null,"R","$","E","B"],"character_chosen":"THE_SENSHI","items_purchased":["PreservedInsect","theSenshi:TransformationPenRelic","theSenshi:TallSilhouette","theSenshi:MoonCosmicPowerMakeUp","OrangePellets"],"campfire_rested":2,"item_purchase_floors":[12,22,37,39,53],"current_hp_per_floor":[75,75,75,65,65,65,65,65,65,65,58,58,58,58,58,58,75,73,68,65,64,64,61,61,58,58,58,43,31,36,38,38,38,75,71,75,75,73,73,75,49,23,23,45,45,48,48,36,58,75,75,75,75,69,0,0],"gold":59,"neow_bonus":"BOSS_RELIC","is_daily":false,"chose_seed":false,"campfire_upgraded":7,"win_rate":0.0,"timestamp":1611940419,"path_taken":["M","M","M","M","?","E","R","E","T","M","?","$","R","?","R","BOSS","M","M","M","M","$","M","R","M","T","R","M","E","M","E","R","BOSS","M","M","$","M","$","E","M","E","T","R","?","M","R","E","R","BOSS","R","$","E","BOSS"],"items_purchased_type":["Relic","Relic","Card","Card","Relic"],"build_version":"2020-12-22","purchased_purges":3,"victory":false,"max_hp_per_floor":[75,75,75,75,75,75,75,75,75,75,75,75,75,75,75,75,75,75,75,75,75,75,75,75,75,75,75,75,75,75,75,75,75,75,75,75,75,75,75,75,75,75,75,75,75,75,75,75,75,75,75,75,75,85,85,85],"card_choices":[{"not_picked":["theSenshi:SchoolBag","theSenshi:LunaWiseMentor"],"picked":"theSenshi:InTheNickOfTime","floor":1.0},{"not_picked":["theSenshi:SailorChibiMoonAssists","theSenshi:MoonsReflection"],"picked":"theSenshi:MoonPunch","floor":2.0},{"not_picked":["theSenshi:LateForSchool","theSenshi:MoonTiaraMagic"],"picked":"theSenshi:TuxedoMaskAssists","floor":3.0},{"not_picked":["theSenshi:SailorMercuryAssists","theSenshi:LateForSchool"],"picked":"theSenshi:MoonPunch","floor":4.0},{"not_picked":["theSenshi:SailorVenusAssists","theSenshi:SailorMercuryAssists"],"picked":"theSenshi:JupitersPower","floor":6.0},{"not_picked":["theSenshi:SchoolBag","theSenshi:SailorChibiMoonAssists","theSenshi:TallSilhouette"],"picked":"SKIP","floor":8.0},{"not_picked":["theSenshi:MoonPunch","theSenshi:SailorMercuryAssists","theSenshi:DramaticEntrance"],"picked":"SKIP","floor":10.0},{"not_picked":["theSenshi:MoonTiaraMagic","theSenshi:MoonsReflection"],"picked":"theSenshi:TallSilhouette","floor":14.0},{"not_picked":["theSenshi:InTheNameOfTheMoon","theSenshi:SilverMoonCrystalPowerKiss"],"picked":"theSenshi:MoonGorgeousMeditation","floor":16.0},{"not_picked":["theSenshi:LateForSchool","theSenshi:SailorMarsAssists","theSenshi:MoonPunch"],"picked":"SKIP","floor":18.0},{"not_picked":["theSenshi:MoonsReflection","theSenshi:LunaWiseMentor","theSenshi:LateForSchool"],"picked":"SKIP","floor":19.0},{"not_picked":["theSenshi:SailorMarsAssists","theSenshi:MoonPunch+1"],"picked":"theSenshi:TuxedoSmokingBomber","floor":20.0},{"not_picked":["theSenshi:EncouragingSpeech","theSenshi:LunasBite+1"],"picked":"theSenshi:MoonCrisisMakeUp","floor":21.0},{"not_picked":["theSenshi:LunasBite","theSenshi:NeptunesGrace","theSenshi:SailorVenusAssists"],"picked":"SKIP","floor":23.0},{"not_picked":["theSenshi:SailorChibiMoonAssists","theSenshi:SailorV","theSenshi:SailorMercuryAssists+1"],"picked":"SKIP","floor":25.0},{"not_picked":["theSenshi:TuxedoSmokingBomber","theSenshi:MoonSpiralHeartAttack+1"],"picked":"theSenshi:SailorStarHealerAssists","floor":28.0},{"not_picked":["theSenshi:VenusGlamour","theSenshi:LunasBite","theSenshi:LateForSchool+1"],"picked":"SKIP","floor":29.0},{"not_picked":["theSenshi:LateForSchool","theSenshi:SailorPlanetPower"],"picked":"theSenshi:TallSilhouette+1","floor":30.0},{"not_picked":["theSenshi:MoonSpiralHeartAttack","theSenshi:SailorVenusAssists+1"],"picked":"theSenshi:SilverMoonCrystalPowerKiss","floor":31.0},{"not_picked":["theSenshi:InTheNameOfTheMoon","theSenshi:SailorStarHealerAssists"],"picked":"theSenshi:IWillPunishYou","floor":33.0},{"not_picked":["theSenshi:TuxedoSmokingBomber","theSenshi:LunasBite","theSenshi:MoonPunch"],"picked":"SKIP","floor":35.0},{"not_picked":["theSenshi:RainbowMoonHeartAche","theSenshi:MoonKick","theSenshi:LunasBite+1"],"picked":"SKIP","floor":36.0},{"not_picked":["theSenshi:SailorStarFighterAssists+1","theSenshi:MoonSpiralHeartAttack","theSenshi:MoonPrincessHalation"],"picked":"SKIP","floor":38.0},{"not_picked":["theSenshi:InTheNickOfTime+1","theSenshi:Sidestep+1"],"picked":"theSenshi:MoonCrystalPowerMakeUp+1","floor":40.0},{"not_picked":["theSenshi:MoonPrincessHalation","theSenshi:LateForSchool+1"],"picked":"theSenshi:SailorCosmosAssists","floor":41.0},{"not_picked":["theSenshi:MoonSpiralHeartAttack+1","theSenshi:NeptunesGrace+1","theSenshi:MoonlightKnight"],"picked":"SKIP","floor":42.0},{"not_picked":["theSenshi:SailorNeptuneAssists","theSenshi:TallSilhouette"],"picked":"theSenshi:MoonKick+1","floor":44.0},{"not_picked":["theSenshi:SailorVenusAssists+1","theSenshi:Sidestep","theSenshi:SailorMercuryAssists+1"],"picked":"SKIP","floor":46},{"not_picked":["theSenshi:MoonKick","theSenshi:MercurysCunning+1"],"picked":"theSenshi:YouCanTalk+1","floor":48},{"not_picked":["theSenshi:MoonTwilightFlash+1","theSenshi:Sidestep","theSenshi:KlutzyLuck"],"picked":"SKIP","floor":54}],"player_experience":980818,"relics_obtained":[{"floor":6.0,"key":"HornCleat"},{"floor":8.0,"key":"Smiling Mask"},{"floor":14.0,"key":"Bag of Marbles"},{"floor":26.0,"key":"theSenshi:CrescentMoonWandRelic"},{"floor":29.0,"key":"Art of War"},{"floor":31.0,"key":"Incense Burner"},{"floor":40.0,"key":"Dream Catcher"},{"floor":42.0,"key":"Sundial"},{"floor":43.0,"key":"Shuriken"},{"floor":48,"key":"Pantograph"},{"floor":54,"key":"Pear"}],"event_choices":[{"damage_healed":0.0,"max_hp_gain":0.0,"max_hp_loss":0.0,"gold_gain":0.0,"event_name":"Liars Game","player_choice":"Ignored","floor":5.0,"gold_loss":0.0,"damage_taken":0.0},{"cards_removed":["theSenshi:SailorKick"],"damage_healed":0.0,"max_hp_gain":0.0,"max_hp_loss":0.0,"gold_gain":0.0,"event_name":"Golden Wing","player_choice":"Card Removal","floor":11.0,"gold_loss":0.0,"damage_taken":7.0},{"damage_healed":0.0,"max_hp_gain":0.0,"max_hp_loss":0.0,"gold_gain":0.0,"event_name":"Dead Adventurer","player_choice":"Searched \u00272\u0027 times","floor":14.0,"gold_loss":0.0,"damage_taken":0.0},{"damage_healed":0.0,"max_hp_gain":0.0,"max_hp_loss":0.0,"gold_gain":0.0,"event_name":"Accursed Blacksmith","player_choice":"Forge","floor":45.0,"gold_loss":0.0,"damage_taken":0.0,"cards_upgraded":["theSenshi:MoonCrisisMakeUp"]}],"is_beta":false,"boss_relics":[{"not_picked":["Runic Pyramid","Cursed Key"],"picked":"Astrolabe"},{"not_picked":["Sozu","Fusion Hammer"],"picked":"SlaversCollar"}],"items_purged_floors":[12,37,39],"is_endless":false,"potions_floor_spawned":[1,2,4,18,21,28,29,30,36,40],"killed_by":"The Heart","ascension_level":0}}