{"host":"hxqmxu97ax4h93y4","time":1611945350,"event":{"mods":["BaseMod","Downfall","Hermit","Marisa????????","Minty Spire (QoL Compilation)","Random Character Button","StSLib","The Cursed","The Necromancer","The Runesmith"],"gold_per_floor":[114,39,51,71,21,21,49,49,49,49,49,60,77,95,95,196,196,206,206,206,219,230,230,246,246,246,146,166,191,191,204,204,299,299,318,369,195,206,256,256,256,256,256,271,271,241,253,270,270,270,270],"floor_reached":50,"language":"ENG","playtime":2350,"items_purged":["Strike_R","Strike_R","Defend_R"],"score":489,"play_id":"c5c522b3-2fc7-474e-9683-8af123f1b712","local_time":"20210129103550","is_ascension_mode":false,"campfire_choices":[{"data":"Pommel Strike","floor":6,"key":"SMITH"},{"floor":8,"key":"REST"},{"data":"Corruption","floor":10,"key":"SMITH"},{"data":"Wild Strike","floor":15,"key":"SMITH"},{"data":"Bludgeon","floor":23,"key":"SMITH"},{"data":"Uppercut","floor":25,"key":"SMITH"},{"data":"Cleave","floor":30,"key":"SMITH"},{"data":"Bash","floor":32,"key":"SMITH"},{"data":"Reaper","floor":40,"key":"SMITH"},{"data":"Defend_R","floor":42,"key":"SMITH"},{"data":"Feed","floor":49,"key":"SMITH"}],"circlet_count":0,"master_deck":["Defend_R","Defend_R+1","Bash+1","Cleave+1","Wild Strike+1","Pommel Strike+1","Corruption+1","Shockwave+1","Seeing Red+1","Bludgeon+1","Warcry+1","Ghostly Armor+1","Uppercut+1","Havoc+1","Second Wind+1","Infernal Blade+1","Reaper+1","Havoc+1","Uppercut+1","Shrug It Off+1","Armaments+1","Shockwave+1","Feed+1","Madness+1","Madness+1","Feel No Pain","Searing Blow+1"],"relics":["Burning Blood","Letter Opener","Toxic Egg 2","Runesmith:UraniumAnvil","CaptainsWheel","Pear","Runesmith:AutoHammer","Empty Cage","Magic Flower","StoneCalendar","Nunchaku"],"acts_visited":["Exordium","TheCity","TheBeyond"],"potions_floor_usage":[12,13,14,18,24,28,33,33,33,36,39,47,50,50],"damage_taken":[{"damage":5,"enemies":"Cultist","floor":1,"turns":4},{"damage":1,"enemies":"2 Louse","floor":3,"turns":3},{"damage":0,"enemies":"Small Slimes","floor":4,"turns":2},{"damage":51,"enemies":"Gremlin Nob","floor":7,"turns":5},{"damage":3,"enemies":"Exordium Thugs","floor":12,"turns":4},{"damage":5,"enemies":"Looter","floor":13,"turns":3},{"damage":12,"enemies":"Blue Slaver","floor":14,"turns":2},{"damage":60,"enemies":"The Guardian","floor":16,"turns":8},{"damage":25,"enemies":"Spheric Guardian","floor":18,"turns":4},{"damage":4,"enemies":"Shell Parasite","floor":21,"turns":3},{"damage":0,"enemies":"Sentry and Sphere","floor":22,"turns":4},{"damage":1,"enemies":"Snecko","floor":24,"turns":3},{"damage":1,"enemies":"Cultist and Chosen","floor":28,"turns":4},{"damage":8,"enemies":"Book of Stabbing","floor":29,"turns":4},{"damage":4,"enemies":"Centurion and Healer","floor":31,"turns":5},{"damage":109,"enemies":"Collector","floor":33,"turns":12},{"damage":42,"enemies":"3 Darklings","floor":35,"turns":9},{"damage":11,"enemies":"2 Orb Walkers","floor":36,"turns":4},{"damage":34,"enemies":"3 Shapes","floor":38,"turns":3},{"damage":11,"enemies":"Mind Bloom Boss Battle","floor":39,"turns":5},{"damage":0,"enemies":"Jaw Worm Horde","floor":44,"turns":4},{"damage":9,"enemies":"Spire Growth","floor":47,"turns":4},{"damage":41,"enemies":"Transient","floor":48,"turns":5},{"damage":100,"enemies":"Awakened One","floor":50,"turns":10}],"seed_played":"3067930183494959595","potions_obtained":[{"floor":3,"key":"bronze:BurnAndBuffPotion"},{"floor":11,"key":"BloodPotion"},{"floor":11,"key":"HeartOfIron"},{"floor":11,"key":"Slimebound:ThreeZeroPotion"},{"floor":12,"key":"AttackPotion"},{"floor":13,"key":"GamblersBrew"},{"floor":16,"key":"LiquidBronze"},{"floor":18,"key":"ElixirPotion"},{"floor":24,"key":"SkillPotion"},{"floor":29,"key":"GamblersBrew"},{"floor":35,"key":"Guardian:BlockOnCardUsePotion"},{"floor":38,"key":"Weak Potion"},{"floor":39,"key":"hexamod:SoulburnPotion"},{"floor":46,"key":"bronze:BurnAndBuffPotion"},{"floor":46,"key":"sneckomod:MuddlingPotion"}],"is_trial":false,"path_per_floor":["M","$","M","M","?","R","E","R","T","R","?","M","M","M","R","B",null,"M","T","?","M","M","R","M","R","T","$","M","E","R","M","R","B",null,"M","?","$","M","?","R","?","R","T","M","?","?","M","M","R","B"],"character_chosen":"IRONCLAD","items_purchased":["Shrug It Off+1"],"campfire_rested":1,"item_purchase_floors":[37],"current_hp_per_floor":[88,88,88,88,88,88,43,69,69,69,69,72,73,67,67,13,88,69,69,69,71,77,77,82,82,92,92,97,95,95,97,97,13,98,72,73,73,66,73,73,73,73,73,82,70,70,81,60,60,0,0],"gold":270,"neow_bonus":"TEN_PERCENT_HP_BONUS","is_daily":false,"chose_seed":false,"campfire_upgraded":10,"win_rate":0.0,"timestamp":1611945350,"path_taken":["M","?","M","M","?","R","E","R","T","R","?","M","M","M","R","BOSS","M","?","?","M","M","R","M","R","T","$","?","E","R","M","R","BOSS","M","?","$","M","?","R","?","R","T","M","?","?","?","M","R","BOSS"],"items_purchased_type":["Card"],"build_version":"2020-12-22","purchased_purges":3,"victory":false,"max_hp_per_floor":[88,88,88,88,88,88,88,88,88,88,88,88,88,88,88,88,88,88,88,88,88,88,88,88,88,98,98,98,98,98,98,98,98,98,98,98,98,98,98,98,98,98,98,98,98,98,98,98,98,98,98],"card_choices":[{"not_picked":["True Grit","Seeing Red"],"picked":"Cleave","floor":1},{"not_picked":["Seeing Red","Heavy Blade"],"picked":"Wild Strike","floor":3},{"not_picked":["Flex","Impervious"],"picked":"Pommel Strike","floor":4},{"not_picked":["Clothesline","Evolve"],"picked":"Corruption","floor":7},{"not_picked":["Fire Breathing","Thunderclap"],"picked":"Shockwave+1","floor":12},{"not_picked":["Reckless Charge","Sword Boomerang","Sever Soul"],"picked":"SKIP","floor":13},{"not_picked":["Pummel","Flex+1"],"picked":"Seeing Red+1","floor":14},{"not_picked":["Immolate","Brutality"],"picked":"Bludgeon","floor":16},{"not_picked":["Heavy Blade+1","Clash+1"],"picked":"Warcry+1","floor":18},{"not_picked":["Spot Weakness+1","True Grit+1"],"picked":"Ghostly Armor+1","floor":21},{"not_picked":["True Grit+1","Warcry+1"],"picked":"Uppercut","floor":22},{"not_picked":["Thunderclap","Corruption"],"picked":"Havoc+1","floor":24},{"not_picked":["Armaments+1","Carnage"],"picked":"Second Wind+1","floor":28},{"not_picked":["Pummel","Iron Wave"],"picked":"Infernal Blade+1","floor":29},{"not_picked":["Dual Wield+1","Perfected Strike","Iron Wave"],"picked":"SKIP","floor":31},{"not_picked":["Fiend Fire","Impervious+1"],"picked":"Reaper","floor":33},{"not_picked":["Uppercut","Twin Strike"],"picked":"Havoc+1","floor":35},{"not_picked":["Twin Strike+1","Wild Strike"],"picked":"Uppercut+1","floor":36},{"not_picked":["Iron Wave+1","Thunderclap+1"],"picked":"Armaments+1","floor":38},{"not_picked":["Seeing Red+1","Pommel Strike"],"picked":"Shockwave+1","floor":39},{"not_picked":["Twin Strike","Disarm+1"],"picked":"Feed","floor":44},{"not_picked":["True Grit+1","Disarm+1"],"picked":"Feel No Pain","floor":47},{"not_picked":["Warcry+1","Wild Strike+1"],"picked":"Searing Blow+1","floor":48}],"player_experience":67267,"relics_obtained":[{"floor":7,"key":"Letter Opener"},{"floor":9,"key":"Toxic Egg 2"},{"floor":19,"key":"CaptainsWheel"},{"floor":26,"key":"Pear"},{"floor":29,"key":"Runesmith:AutoHammer"},{"floor":36,"key":"Magic Flower"},{"floor":39,"key":"StoneCalendar"},{"floor":43,"key":"Nunchaku"}],"event_choices":[{"cards_removed":["Strike_R"],"damage_healed":0,"gold_gain":0,"player_choice":"Card Removal","damage_taken":0,"max_hp_gain":0,"max_hp_loss":0,"event_name":"The Cleric","floor":5,"gold_loss":50},{"damage_healed":0,"gold_gain":0,"player_choice":"Got Potions","damage_taken":0,"max_hp_gain":0,"max_hp_loss":0,"event_name":"Lab","floor":11,"gold_loss":0},{"cards_removed":["Strike_R"],"damage_healed":0,"gold_gain":0,"player_choice":"Elegance","damage_taken":0,"max_hp_gain":0,"max_hp_loss":0,"event_name":"Back to Basics","floor":20,"gold_loss":0},{"damage_healed":0,"gold_gain":0,"player_choice":"Fight","damage_taken":0,"max_hp_gain":0,"max_hp_loss":0,"event_name":"Mysterious Sphere","floor":36,"gold_loss":0},{"damage_healed":0,"gold_gain":0,"player_choice":"Fight","damage_taken":0,"max_hp_gain":0,"max_hp_loss":0,"event_name":"MindBloom","floor":39,"gold_loss":0},{"damage_healed":0,"gold_gain":0,"player_choice":"Ignored","damage_taken":0,"max_hp_gain":0,"max_hp_loss":0,"event_name":"Tomb of Lord Red Mask","floor":41,"gold_loss":0},{"damage_healed":0,"gold_gain":0,"player_choice":"Embrace Madness","damage_taken":12,"max_hp_gain":0,"max_hp_loss":0,"event_name":"Winding Halls","floor":45,"gold_loss":0,"cards_obtained":["Madness","Madness"]},{"damage_healed":0,"gold_gain":0,"player_choice":"Bought 2 Potions","damage_taken":0,"max_hp_gain":0,"max_hp_loss":0,"event_name":"The Woman in Blue","floor":46,"gold_loss":0}],"is_beta":false,"boss_relics":[{"not_picked":["Calling Bell","Cursed Key"],"picked":"Runesmith:UraniumAnvil"},{"not_picked":["Snecko Eye","Philosopher\u0027s Stone"],"picked":"Empty Cage"}],"items_purged_floors":[2,27,37],"is_endless":false,"potions_floor_spawned":[3,12,13,16,18,24,29,35,38,39],"killed_by":"Awakened One","ascension_level":0}}