{"host":"oqvelqkxh74plq6q","time":1611886666,"event":{"mods":["ATMod(°¢èªMod)","AchievementEnabler","BaseMod","Better Match","Better-Laid Plans","BetterRewards","BshForSts","Conspire","Good Game Mod","Jedi Mod","Minty Spire (QoL Compilation)","MostiFishMod","Poor People Problems","Quick Restart","Relic Stats","Remilia£¨ÀÙÃ×ÀòÑÇ£©","Shop Mod","Spicy Shops","StSLib","TestMod","Youmu£¨»êÆÇÑýÃÎ£©","óô»ðÖ¸ÄÏ"],"gold_per_floor":[112,125,125,139,153,187,187,187,264,282,282,282,282,295,295,393,393],"floor_reached":16,"language":"ZHS","playtime":583,"items_purged":["Defend_R"],"score":152,"play_id":"a556d457-f3f9-41e9-abb0-7c6fc1e7ede9","local_time":"20210129101746","is_ascension_mode":false,"campfire_choices":[{"floor":12,"key":"REST"},{"floor":15,"key":"REST"}],"circlet_count":0,"master_deck":["Strike_R","Strike_R","Strike_R","Strike_R","Strike_R+1","Defend_R","Defend_R","Defend_R","Bash","Perfected Strike","Defend_R","AT_IchimonjiDouble+1","conspire:Charge","Flex","Spot Weakness"],"relics":["Burning Blood","REME:ComplimentaryCards","DaveBox","AT_ATBox","testmod-TestBox","testmod-FatalChain","DiscerningMonocle","NeowsBlessing","SynthV:TestCard","testmod-RealStoneCalender","jedi:shrinkray","Gambling Chip","Boot","OrangePellets","jedi:arcanewood","conspire:BottledYoYo","testmod-IWantAll"],"acts_visited":["Exordium"],"potions_floor_usage":[16],"damage_taken":[{"damage":0,"enemies":"2 Louse","floor":1,"turns":1},{"damage":2,"enemies":"conspire:RoseBush","floor":2,"turns":1},{"damage":0,"enemies":"Small Slimes","floor":4,"turns":1},{"damage":8,"enemies":"2 Fungi Beasts","floor":5,"turns":4},{"damage":57,"enemies":"Gremlin Nob","floor":6,"turns":6},{"damage":20,"enemies":"Looter","floor":10,"turns":3},{"damage":0,"enemies":"3 Louse","floor":14,"turns":1},{"damage":58,"enemies":"Hexaghost","floor":16,"turns":7}],"seed_played":"-2306826424156376725","potions_obtained":[{"floor":2,"key":"Ancient Potion"},{"floor":5,"key":"Ancient Potion"},{"floor":16,"key":"Energy Potion"}],"is_trial":false,"path_per_floor":["M","M","?","M","M","E","?","?","T","M","?","R","$","M","R","B"],"character_chosen":"IRONCLAD","items_purchased":["Gambling Chip","Boot","OrangePellets","jedi:arcanewood","conspire:BottledYoYo","testmod-IWantAll","Explosive Potion","Flex"],"campfire_rested":2,"item_purchase_floors":[13,13,13,13,13,13,13,13],"current_hp_per_floor":[80,80,73,79,77,26,14,40,40,26,10,34,34,40,64,12,12],"gold":393,"neow_bonus":"THREE_ENEMY_KILL","is_daily":false,"chose_seed":false,"campfire_upgraded":0,"win_rate":0.0,"timestamp":1611886666,"path_taken":["M","M","?","M","M","E","?","?","T","M","?","R","$","M","R","BOSS"],"items_purchased_type":["Relic","Relic","Relic","Relic","Relic","Relic","Potion","Card"],"build_version":"2020-12-22","purchased_purges":1,"victory":false,"max_hp_per_floor":[80,80,80,80,80,80,80,80,80,80,80,80,80,80,80,80,80],"relic_stats":{"OrangePellets":[0],"counters":[8,24],"Gambling Chip":[6],"Boot":[0],"obtain_stats":[{"AT_ATBox":0,"testmod-TestBox":0,"DaveBox":0,"NeowsBlessing":0,"DiscerningMonocle":0,"testmod-FatalChain":0,"testmod-IWantAll":13,"Boot":13,"Burning Blood":0,"jedi:shrinkray":7,"testmod-RealStoneCalender":6,"OrangePellets":13,"REME:ComplimentaryCards":0,"SynthV:TestCard":1,"Gambling Chip":13,"conspire:BottledYoYo":13,"jedi:arcanewood":13},{"AT_ATBox":0,"testmod-TestBox":0,"DaveBox":0,"NeowsBlessing":0,"DiscerningMonocle":0,"testmod-FatalChain":0,"testmod-IWantAll":6,"Boot":6,"Burning Blood":0,"jedi:shrinkray":5,"testmod-RealStoneCalender":5,"OrangePellets":6,"REME:ComplimentaryCards":0,"SynthV:TestCard":1,"Gambling Chip":6,"conspire:BottledYoYo":6,"jedi:arcanewood":6},{"AT_ATBox":0,"testmod-TestBox":0,"DaveBox":0,"NeowsBlessing":0,"DiscerningMonocle":0,"testmod-FatalChain":0,"testmod-IWantAll":16,"Boot":16,"Burning Blood":0,"jedi:shrinkray":13,"testmod-RealStoneCalender":13,"OrangePellets":16,"REME:ComplimentaryCards":0,"SynthV:TestCard":1,"Gambling Chip":16,"conspire:BottledYoYo":16,"jedi:arcanewood":16}],"Burning Blood":38},"card_choices":[{"not_picked":["Disarm","Wild Strike","Dark Embrace"],"picked":"SKIP","floor":1},{"not_picked":["Anger","Iron Wave","Havoc","Rupture"],"picked":"Perfected Strike","floor":2},{"not_picked":["Rage","Blood for Blood","AT_DiedThrough","Disarm"],"picked":"AT_IchimonjiDouble","floor":4},{"not_picked":["MostiFishMod:BrandingRite","jedi:hate","AT_BodySlamDance","Havoc","Anger"],"picked":"SKIP","floor":5},{"not_picked":["Twin Strike","Armaments","Shrug It Off","Warcry"],"picked":"conspire:Charge","floor":6},{"not_picked":["Anger","Havoc","conspire:Purge","Warcry","Armaments"],"picked":"SKIP","floor":10},{"not_picked":["True Grit","jedi:fear","Warcry","Flex"],"picked":"Spot Weakness","floor":14}],"player_experience":120153,"relics_obtained":[{"floor":1,"key":"SynthV:TestCard"},{"floor":6,"key":"testmod-RealStoneCalender"}],"event_choices":[{"damage_healed":0,"gold_gain":0,"player_choice":"Success","damage_taken":12,"relics_obtained":["jedi:shrinkray"],"max_hp_gain":0,"max_hp_loss":0,"event_name":"Scrap Ooze","floor":7,"gold_loss":0},{"damage_healed":26,"gold_gain":0,"player_choice":"Banana","damage_taken":0,"max_hp_gain":0,"max_hp_loss":0,"event_name":"Big Fish","floor":8,"gold_loss":0},{"damage_healed":0,"gold_gain":0,"player_choice":"Entered Light","damage_taken":16,"max_hp_gain":0,"max_hp_loss":0,"event_name":"Shining Light","floor":11,"gold_loss":0,"cards_upgraded":["Strike_R","AT_IchimonjiDouble"]}],"is_beta":false,"boss_relics":[],"items_purged_floors":[13],"is_endless":false,"potions_floor_spawned":[2,5,14,16],"killed_by":"Hexaghost","ascension_level":0}}