{"host":"sav7uxregyirlf69","time":1611934935,"event":{"mods":["AchievementEnabler","BaseMod","Colored Map","DeckTracker","Keyboard Shortcuts","Minty Spire (QoL Compilation)","READ ME - Guardian Mod","StSLib","SuperFastMode"],"gold_per_floor":[116,116,127,127,139,139,139,139,139,139,164,183,183,198,198,272,272,285,303,17,17,33,33,68,118,118,118,137,137,148,148,148,224,224,238,250,250,119,134,165,180,215,242,242,269,287,321,321,321,321,321,321,321,7,32,32,32],"floor_reached":56,"language":"KOR","playtime":1049,"items_purged":["Strike_G","Strike_G"],"score":2120,"play_id":"a6512d0d-eb1d-4ee8-86d3-e0707146b764","local_time":"20210130004215","is_ascension_mode":true,"campfire_choices":[{"data":"Accuracy","floor":6,"key":"SMITH"},{"data":"Neutralize","floor":10,"key":"SMITH"},{"data":"Blade Dance","floor":15,"key":"SMITH"},{"floor":23,"key":"REST"},{"data":"Cloak And Dagger","floor":27,"key":"SMITH"},{"data":"Noxious Fumes","floor":29,"key":"SMITH"},{"data":"Dodge and Roll","floor":32,"key":"SMITH"},{"floor":44,"key":"RECALL"},{"floor":49,"key":"REST"},{"floor":53,"key":"REST"}],"circlet_count":0,"master_deck":["AscendersBane","Strike_G","Strike_G","Strike_G","Defend_G","Defend_G","Defend_G","Defend_G","Defend_G","Survivor","Neutralize+1","Blade Dance","Accuracy+1","Blade Dance+1","Backflip","Dodge and Roll+1","Neutralize","Noxious Fumes+1","Cloak And Dagger+1","Blade Dance+1","Phantasmal Killer+1","Escape Plan+1","Prepared+1","Acrobatics+1","Terror+1","Accuracy+1","Calculated Gamble+1","Cloak And Dagger+1","Finesse+1","Finesse+1","PiercingWail+1","Escape Plan+1"],"relics":["Ring of the Snake","Gremlin Horn","Meat on the Bone","Shuriken","Eternal Feather","Philosopher\u0027s Stone","Toxic Egg 2","Kunai","Frozen Egg 2","Fusion Hammer","Bottled Lightning","HornCleat","Art of War","InkBottle","Happy Flower"],"acts_visited":["Exordium","TheCity","TheBeyond","TheEnding"],"potions_floor_usage":[16,24,33,39,56,56],"damage_taken":[{"damage":3,"enemies":"Cultist","floor":1,"turns":4},{"damage":1,"enemies":"2 Louse","floor":3,"turns":3},{"damage":4,"enemies":"Small Slimes","floor":5,"turns":4},{"damage":8,"enemies":"Gremlin Nob","floor":11,"turns":3},{"damage":8,"enemies":"Exordium Thugs","floor":12,"turns":3},{"damage":4,"enemies":"2 Fungi Beasts","floor":14,"turns":3},{"damage":6,"enemies":"Hexaghost","floor":16,"turns":7},{"damage":0,"enemies":"Chosen","floor":18,"turns":3},{"damage":25,"enemies":"Shell Parasite","floor":19,"turns":5},{"damage":42,"enemies":"Cultist and Chosen","floor":22,"turns":6},{"damage":14,"enemies":"Slavers","floor":24,"turns":5},{"damage":9,"enemies":"Snake Plant","floor":28,"turns":2},{"damage":0,"enemies":"3 Cultists","floor":30,"turns":3},{"damage":2,"enemies":"Champ","floor":33,"turns":5},{"damage":12,"enemies":"3 Darklings","floor":35,"turns":4},{"damage":17,"enemies":"3 Shapes","floor":36,"turns":2},{"damage":0,"enemies":"Jaw Worm Horde","floor":39,"turns":1},{"damage":0,"enemies":"Reptomancer","floor":40,"turns":2},{"damage":22,"enemies":"Spire Growth","floor":41,"turns":3},{"damage":0,"enemies":"Giant Head","floor":42,"turns":4},{"damage":1,"enemies":"Reptomancer","floor":45,"turns":4},{"damage":0,"enemies":"Sphere and 2 Shapes","floor":46,"turns":3},{"damage":0,"enemies":"Giant Head","floor":47,"turns":5},{"damage":1,"enemies":"Awakened One","floor":50,"turns":5},{"damage":40,"enemies":"Donu and Deca","floor":51,"turns":5},{"damage":58,"enemies":"Shield and Spear","floor":55,"turns":5},{"damage":34,"enemies":"The Heart","floor":56,"turns":3}],"seed_played":"4894624657454500525","potions_obtained":[{"floor":3,"key":"SmokeBomb"},{"floor":12,"key":"Weak Potion"},{"floor":19,"key":"Energy Potion"},{"floor":28,"key":"ColorlessPotion"},{"floor":30,"key":"CunningPotion"},{"floor":33,"key":"ColorlessPotion"},{"floor":35,"key":"Weak Potion"},{"floor":40,"key":"Dexterity Potion"},{"floor":55,"key":"GhostInAJar"}],"is_trial":false,"path_per_floor":["M","T","M","?","M","R","?","T","T","R","E","M","?","M","R","B",null,"M","M","$","?","M","R","E","?","T","R","M","R","M","?","R","B",null,"M","M","?","$","M","E","M","E","T","R","E","M","E","?","R","B","B",null,"R","$","E","B"],"character_chosen":"THE_SILENT","items_purchased":["Toxic Egg 2","Acrobatics+1","Finesse+1","PiercingWail+1","Escape Plan+1"],"campfire_rested":3,"item_purchase_floors":[20,38,54,54,54],"current_hp_per_floor":[62,62,61,66,62,62,62,62,62,62,54,46,46,42,54,48,70,70,45,45,45,15,50,48,48,48,60,51,63,63,63,75,73,76,64,47,47,47,47,47,37,49,49,64,63,63,63,63,77,76,48,70,77,77,31,0,0],"gold":32,"neow_bonus":"TEN_PERCENT_HP_BONUS","is_daily":false,"chose_seed":false,"campfire_upgraded":6,"win_rate":0.0,"timestamp":1611934935,"path_taken":["M","?","M","?","M","R","?","?","T","R","E","M","?","M","R","BOSS","M","M","?","?","M","R","E","?","T","R","?","R","?","?","R","BOSS","M","M","?","$","M","E","M","E","T","R","E","M","E","?","R","BOSS","BOSS","R","$","E","BOSS"],"items_purchased_type":["Relic","Card","Card","Card","Card"],"build_version":"2020-12-22","purchased_purges":2,"victory":false,"max_hp_per_floor":[72,72,72,77,77,77,77,77,77,77,77,77,77,77,77,77,77,77,77,77,77,77,77,77,77,77,77,77,77,77,77,77,77,77,77,77,77,77,77,77,77,77,77,77,77,77,77,77,77,77,77,77,77,77,77,77,77],"card_choices":[{"not_picked":["Backflip","Escape Plan"],"picked":"Blade Dance","floor":1},{"not_picked":["PiercingWail","Blade Dance"],"picked":"Accuracy","floor":3},{"not_picked":["Dagger Throw","Accuracy"],"picked":"Blade Dance","floor":5},{"not_picked":["All Out Attack","Dagger Spray","Tools of the Trade"],"picked":"SKIP","floor":11},{"not_picked":["Slice","Noxious Fumes"],"picked":"Backflip","floor":12},{"not_picked":["Crippling Poison","Quick Slash"],"picked":"Noxious Fumes","floor":14},{"not_picked":["Eviscerate+1","Dagger Throw"],"picked":"Cloak And Dagger","floor":18},{"not_picked":["Underhanded Strike","Bouncing Flask","Backflip"],"picked":"SKIP","floor":19},{"not_picked":["All Out Attack","Deadly Poison+1"],"picked":"Blade Dance+1","floor":22},{"not_picked":["Acrobatics+1","Infinite Blades"],"picked":"Phantasmal Killer+1","floor":24},{"not_picked":["Bane","Quick Slash","Blade Dance+1"],"picked":"SKIP","floor":28},{"not_picked":["Choke","Quick Slash"],"picked":"Escape Plan+1","floor":30},{"not_picked":["Dagger Spray","Catalyst+1","Underhanded Strike"],"picked":"SKIP","floor":35},{"not_picked":["Riddle With Holes","Underhanded Strike"],"picked":"Prepared+1","floor":36},{"not_picked":["Poisoned Stab+1","Bane","Prepared+1"],"picked":"SKIP","floor":39},{"not_picked":["Outmaneuver+1","Caltrops+1"],"picked":"Terror+1","floor":40},{"not_picked":["Deflect+1","Die Die Die"],"picked":"Accuracy+1","floor":41},{"not_picked":["Dodge and Roll+1","Catalyst+1","Blade Dance+1"],"picked":"SKIP","floor":42},{"not_picked":["Bane","Prepared+1"],"picked":"Calculated Gamble+1","floor":45},{"not_picked":["Leg Sweep+1","Calculated Gamble+1"],"picked":"Cloak And Dagger+1","floor":46},{"not_picked":["Bullet Time+1","Outmaneuver+1","Bane"],"picked":"SKIP","floor":47},{"not_picked":["Jack Of All Trades+1","Deep Breath+1"],"picked":"Finesse+1","floor":48},{"not_picked":["Dagger Spray","Slice","Poisoned Stab+1"],"picked":"SKIP","floor":55}],"player_experience":1430835,"relics_obtained":[{"floor":2,"key":"Gremlin Horn"},{"floor":8,"key":"Meat on the Bone"},{"floor":9,"key":"Shuriken"},{"floor":11,"key":"Eternal Feather"},{"floor":24,"key":"Kunai"},{"floor":26,"key":"Frozen Egg 2"},{"floor":40,"key":"Bottled Lightning"},{"floor":42,"key":"HornCleat"},{"floor":45,"key":"Art of War"},{"floor":47,"key":"InkBottle"},{"floor":55,"key":"Happy Flower"}],"event_choices":[{"damage_healed":0,"gold_gain":0,"player_choice":"Donut","damage_taken":0,"max_hp_gain":5,"max_hp_loss":0,"event_name":"Big Fish","floor":4,"gold_loss":0},{"damage_healed":0,"gold_gain":0,"player_choice":"Ignored","damage_taken":0,"max_hp_gain":0,"max_hp_loss":0,"event_name":"Liars Game","floor":7,"gold_loss":0},{"damage_healed":0,"gold_gain":0,"player_choice":"2 cards matched","damage_taken":0,"max_hp_gain":0,"max_hp_loss":0,"event_name":"Match and Keep!","floor":13,"gold_loss":0,"cards_obtained":["Dodge and Roll","Neutralize"]},{"damage_healed":0,"gold_gain":0,"player_choice":"Ignored","damage_taken":0,"max_hp_gain":0,"max_hp_loss":0,"event_name":"The Mausoleum","floor":21,"gold_loss":0},{"damage_healed":0,"gold_gain":100,"player_choice":"Bet on Murderer","damage_taken":0,"max_hp_gain":0,"max_hp_loss":0,"event_name":"The Joust","floor":25,"gold_loss":50},{"damage_healed":0,"gold_gain":0,"player_choice":"Ignored","damage_taken":0,"max_hp_gain":0,"max_hp_loss":0,"event_name":"Vampires","floor":31,"gold_loss":0},{"damage_healed":0,"gold_gain":0,"player_choice":"Ignored","damage_taken":0,"max_hp_gain":0,"max_hp_loss":0,"event_name":"Tomb of Lord Red Mask","floor":37,"gold_loss":0},{"damage_healed":0,"gold_gain":0,"player_choice":"Memory 1","damage_taken":0,"max_hp_gain":0,"max_hp_loss":0,"event_name":"SensoryStone","floor":48,"gold_loss":0}],"is_beta":false,"boss_relics":[{"not_picked":["Snecko Eye","HoveringKite"],"picked":"Philosopher\u0027s Stone"},{"not_picked":["Black Star","Pandora\u0027s Box"],"picked":"Fusion Hammer"}],"items_purged_floors":[38,54],"is_endless":false,"potions_floor_spawned":[3,12,19,28,30,33,35,36,40,46,55],"killed_by":"The Heart","ascension_level":20}}