{"host":"oeh4wb93hhtrshvk","time":1611951094,"event":{"mods":["2.2 Compatiblity","AchievementEnabler","Act Like it!","Aspiration","BaseMod","Better Skull","Better Third Choice","Block Reminder","Card Filter","Colored Powertips","Conspire","Curses Come First","Defuse TimeMaze Blight","Displayed Cursed Tome","Downfall","Energized Spire","GifTheSpireLib","Hermit","Hubris","Infinite Spire","Marisa????????","Minty Spire (QoL Compilation)","Pale of the Ancients","Poor People Problems","Quick Restart","Rare Cards Sparkle","Relic Filter","Reliquary","Replay The Spire","Shop Mod","Spicy Shops","StS++","StSLib","The Blue Laboratory","The Cursed","The Disciple","Transform Curses","Wandering Minibosses","Wide Potions"],"gold_per_floor":[111,125,125,142,142,142,174,174,174,174,207,207,207,207],"floor_reached":12,"language":"FRA","playtime":569,"items_purged":[],"score":86,"play_id":"1fb7df46-bda4-471c-b72d-e6ff64072bc1","local_time":"20210129211134","daily_mods":["Heirloom","DeadlyEvents"],"is_ascension_mode":false,"campfire_choices":[{"data":"bronze:Repulsor","floor":6,"key":"SMITH"},{"data":"bronze:ShipIt","floor":10,"key":"SMITH"}],"circlet_count":0,"master_deck":["bronze:Strike","bronze:Strike","bronze:Strike","bronze:Strike","bronze:Defend","bronze:Defend","bronze:Defend","bronze:Defend","bronze:Replicate","bronze:Goto","bronze:Safeguard","bronze:Repulsor+1","bronze:ShipIt+1","Regret","bronze:ChosenStrike","bronze:DarkDash"],"relics":["bronze:BronzeCore","StSpp:WoodenStick","hubris:Towel","hubris:FunFungus","bronze:CableSpool","hubris:Icosahedron","aspiration:TomeofQuesting","Replay:Baseball"],"acts_visited":["Exordium"],"potions_floor_usage":[],"damage_taken":[{"damage":2,"enemies":"2 Louse","floor":1,"turns":3},{"damage":0,"enemies":"Small Slimes","floor":2,"turns":3},{"damage":2,"enemies":"Jaw Worm","floor":4,"turns":5},{"damage":40,"enemies":"Lagavulin","floor":7,"turns":12},{"damage":21,"enemies":"Gremlin Nob","floor":11,"turns":4},{"damage":6,"enemies":"3 Sentries","floor":12,"turns":3}],"seed_played":"5224541329108253314","potions_obtained":[{"floor":11,"key":"FearPotion"}],"is_trial":true,"path_per_floor":["M","M","?","M","?","R","E","?","T","R","E","E"],"character_chosen":"THE_AUTOMATON","items_purchased":[],"campfire_rested":0,"item_purchase_floors":[],"current_hp_per_floor":[68,68,68,66,66,66,27,27,27,27,6,0,0,0],"gold":207,"neow_bonus":"","is_daily":false,"chose_seed":false,"campfire_upgraded":2,"win_rate":0.0,"timestamp":1611951094,"path_taken":["M","M","?","M","?","R","E","?","T","R","?","E"],"items_purchased_type":[],"build_version":"2020-12-22","purchased_purges":0,"victory":false,"max_hp_per_floor":[70,70,70,70,70,70,70,70,70,70,70,70,70,70],"card_choices":[{"not_picked":["bronze:MaxOutput","bronze:Frontload"],"picked":"bronze:Safeguard","floor":1},{"not_picked":["bronze:WildBeam","bronze:BuggyMess"],"picked":"bronze:Repulsor","floor":2},{"not_picked":["bronze:Safeguard","bronze:DelayedGuard"],"picked":"bronze:ShipIt","floor":4},{"not_picked":["bronze:ChildClass","bronze:ForLoop"],"picked":"bronze:ChosenStrike","floor":7},{"not_picked":["bronze:Philosophize","bronze:Turbo"],"picked":"bronze:DarkDash","floor":11}],"player_experience":645700,"relics_obtained":[{"floor":7,"key":"bronze:CableSpool"},{"floor":9,"key":"aspiration:TomeofQuesting"},{"floor":11,"key":"Replay:Baseball"}],"event_choices":[{"damage_healed":0,"gold_gain":0,"player_choice":"Box","damage_taken":0,"relics_obtained":["hubris:FunFungus"],"max_hp_gain":0,"max_hp_loss":0,"event_name":"Big Fish","floor":5,"gold_loss":0,"cards_obtained":["Regret"]}],"is_beta":false,"boss_relics":[],"items_purged_floors":[],"is_endless":false,"potions_floor_spawned":[11],"killed_by":"3 Sentries","ascension_level":0}}