{"host":"o3b7ow6d1xe49css","time":1611911493,"event":{"mods":["Act Like it!","Aspiration","BaseMod","Bestiary","Better Altar","Better Match","Better Note","Better Sensory Stone","Better Skull","Better Third Choice","Colored Powertips","Conspire","Energized Spire","Force Act Four","GifTheSpireLib","Halation","Hermit","Hubris","Infinite Spire","Lobotomy","Minty Spire (QoL Compilation)","Quick Restart","Relic Filter Mod","Reliquary","Replay The Spire","Spicy Shops","Spikes Relics","Spire Arcade","StSLib","Stuff the Spire","The Blue Laboratory","Wandering Minibosses"],"gold_per_floor":[116,128,147,157,12,12,43,87,99,111,153,165,177,216,228,240,240],"floor_reached":16,"language":"ENG","playtime":450,"items_purged":["Strike_B"],"score":160,"play_id":"2fb3d578-17a4-4759-b668-72090bbcaa5a","local_time":"20210129001133","daily_mods":["Heirloom","Flight"],"is_ascension_mode":true,"campfire_choices":[{"data":"Zap","floor":6,"key":"SMITH"},{"data":"Capacitor","floor":10,"key":"SMITH"},{"floor":13,"key":"REST"},{"data":"Defragment","floor":15,"key":"SMITH"}],"circlet_count":0,"master_deck":["Strike_B","Strike_B","Strike_B","Defend_B","Defend_B","Defend_B","Defend_B+1","Zap+1","Dualcast","Ball Lightning","OSAHOGD","Redo+1","Consume","OldLady","Scorched","Capacitor+1","Reinforced Body","Defragment+1","Double Energy"],"relics":["Cracked Core","Ring of Chaos","infinitespire:Joker Card","CogitoBucket","halation:OrihimeAndHikoboshiSamaAndTears","MawBank","War Paint","Replay:Bottled Flurry","Replay:Accelerometer"],"acts_visited":["Exordium"],"potions_floor_usage":[7],"damage_taken":[{"damage":0,"enemies":"Small Slimes","floor":1,"turns":2},{"damage":10,"enemies":"2 Louse","floor":2,"turns":2},{"damage":0,"enemies":"Cultist","floor":3,"turns":2},{"damage":6,"enemies":"2 Fungi Beasts","floor":4,"turns":2},{"damage":23,"enemies":"Lagavulin","floor":7,"turns":4},{"damage":10,"enemies":"3 Sentries","floor":8,"turns":2},{"damage":18,"enemies":"Lagavulin","floor":11,"turns":6},{"damage":10,"enemies":"Gremlin Nob","floor":14,"turns":3},{"damage":30,"enemies":"The Guardian","floor":16,"turns":1}],"seed_played":"6223999446773500126","potions_obtained":[{"floor":2,"key":"SteroidPotion"},{"floor":3,"key":"BlessingOfTheForge"},{"floor":4,"key":"SkillPotion"}],"is_trial":true,"path_per_floor":["M","M","M","M","$","R","E","E","T","R","E","?","R","E","R","B"],"character_chosen":"DEFECT","items_purchased":["halation:OrihimeAndHikoboshiSamaAndTears"],"campfire_rested":1,"item_purchase_floors":[5],"current_hp_per_floor":[75,65,65,59,59,59,36,26,26,26,8,8,30,20,20,0,0],"gold":240,"neow_bonus":"","is_daily":false,"chose_seed":false,"campfire_upgraded":3,"win_rate":0.0,"timestamp":1611911493,"path_taken":["M","M","M","M","$","R","E","E","T","R","E","?","R","E","R","BOSS"],"items_purchased_type":["Relic"],"build_version":"2020-12-22","purchased_purges":1,"victory":false,"max_hp_per_floor":[75,75,75,75,75,75,75,75,75,75,75,75,75,75,75,75,75],"card_choices":[{"not_picked":["Bloodbath","VoidDream","BigBird"],"picked":"Singing Bowl","floor":1},{"not_picked":["StuffTheSpire:Plugnplay","Redo"],"picked":"Ball Lightning","floor":1},{"not_picked":["NakedNest","CrumblingArmor","SpiderBud"],"picked":"Singing Bowl","floor":2},{"not_picked":["Freischutz","MeatLantern"],"picked":"OSAHOGD","floor":2},{"not_picked":["ReplayTheSpireMod:System Scan","Streamline"],"picked":"Redo","floor":2},{"not_picked":["Conserve Battery","Ball Lightning"],"picked":"Consume","floor":3},{"not_picked":["BigBird","SpiderBud","PunishingBird"],"picked":"Singing Bowl","floor":3},{"not_picked":["WallGazer","MHz"],"picked":"OldLady","floor":3},{"not_picked":["CherryBlossoms","SpiderBud"],"picked":"Scorched","floor":4},{"not_picked":["Ball Lightning","Beam Cell"],"picked":"Capacitor","floor":4},{"not_picked":["LittlePrince","Bloodbath","Freischutz"],"picked":"Singing Bowl","floor":7},{"not_picked":["Turbo","StuffTheSpire:LoadUp","Stack"],"picked":"SKIP","floor":7},{"not_picked":["CrumblingArmor","Laetitia","DreamingCurrent"],"picked":"Singing Bowl","floor":8},{"not_picked":["Aggregate","Melter"],"picked":"Reinforced Body","floor":8},{"not_picked":["ShyLook","Bloodbath","PunishingBird"],"picked":"Singing Bowl","floor":11},{"not_picked":["Consume","StuffTheSpire:LoadUp"],"picked":"Defragment","floor":11},{"not_picked":["Laetitia","Funeral","MeltingLove"],"picked":"Singing Bowl","floor":14},{"not_picked":["Beam Cell","StuffTheSpire:LoadUp"],"picked":"Double Energy","floor":14}],"player_experience":1889540,"relics_obtained":[{"floor":7,"key":"MawBank"},{"floor":8,"key":"War Paint"},{"floor":11,"key":"Replay:Bottled Flurry"},{"floor":14,"key":"Replay:Accelerometer"}],"event_choices":[{"damage_healed":0,"gold_gain":1,"player_choice":"1","damage_taken":0,"max_hp_gain":0,"max_hp_loss":0,"event_name":"betterStone:BetterStone","floor":12,"gold_loss":0}],"is_beta":false,"boss_relics":[],"items_purged_floors":[5],"is_endless":false,"potions_floor_spawned":[2,3,4],"killed_by":"The Guardian","ascension_level":5}}