{"host":"xvjtz0l6trtfk8cl","time":1611947051,"event":{"mods":["BaseMod","Better Altar","Better Third Choice","Downfall","Fox Events","Hermit","Magitek Elite","Minty Spire (QoL Compilation)","StSLib","The Bladedancer","The Death Knight","The Hierophant","The Necromancer","Waifu the Spire"],"gold_per_floor":[99,113,126,111,111,126,126,126,111,111,111,144,155,180,195,195,195],"floor_reached":16,"language":"ENG","playtime":1057,"items_purged":[],"score":112,"play_id":"84369799-588e-45ea-a751-d78808ef182c","local_time":"20210129130411","is_ascension_mode":false,"campfire_choices":[{"data":"Fire2","floor":1,"key":"SMITH"},{"data":"Transpose_P","floor":8,"key":"SMITH"},{"data":"Fire2","floor":10,"key":"SMITH"}],"circlet_count":0,"master_deck":["Strike_L","Strike_L","Strike_L","Strike_L","Defend_L","Defend_L","Defend_L","Defend_L","Defend_L","Fire2+2","Cure","Falchion","Diamond_Shield2","Transpose_P+1","Valor"],"relics":["Pendant","Strawberry","CaptainsWheel","TungstenRod"],"acts_visited":["Exordium"],"potions_floor_usage":[11,12,14,15,15],"damage_taken":[{"damage":0,"enemies":"Cultist","floor":2,"turns":4},{"damage":4,"enemies":"Small Slimes","floor":3,"turns":3},{"damage":0,"enemies":"downfall:FleeingMerchant","floor":4,"turns":4},{"damage":0,"enemies":"2 Louse","floor":6,"turns":2},{"damage":10,"enemies":"downfall:FleeingMerchant","floor":9,"turns":4},{"damage":0,"enemies":"Exordium Wildlife","floor":11,"turns":3},{"damage":17,"enemies":"3 Sentries","floor":12,"turns":6},{"damage":2,"enemies":"Large Slime","floor":13,"turns":6},{"damage":21,"enemies":"Lagavulin","floor":14,"turns":6},{"damage":4,"enemies":"Blue Slaver","floor":15,"turns":5},{"damage":35,"enemies":"DF_ARCHETYPE_STREAMLINE","floor":16,"turns":9}],"seed_played":"7229763036396178394","potions_obtained":[{"floor":5,"key":"SkillPotion"},{"floor":5,"key":"PowerPotion"},{"floor":5,"key":"SmokeBomb"},{"floor":13,"key":"DeathKnight:RimePotion"},{"floor":14,"key":"Energy Potion"}],"is_trial":false,"path_per_floor":["R","M","M","$","?","M","T","R","$","R","M","E","M","E","M","B"],"character_chosen":"MAGITEKELITE","items_purchased":[],"campfire_rested":0,"item_purchase_floors":[],"current_hp_per_floor":[69,69,65,65,65,65,72,72,66,66,66,49,47,32,28,0,0],"gold":195,"neow_bonus":"TEN_PERCENT_HP_BONUS","is_daily":false,"chose_seed":false,"campfire_upgraded":3,"win_rate":0.0,"timestamp":1611947051,"path_taken":["R","?","M","?","?","?","T","R","$","R","M","E","M","E","M","BOSS"],"items_purchased_type":[],"build_version":"2020-12-22","purchased_purges":0,"victory":false,"max_hp_per_floor":[69,69,69,69,69,69,76,76,76,76,76,76,76,76,76,76,76],"card_choices":[{"not_picked":["Blood_Hilt","Quake"],"picked":"Falchion","floor":2},{"not_picked":["Flare","Vox","Gladius"],"picked":"SKIP","floor":3},{"not_picked":["Balance","Magnus_Hat"],"picked":"Diamond_Shield2","floor":4},{"not_picked":["Quake","Thunder_P"],"picked":"Transpose_P","floor":6},{"not_picked":["Shell","Quick","Thunder_Blade"],"picked":"SKIP","floor":9},{"not_picked":["Icebrand","Crystal_Sword","Barrier"],"picked":"SKIP","floor":12},{"not_picked":["Throw","Barrier"],"picked":"Valor","floor":13},{"not_picked":["Magus_Robe","Esuna","Dark"],"picked":"SKIP","floor":14},{"not_picked":["Heavy_Shield","Thunder_P","Cursed_Shield"],"picked":"SKIP","floor":15}],"player_experience":38071,"relics_obtained":[{"floor":7,"key":"Strawberry"},{"floor":12,"key":"CaptainsWheel"},{"floor":14,"key":"TungstenRod"}],"event_choices":[{"damage_healed":0,"gold_gain":0,"player_choice":"Got Potions","damage_taken":0,"max_hp_gain":0,"max_hp_loss":0,"event_name":"Lab","floor":5,"gold_loss":0}],"is_beta":false,"boss_relics":[],"items_purged_floors":[],"is_endless":false,"potions_floor_spawned":[6,13,14],"killed_by":"DF_ARCHETYPE_STREAMLINE","ascension_level":0}}