{"host":"4k1o517shm2ba6vh","time":1611946082,"event":{"mods":["AchievementEnabler","BaseMod","Minty Spire (QoL Compilation)","StSLib","The Poker Player","everything is the same but u backflip on backflip"],"gold_per_floor":[111,126,145,165,181,181,213,213,213,232,232,252,272,19,19,117,117,117,55,55],"floor_reached":19,"language":"ENG","playtime":899,"items_purged":["Strike_G"],"score":260,"play_id":"a6377096-ac60-460d-a447-fa59756468b7","local_time":"20210129124802","is_ascension_mode":true,"campfire_choices":[{"floor":6,"key":"REST"},{"floor":11,"key":"REST"},{"floor":15,"key":"REST"}],"circlet_count":0,"master_deck":["AscendersBane","Strike_G","Strike_G","Strike_G","Strike_G","Defend_G","Defend_G","Defend_G","Defend_G","Defend_G","Survivor","Neutralize","Flying Knee","Backstab","Skewer","Blade Dance","Doppelganger","Bouncing Flask","Backflip","Dagger Spray","Dagger Throw","Cloak And Dagger","Caltrops","Noxious Fumes","Footwork","Bullet Time","Flying Knee+1","Footwork"],"relics":["Ring of the Snake","Juzu Bracelet","Art of War","The Courier","Ectoplasm"],"acts_visited":["Exordium","TheCity"],"potions_floor_usage":[7,16,16,16,16],"damage_taken":[{"damage":8,"enemies":"Jaw Worm","floor":1,"turns":4},{"damage":1,"enemies":"2 Louse","floor":2,"turns":5},{"damage":2,"enemies":"Small Slimes","floor":3,"turns":4},{"damage":2,"enemies":"3 Louse","floor":4,"turns":4},{"damage":18,"enemies":"Large Slime","floor":5,"turns":6},{"damage":35,"enemies":"Lagavulin","floor":7,"turns":5},{"damage":3,"enemies":"Looter","floor":10,"turns":4},{"damage":8,"enemies":"3 Louse","floor":12,"turns":4},{"damage":20,"enemies":"Exordium Thugs","floor":13,"turns":4},{"damage":13,"enemies":"The Guardian","floor":16,"turns":8},{"damage":23,"enemies":"Chosen","floor":18,"turns":5}],"seed_played":"-8493297826337966048","potions_obtained":[{"floor":2,"key":"BlessingOfTheForge"},{"floor":3,"key":"EntropicBrew"},{"floor":10,"key":"LiquidBronze"},{"floor":13,"key":"Dexterity Potion"},{"floor":16,"key":"DuplicationPotion"}],"is_trial":false,"path_per_floor":["M","M","M","M","M","R","E","?","T","M","R","M","M","$","R","B",null,"M","$"],"character_chosen":"THE_SILENT","items_purchased":["Cloak And Dagger","Caltrops","Noxious Fumes","Footwork","Footwork"],"campfire_rested":3,"item_purchase_floors":[14,14,14,14,19],"current_hp_per_floor":[62,61,59,57,39,62,27,20,20,17,40,32,12,12,35,22,63,40,40,40],"gold":55,"neow_bonus":"TEN_PERCENT_HP_BONUS","is_daily":false,"chose_seed":false,"campfire_upgraded":0,"win_rate":0.0,"timestamp":1611946082,"path_taken":["M","M","M","M","M","R","E","?","T","M","R","M","M","$","R","BOSS","M","$"],"items_purchased_type":["Card","Card","Card","Card","Card"],"build_version":"2020-12-22","purchased_purges":1,"victory":false,"max_hp_per_floor":[77,77,77,77,77,77,77,77,77,77,77,77,77,77,77,77,77,77,77,77],"card_choices":[{"not_picked":["Bane","Riddle With Holes"],"picked":"Flying Knee","floor":1},{"not_picked":["Dagger Spray","Dodge and Roll"],"picked":"Backstab","floor":2},{"not_picked":["Prepared","Acrobatics"],"picked":"Skewer","floor":3},{"not_picked":["Flechettes","Expertise"],"picked":"Blade Dance","floor":4},{"not_picked":["Outmaneuver","Prepared"],"picked":"Doppelganger","floor":5},{"not_picked":["Heel Hook","Eviscerate"],"picked":"Bouncing Flask","floor":7},{"not_picked":["Outmaneuver","Sucker Punch"],"picked":"Backflip","floor":10},{"not_picked":["Escape Plan","Slice"],"picked":"Dagger Spray","floor":12},{"not_picked":["Accuracy","Bane"],"picked":"Dagger Throw","floor":13},{"not_picked":["Unload","Phantasmal Killer"],"picked":"Bullet Time","floor":16},{"not_picked":["Riddle With Holes","Blade Dance"],"picked":"Flying Knee+1","floor":18}],"player_experience":427783,"relics_obtained":[{"floor":7,"key":"Juzu Bracelet"},{"floor":9,"key":"The Courier"}],"event_choices":[{"damage_healed":0,"gold_gain":0,"player_choice":"Success","damage_taken":7,"relics_obtained":["Art of War"],"max_hp_gain":0,"max_hp_loss":0,"event_name":"Scrap Ooze","floor":8,"gold_loss":0}],"is_beta":false,"boss_relics":[{"not_picked":["Empty Cage","Velvet Choker"],"picked":"Ectoplasm"}],"items_purged_floors":[14],"is_endless":false,"potions_floor_spawned":[2,3,10,13,16],"ascension_level":10}}