{"host":"gnfs9pc52tj5b2xa","time":1611918645,"event":{"mods":["BaseMod","Minty Spire (QoL Compilation)","Relic Sorter","Relic Stats","Slay the Relics Exporter","ojb\u0027s Better Paths Mod","ojb\u0027s Info Mod"],"gold_per_floor":[14,28,28,28,48,84,84,84,84,118,131,147,168,183,183,273,273,291,291,310,225,248,248,283,283,283,283,318,342,361,404,404,493,493,516,1515,912,647,661,702,738,771,771,789,789,810,843,387,387,387,387,387,387,79,127,127],"floor_reached":57,"language":"ENG","playtime":14090,"items_purged":["Normality","Normality","Anger","Strike_R"],"score":3109,"play_id":"432bc432-6c48-42d2-a858-d7f955d8f70b","local_time":"20210129031045","is_ascension_mode":true,"campfire_choices":[{"data":"Bash","floor":7,"key":"SMITH"},{"data":"Disarm","floor":15,"key":"SMITH"},{"data":"Armaments","floor":23,"key":"SMITH"},{"floor":25,"key":"REST"},{"data":"Offering","floor":32,"key":"SMITH"},{"floor":49,"key":"RECALL"},{"floor":53,"key":"REST"}],"circlet_count":0,"master_deck":["AscendersBane","Strike_R","Strike_R+1","Strike_R","Strike_R","Defend_R","Defend_R","Defend_R","Defend_R","Bash+1","Hemokinesis+1","Power Through","Rampage","Offering+1","Impervious","Disarm+1","Feed","Armaments+1","Barricade","Immolate","Uppercut","True Grit+1","Uppercut","Entrench","Entrench","Battle Trance+1"],"relics":["Burning Blood","TungstenRod","Golden Idol","Paper Frog","Oddly Smooth Stone","Ornamental Fan","Snecko Eye","Champion Belt","InkBottle","Magic Flower","Nilry\u0027s Codex","Tiny Chest","WingedGreaves","Fusion Hammer","Medical Kit","Kunai","OrangePellets","Red Skull","White Beast Statue","Potion Belt","CeramicFish","Centennial Puzzle","TheAbacus","DollysMirror","Mummified Hand"],"acts_visited":["Exordium","TheCity","TheBeyond","TheEnding"],"potions_floor_usage":[6,14,16,18,28,33,40,41,55,56,56,56,56],"damage_taken":[{"damage":14,"enemies":"Jaw Worm","floor":1,"turns":6},{"damage":1,"enemies":"Small Slimes","floor":2,"turns":2},{"damage":1,"enemies":"Cultist","floor":5,"turns":2},{"damage":24,"enemies":"3 Sentries","floor":6,"turns":10},{"damage":6,"enemies":"Lagavulin","floor":10,"turns":4},{"damage":8,"enemies":"Exordium Wildlife","floor":11,"turns":4},{"damage":4,"enemies":"Looter","floor":12,"turns":3},{"damage":1,"enemies":"2 Fungi Beasts","floor":13,"turns":3},{"damage":8,"enemies":"3 Louse","floor":14,"turns":4},{"damage":18,"enemies":"The Guardian","floor":16,"turns":14},{"damage":12,"enemies":"Spheric Guardian","floor":18,"turns":3},{"damage":4,"enemies":"Chosen","floor":20,"turns":6},{"damage":39,"enemies":"3 Cultists","floor":22,"turns":7},{"damage":21,"enemies":"Book of Stabbing","floor":24,"turns":4},{"damage":6,"enemies":"Gremlin Leader","floor":28,"turns":4},{"damage":8,"enemies":"Snecko","floor":29,"turns":6},{"damage":10,"enemies":"Snake Plant","floor":30,"turns":7},{"damage":16,"enemies":"Book of Stabbing","floor":31,"turns":7},{"damage":10,"enemies":"Champ","floor":33,"turns":8},{"damage":4,"enemies":"3 Darklings","floor":35,"turns":6},{"damage":0,"enemies":"3 Shapes","floor":39,"turns":14},{"damage":13,"enemies":"Nemesis","floor":40,"turns":19},{"damage":19,"enemies":"Reptomancer","floor":41,"turns":13},{"damage":7,"enemies":"Giant Head","floor":42,"turns":9},{"damage":0,"enemies":"Spire Growth","floor":44,"turns":8},{"damage":1,"enemies":"4 Shapes","floor":46,"turns":9},{"damage":7,"enemies":"Nemesis","floor":47,"turns":28},{"damage":28,"enemies":"Awakened One","floor":50,"turns":26},{"damage":22,"enemies":"Donu and Deca","floor":51,"turns":19},{"damage":25,"enemies":"Shield and Spear","floor":55,"turns":32},{"damage":3,"enemies":"The Heart","floor":56,"turns":17}],"seed_played":"7190292235108797644","potions_obtained":[{"floor":2,"key":"Block Potion"},{"floor":11,"key":"SteroidPotion"},{"floor":12,"key":"Dexterity Potion"},{"floor":14,"key":"SteroidPotion"},{"floor":16,"key":"Fire Potion"},{"floor":22,"key":"DistilledChaos"},{"floor":29,"key":"AttackPotion"},{"floor":31,"key":"FearPotion"},{"floor":35,"key":"Block Potion"},{"floor":41,"key":"SneckoOil"},{"floor":42,"key":"ColorlessPotion"},{"floor":44,"key":"EssenceOfSteel"},{"floor":46,"key":"Dexterity Potion"},{"floor":47,"key":"EssenceOfSteel"},{"floor":55,"key":"SkillPotion"}],"is_trial":false,"path_per_floor":["M","M","?","?","M","E","R","?","T","E","M","M","M","M","R","B",null,"M","?","M","?","M","R","E","R","T","?","E","M","M","E","R","B",null,"M","?","$","$","M","E","E","E","T","M","?","M","E","$","R","B","B",null,"R","$","E","B",null],"character_chosen":"IRONCLAD","items_purchased":["Medical Kit","Kunai","Uppercut","OrangePellets","Centennial Puzzle","TheAbacus","DollysMirror"],"campfire_rested":2,"item_purchase_floors":[37,37,37,38,48,48,54],"current_hp_per_floor":[60,65,65,46,51,33,33,33,33,33,31,33,38,36,36,24,57,54,54,59,59,30,30,19,43,43,26,35,42,46,39,39,44,84,95,95,95,95,105,107,102,109,109,118,112,116,120,120,120,110,103,124,131,131,127,133],"gold":127,"neow_bonus":"ONE_RARE_RELIC","is_daily":false,"chose_seed":false,"campfire_upgraded":4,"win_rate":0.0,"timestamp":1611918645,"path_taken":["M","M","?","?","M","E","R","?","T","E","?","M","M","M","R","BOSS","M","?","M","?","M","R","E","R","T","?","E","M","M","E","R","BOSS","M","?","$","$","M","E","E","E","T","M","?","M","E","$","R","BOSS","BOSS","R","$","E","BOSS"],"items_purchased_type":["Relic","Relic","Card","Relic","Relic","Relic","Relic"],"build_version":"2020-12-22","purchased_purges":4,"victory":true,"max_hp_per_floor":[75,75,68,68,68,68,68,68,68,68,68,68,68,68,68,68,68,71,71,74,74,78,78,82,82,82,82,86,90,93,93,93,97,97,101,101,101,101,105,109,112,115,115,118,112,116,120,120,120,127,131,131,131,131,139,139],"relic_stats":{"counters":[31,304],"Golden Idol":221,"CeramicFish":18,"Magic Flower":[70],"Medical Kit":[234],"Burning Blood":214,"OrangePellets":[15],"Centennial Puzzle":[9],"TheAbacus":[264],"Ornamental Fan":[240],"Mummified Hand":[4],"Snecko Eye":[192,183,150,181],"Tiny Chest":0,"Champion Belt":[109],"Kunai":[33],"obtain_stats":[{"Nilry\u0027s Codex":27,"CeramicFish":47,"Magic Flower":26,"Burning Blood":0,"Centennial Puzzle":48,"TheAbacus":48,"DollysMirror":54,"Mummified Hand":55,"Tiny Chest":28,"WingedGreaves":31,"Fusion Hammer":34,"Kunai":37,"InkBottle":24,"Red Skull":40,"Paper Frog":6,"Potion Belt":42,"Golden Idol":3,"Oddly Smooth Stone":9,"Medical Kit":37,"White Beast Statue":41,"OrangePellets":38,"Ornamental Fan":10,"Snecko Eye":17,"Champion Belt":21,"TungstenRod":0},{"Nilry\u0027s Codex":14,"CeramicFish":27,"Magic Flower":14,"Burning Blood":0,"Centennial Puzzle":27,"TheAbacus":27,"DollysMirror":29,"Mummified Hand":30,"Tiny Chest":15,"WingedGreaves":18,"Fusion Hammer":19,"Kunai":20,"InkBottle":14,"Red Skull":22,"Paper Frog":4,"Potion Belt":24,"Golden Idol":2,"Oddly Smooth Stone":4,"Medical Kit":20,"White Beast Statue":23,"OrangePellets":20,"Ornamental Fan":5,"Snecko Eye":10,"Champion Belt":12,"TungstenRod":0},{"Nilry\u0027s Codex":72,"CeramicFish":210,"Magic Flower":72,"Burning Blood":0,"Centennial Puzzle":210,"TheAbacus":210,"DollysMirror":255,"Mummified Hand":287,"Tiny Chest":76,"WingedGreaves":96,"Fusion Hammer":104,"Kunai":110,"InkBottle":72,"Red Skull":143,"Paper Frog":20,"Potion Belt":165,"Golden Idol":8,"Oddly Smooth Stone":20,"Medical Kit":110,"White Beast Statue":156,"OrangePellets":110,"Ornamental Fan":24,"Snecko Eye":52,"Champion Belt":61,"TungstenRod":0}],"TungstenRod":108,"InkBottle":[97]},"card_choices":[{"not_picked":["Havoc","Rampage"],"picked":"Hemokinesis","floor":1},{"not_picked":["Bloodletting","Rage"],"picked":"Power Through","floor":2},{"not_picked":["Thunderclap","Rage"],"picked":"Rampage","floor":5},{"not_picked":["Perfected Strike","Inflame"],"picked":"Anger","floor":6},{"not_picked":["Hemokinesis","Pummel"],"picked":"Impervious","floor":10},{"not_picked":["Carnage","Spot Weakness"],"picked":"Disarm","floor":11},{"not_picked":["Flex","Fire Breathing","Sentinel"],"picked":"SKIP","floor":12},{"not_picked":["Flex","Fire Breathing","Sentinel"],"picked":"SKIP","floor":12},{"not_picked":["Flex","Fire Breathing","Sentinel"],"picked":"SKIP","floor":12},{"not_picked":["Warcry","Flex","Clothesline"],"picked":"SKIP","floor":13},{"not_picked":["Clothesline","Warcry","Pommel Strike"],"picked":"SKIP","floor":14},{"not_picked":["Bludgeon","Double Tap"],"picked":"Feed","floor":16},{"not_picked":["Thunderclap","Warcry"],"picked":"Armaments","floor":18},{"not_picked":["Cleave","Sword Boomerang+1","True Grit"],"picked":"SKIP","floor":20},{"not_picked":["Twin Strike","Bloodletting","Heavy Blade"],"picked":"SKIP","floor":22},{"not_picked":["Havoc","Thunderclap","Sword Boomerang"],"picked":"SKIP","floor":24},{"not_picked":["Pommel Strike","Twin Strike","Dropkick"],"picked":"SKIP","floor":28},{"not_picked":["Cleave","Heavy Blade+1","Inflame"],"picked":"SKIP","floor":29},{"not_picked":["Cleave","Heavy Blade+1","Inflame"],"picked":"SKIP","floor":29},{"not_picked":["Perfected Strike","Rupture","Dropkick"],"picked":"SKIP","floor":30},{"not_picked":["Perfected Strike","Rupture","Dropkick"],"picked":"SKIP","floor":30},{"not_picked":["Body Slam","Anger"],"picked":"Barricade","floor":31},{"not_picked":["Offering","Feed"],"picked":"Immolate","floor":33},{"not_picked":["Iron Wave+1","Dropkick","Warcry+1"],"picked":"SKIP","floor":35},{"not_picked":["Rage","Twin Strike"],"picked":"True Grit+1","floor":39},{"not_picked":["Anger","Dual Wield","Searing Blow"],"picked":"SKIP","floor":40},{"not_picked":["Perfected Strike+1","Armaments","Flex"],"picked":"SKIP","floor":41},{"not_picked":["Feed","Clash","Iron Wave+1"],"picked":"SKIP","floor":42},{"not_picked":["Evolve","Iron Wave+1"],"picked":"Uppercut","floor":44},{"not_picked":["Anger","Wild Strike+1"],"picked":"Entrench","floor":46},{"not_picked":["Rupture","Sentinel","Clothesline"],"picked":"SKIP","floor":47},{"not_picked":["Sword Boomerang+1","Warcry"],"picked":"Battle Trance+1","floor":55}],"player_experience":1232908,"relics_obtained":[{"floor":6,"key":"Paper Frog"},{"floor":9,"key":"Oddly Smooth Stone"},{"floor":10,"key":"Ornamental Fan"},{"floor":24,"key":"InkBottle"},{"floor":26,"key":"Magic Flower"},{"floor":27,"key":"Nilry\u0027s Codex"},{"floor":28,"key":"Tiny Chest"},{"floor":31,"key":"WingedGreaves"},{"floor":40,"key":"Red Skull"},{"floor":41,"key":"White Beast Statue"},{"floor":42,"key":"Potion Belt"},{"floor":47,"key":"CeramicFish"},{"floor":55,"key":"Mummified Hand"}],"event_choices":[{"damage_healed":0,"gold_gain":0,"player_choice":"Lose Max HP","damage_taken":0,"relics_obtained":["Golden Idol"],"max_hp_gain":0,"max_hp_loss":7,"event_name":"Golden Idol","floor":3,"gold_loss":0},{"damage_healed":0,"gold_gain":0,"player_choice":"Entered Light","damage_taken":20,"max_hp_gain":0,"max_hp_loss":0,"event_name":"Shining Light","floor":4,"gold_loss":0,"cards_upgraded":["Hemokinesis","Strike_R"]},{"damage_healed":0,"gold_gain":0,"player_choice":"1 cards matched","damage_taken":0,"max_hp_gain":0,"max_hp_loss":0,"event_name":"Match and Keep!","floor":8,"gold_loss":0,"cards_obtained":["Offering"]},{"damage_healed":0,"gold_gain":0,"player_choice":"Ignored","damage_taken":0,"max_hp_gain":0,"max_hp_loss":0,"event_name":"The Mausoleum","floor":19,"gold_loss":0},{"damage_healed":0,"gold_gain":0,"player_choice":"Obtained Relic","damage_taken":0,"relics_obtained":["Champion Belt"],"max_hp_gain":0,"max_hp_loss":0,"event_name":"Addict","floor":21,"gold_loss":85},{"damage_healed":0,"gold_gain":0,"player_choice":"Obtained Book","damage_taken":21,"max_hp_gain":0,"max_hp_loss":0,"event_name":"Cursed Tome","floor":27,"gold_loss":0},{"damage_healed":0,"gold_gain":999,"player_choice":"Gold","damage_taken":0,"max_hp_gain":0,"max_hp_loss":0,"event_name":"MindBloom","floor":36,"gold_loss":0,"cards_obtained":["Normality","Normality"]},{"damage_healed":0,"gold_gain":0,"player_choice":"Max HP","damage_taken":0,"max_hp_gain":0,"max_hp_loss":6,"event_name":"Winding Halls","floor":45,"gold_loss":0}],"is_beta":false,"boss_relics":[{"not_picked":["Astrolabe","Ectoplasm"],"picked":"Snecko Eye"},{"not_picked":["Pandora\u0027s Box","Runic Cube"],"picked":"Fusion Hammer"}],"items_purged_floors":[37,38,48,54],"is_endless":false,"potions_floor_spawned":[2,11,12,14,16,22,24,29,30,31,35,41,42,44,46,47,55],"ascension_level":20}}