{"host":"k88fqnqg39joo1wf","time":1611889664,"event":{"mods":["Act Like it!","BaseMod","Colored Powertips","Downfall","Highlight Path","Mimic Mod","Minty Spire (QoL Compilation)","StSLib","Wandering Minibosses"],"gold_per_floor":[99,110,110,71,84,184,184,194,212,33,33,208,228,264,286,391,450,350,369,29,55,64,83,124,24,57,92,210,295,195,217,236,342,342,342,361,361,394,602,618,618,657,247,288,298,333,347,409,432,432,432,474,21,21,21,21],"floor_reached":57,"language":"ENG","playtime":4484,"items_purged":["Doubt"],"score":1362,"play_id":"fe594500-9456-4470-b855-e751316d45d4","local_time":"20210128210744","is_ascension_mode":false,"campfire_choices":[{"data":"bronze:Replicate","floor":1,"key":"SMITH"},{"floor":11,"key":"REST"},{"floor":18,"key":"RECALL"},{"data":"bronze:Allocate","floor":25,"key":"SMITH"},{"floor":30,"key":"REST"},{"data":"bronze:BurnOut","floor":35,"key":"SMITH"},{"data":"bronze:Return","floor":54,"key":"SMITH"}],"circlet_count":0,"master_deck":["bronze:Defend","bronze:Defend","bronze:Defend","bronze:Defend","bronze:Replicate+1","bronze:Goto","bronze:GetLatest","bronze:ShipIt","bronze:MaxOutput","bronze:Repair","bronze:BugBarrage+1","bronze:MaxOutput","bronze:WildBeam","bronze:ItsAFeature+1","bronze:Shield","bronze:AlphaBuild","bronze:Return+1","bronze:Virus","bronze:Allocate","bronze:SpaghettiCode","bronze:ItsAFeature","bronze:Allocate+1","bronze:MaxOutput+1","bronze:Shield","bronze:MaxOutput","bronze:ItsAFeature","bronze:DecaBeam","bronze:WildBeam+1","bronze:Boost","bronze:BurnOut+1","bronze:Flail+1","bronze:FindAndReplace","bronze:Boost+1","expansioncontent:StudyTheSpire","bronze:Break","bronze:WildBeam+1","bronze:Flail+1","bronze:BugBarrage+1","bronze:Mutator"],"relics":["bronze:BronzeCore","CeramicFish","Tiny House","downfall:HeartBlessingGreen","Mummified Hand","bronze:CableSpool","downfall:HeartBlessingRed","Red Mask","wanderingMiniBosses:AbyssPearl","Tiny Chest","downfall:HeartBlessingBlue","SacredBark","Incense Burner","HandDrill","Whetstone","Pear","Ornamental Fan","Smiling Mask","Blood Vial","Torii","Thread and Needle","Chemical X","Oddly Smooth Stone","Bronze Scales"],"acts_visited":["Exordium","TheCity","TheBeyond","TheEnding"],"potions_floor_usage":[20,26,27,55,55],"damage_taken":[{"damage":0,"enemies":"Cultist","floor":2,"turns":2},{"damage":0,"enemies":"downfall:FleeingMerchant","floor":4,"turns":4},{"damage":0,"enemies":"Small Slimes","floor":5,"turns":2},{"damage":0,"enemies":"Jaw Worm","floor":8,"turns":2},{"damage":12,"enemies":"Exordium Wildlife","floor":9,"turns":4},{"damage":15,"enemies":"downfall:FleeingMerchant","floor":10,"turns":6},{"damage":0,"enemies":"Blue Slaver","floor":13,"turns":2},{"damage":12,"enemies":"Lagavulin","floor":14,"turns":6},{"damage":1,"enemies":"Lots of Slimes","floor":15,"turns":2},{"damage":45,"enemies":"DF_ARCHETYPE_STREAMLINE","floor":16,"turns":7},{"damage":0,"enemies":"Chosen","floor":19,"turns":3},{"damage":20,"enemies":"downfall:FleeingMerchant","floor":20,"turns":7},{"damage":4,"enemies":"3 Byrds","floor":21,"turns":3},{"damage":0,"enemies":"Cultist and Chosen","floor":23,"turns":3},{"damage":0,"enemies":"Chosen and Byrds","floor":24,"turns":3},{"damage":40,"enemies":"Masked Bandits","floor":26,"turns":4},{"damage":9,"enemies":"Slavers","floor":27,"turns":5},{"damage":0,"enemies":"Slavers","floor":28,"turns":3},{"damage":0,"enemies":"Chosen and Byrds","floor":31,"turns":3},{"damage":0,"enemies":"Centurion and Healer","floor":32,"turns":3},{"damage":10,"enemies":"SI_MIRROR_ARCHETYPE","floor":33,"turns":4},{"damage":0,"enemies":"Orb Walker","floor":36,"turns":1},{"damage":0,"enemies":"3 Darklings","floor":38,"turns":5},{"damage":4,"enemies":"downfall:FleeingMerchant","floor":39,"turns":3},{"damage":2,"enemies":"3 Darklings","floor":40,"turns":2},{"damage":0,"enemies":"Giant Head","floor":42,"turns":6},{"damage":0,"enemies":"Nemesis","floor":44,"turns":3},{"damage":0,"enemies":"Sphere and 2 Shapes","floor":45,"turns":3},{"damage":0,"enemies":"Giant Head","floor":46,"turns":3},{"damage":0,"enemies":"Transient","floor":47,"turns":4},{"damage":18,"enemies":"2 Orb Walkers","floor":48,"turns":3},{"damage":0,"enemies":"Spire Growth","floor":49,"turns":2},{"damage":22,"enemies":"WA_ARCHETYPE_DIVINITY","floor":50,"turns":4},{"damage":1,"enemies":"downfall:CharBossMerchant","floor":52,"turns":3},{"damage":1,"enemies":"downfall:NeowBoss","floor":55,"turns":7},{"damage":15,"enemies":"downfall:NeowBossFinal","floor":56,"turns":5}],"seed_played":"-6442759022031998472","potions_obtained":[{"floor":5,"key":"FairyPotion"},{"floor":8,"key":"FearPotion"},{"floor":14,"key":"Dexterity Potion"},{"floor":21,"key":"FearPotion"},{"floor":26,"key":"BlessingOfTheForge"},{"floor":27,"key":"SpeedPotion"},{"floor":31,"key":"CultistPotion"},{"floor":47,"key":"Strength Potion"}],"is_trial":false,"path_per_floor":["R","M","?","$","M","?","T","M","M","$","R","?","M","E","M","B",null,"R","M","$","M","?","M","MIM","R","?","E","?","?","R","M","M","B",null,"R","M","?","MIM","$","M","T","E","$","E","M","E","M","?","M","B",null,"E","$","R","B","B",null],"character_chosen":"THE_AUTOMATON","items_purchased":["bronze:BugBarrage","bronze:AlphaBuild","Mummified Hand","HandDrill","expansioncontent:StudyTheSpire","Ornamental Fan","Chemical X","Oddly Smooth Stone","Bronze Scales"],"campfire_rested":2,"item_purchase_floors":[4,10,20,39,43,43,53,53,53],"current_hp_per_floor":[49,49,49,56,63,63,63,70,58,50,70,70,70,58,64,25,75,75,75,62,58,58,65,72,72,39,30,30,16,51,65,65,62,85,85,85,85,85,81,85,85,95,95,95,95,95,95,77,79,59,95,94,94,94,94,80],"gold":21,"neow_bonus":"TRANSFORM_TWO_CARDS","is_daily":false,"chose_seed":false,"campfire_upgraded":4,"win_rate":0.0,"timestamp":1611889664,"path_taken":["R","M","?","?","M","?","T","M","?","$","R","?","M","E","M","BOSS","R","M","$","M","?","?","MIM","R","?","E","?","?","R","M","M","BOSS","R","M","?","?","$","M","T","E","$","E","M","E","M","?","M","BOSS","E","$","R","BOSS","BOSS"],"items_purchased_type":["Card","Card","Relic","Relic","Card","Relic","Relic","Relic","Relic"],"build_version":"2020-12-22","purchased_purges":1,"victory":true,"max_hp_per_floor":[70,70,70,70,70,70,70,70,70,70,70,70,70,70,70,70,75,75,75,75,75,75,75,75,75,75,75,75,75,85,85,85,85,85,85,85,85,85,85,85,85,95,95,95,95,95,95,95,95,95,95,95,95,95,95,95],"card_choices":[{"not_picked":["bronze:Frontload","bronze:FineTuning"],"picked":"bronze:MaxOutput","floor":2},{"not_picked":["bronze:Turbo","bronze:Optimize","bronze:Iterate"],"picked":"SKIP","floor":4},{"not_picked":["bronze:BugBarrage","bronze:CutThrough"],"picked":"bronze:MaxOutput","floor":5},{"not_picked":["bronze:DelayedSlice","bronze:DelayedGuard"],"picked":"bronze:WildBeam","floor":8},{"not_picked":["bronze:Branch","bronze:MaxOutput"],"picked":"bronze:ItsAFeature","floor":9},{"not_picked":["bronze:DarkDash","bronze:Deprecate"],"picked":"bronze:Shield","floor":10},{"not_picked":["bronze:Iterate","bronze:Frontload"],"picked":"bronze:Return","floor":13},{"not_picked":["bronze:Iterate","bronze:CutThrough"],"picked":"bronze:Virus","floor":14},{"not_picked":["bronze:BuggyMess","bronze:DelayedGuard"],"picked":"bronze:Allocate","floor":15},{"not_picked":["bronze:RecursiveStrike","bronze:CleanCode"],"picked":"bronze:SpaghettiCode","floor":16},{"not_picked":["bronze:DigitalCarnage","bronze:ClassDefault"],"picked":"bronze:ItsAFeature","floor":17},{"not_picked":["bronze:Safeguard","bronze:DelayedSlice+1"],"picked":"bronze:Allocate","floor":19},{"not_picked":["bronze:DelayedSlice+1","bronze:Frontload"],"picked":"bronze:MaxOutput+1","floor":20},{"not_picked":["bronze:FineTuning+1","bronze:Iterate"],"picked":"bronze:Shield","floor":21},{"not_picked":["bronze:Overheat+1","bronze:FineTuning","bronze:BitShift+1"],"picked":"SKIP","floor":23},{"not_picked":["bronze:Shell","bronze:BuggyMess"],"picked":"bronze:ItsAFeature","floor":24},{"not_picked":["bronze:FineTuning+1","bronze:ThunderWave","bronze:Fortify"],"picked":"SKIP","floor":27},{"not_picked":[],"picked":"bronze:DecaBeam","floor":28},{"not_picked":["bronze:FollowUp","bronze:Turbo+1"],"picked":"bronze:WildBeam","floor":28},{"not_picked":["bronze:BuggyMess","bronze:Deprecate+1"],"picked":"bronze:Boost","floor":31},{"not_picked":["bronze:Frontload+1","bronze:Deprecate+1","bronze:Overheat+1"],"picked":"SKIP","floor":32},{"not_picked":["bronze:CleanCode","bronze:Format"],"picked":"bronze:BurnOut","floor":33},{"not_picked":["bronze:Allocate","bronze:FineTuning"],"picked":"bronze:Flail+1","floor":36},{"not_picked":["bronze:Turbo","bronze:Branch+1"],"picked":"bronze:FindAndReplace","floor":39},{"not_picked":["bronze:Branch","bronze:Invalidate","bronze:FineTuning+1"],"picked":"SKIP","floor":40},{"not_picked":["bronze:FineTuning","bronze:WildBeam+1"],"picked":"bronze:Boost+1","floor":42},{"not_picked":["bronze:Shield+1","bronze:NullPointer"],"picked":"bronze:Break","floor":44},{"not_picked":["bronze:Overheat+1","bronze:ChildClass","bronze:WildBeam+1"],"picked":"SKIP","floor":45},{"not_picked":["bronze:DelayedSlice","bronze:ChosenStrike"],"picked":"bronze:WildBeam+1","floor":46},{"not_picked":["bronze:BronzeArmor","bronze:Branch+1","bronze:Frontload"],"picked":"SKIP","floor":47},{"not_picked":["bronze:BuggyMess+1","bronze:ChosenStrike"],"picked":"bronze:Flail+1","floor":48},{"not_picked":["bronze:Return","bronze:Boost"],"picked":"bronze:BugBarrage+1","floor":49},{"not_picked":["bronze:Backtrace","bronze:DelayedGuard+1"],"picked":"bronze:Mutator","floor":52}],"player_experience":259588,"relics_obtained":[{"floor":14,"key":"CeramicFish"},{"floor":24,"key":"bronze:CableSpool"},{"floor":26,"key":"Red Mask"},{"floor":26,"key":"wanderingMiniBosses:AbyssPearl"},{"floor":27,"key":"Tiny Chest"},{"floor":38,"key":"Incense Burner"},{"floor":41,"key":"Whetstone"},{"floor":42,"key":"Pear"},{"floor":44,"key":"Smiling Mask"},{"floor":46,"key":"Blood Vial"},{"floor":48,"key":"Torii"},{"floor":52,"key":"Thread and Needle"}],"event_choices":[{"damage_healed":0,"gold_gain":0,"player_choice":"Fought Bandits","damage_taken":0,"max_hp_gain":0,"max_hp_loss":0,"event_name":"Masked Bandits","floor":26,"gold_loss":0},{"damage_healed":0,"gold_gain":0,"player_choice":"Fight","damage_taken":0,"max_hp_gain":0,"max_hp_loss":0,"event_name":"Mysterious Sphere","floor":48,"gold_loss":0}],"is_beta":false,"boss_relics":[{"not_picked":["Runic Pyramid","Empty Cage"],"picked":"Tiny House"},{"not_picked":["SlaversCollar","Cursed Key"],"picked":"SacredBark"}],"items_purged_floors":[20],"is_endless":false,"potions_floor_spawned":[5,8,14,15,21,26,27,31,33,40,42,44,45,47,48,52],"ascension_level":0}}