{"host":"bg8va46pgqgvtzim","time":1611931605,"event":{"mods":["BaseMod","Minty Spire (QoL Compilation)","Quick Restart","StSLib","SuperFastMode"],"gold_per_floor":[113,125,140,65,15,49,49,80,150,173,192,192,192,206,223,241,241,260,260,383,383,402,415,433,348,369,385,310,210,210,210,246,286,286,307,325,345,363,386,386,386,511,511,531,531,556,572,593,614,666,231,231,294,329,179,229,254,267,292,292,333,333,352,352,352,352,352,21,54,54],"floor_reached":71,"language":"ZHS","playtime":1915,"items_purged":["Defend_P","Strike_P","Defend_P","Defend_P","CarveReality+1"],"score":1588,"play_id":"8ad243b1-ee03-432a-907a-b4ec1e0216f7","local_time":"20210129224645","is_ascension_mode":true,"campfire_choices":[{"data":"Eruption","floor":7.0,"key":"SMITH"},{"data":"MasterReality","floor":12.0,"key":"SMITH"},{"data":"Collect","floor":19.0,"key":"SMITH"},{"data":"Meditate","floor":31.0,"key":"SMITH"},{"data":"Scrawl","floor":41.0,"key":"SMITH"},{"floor":52.0,"key":"REST"},{"floor":64.0,"key":"RECALL"},{"floor":67.0,"key":"DIG"}],"circlet_count":0,"master_deck":["Defend_P+1","Eruption+1","Vigilance+1","MasterReality+1","Indignation+1","Collect+1","Evaluate+1","DeusExMachina+1","Meditate+1","SandsOfTime+1","Establishment+1","CurseOfTheBell","Pray+1","FlurryOfBlows+1","Prostrate+1","Prostrate+1","Prostrate+1","FearNoEvil+1","Scrawl+1","LessonLearned+1","Fasting2+1","FlurryOfBlows+1","TalkToTheHand+1","Wallop"],"relics":["HolyWater","CaptainsWheel","Toy Ornithopter","HornCleat","Oddly Smooth Stone","Golden Idol","Calling Bell","Potion Belt","Meat on the Bone","WingedGreaves","Letter Opener","Lantern","Akabeko","Shovel","Happy Flower","Calipers","Ice Cream","InkBottle","Art of War","Kunai","Shuriken","Vajra"],"acts_visited":["Exordium","TheCity","TheBeyond","TheEnding"],"potions_floor_usage":[70,70,70,70,70,70,70,70,70],"damage_taken":[{"damage":0.0,"enemies":"2 Louse","floor":1.0,"turns":4.0},{"damage":2.0,"enemies":"Cultist","floor":2.0,"turns":6.0},{"damage":0.0,"enemies":"Small Slimes","floor":3.0,"turns":2.0},{"damage":0.0,"enemies":"Lagavulin","floor":6.0,"turns":4.0},{"damage":0.0,"enemies":"Gremlin Nob","floor":8.0,"turns":2.0},{"damage":0.0,"enemies":"Blue Slaver","floor":11.0,"turns":4.0},{"damage":0.0,"enemies":"Large Slime","floor":14.0,"turns":4.0},{"damage":0.0,"enemies":"Looter","floor":15.0,"turns":3.0},{"damage":13.0,"enemies":"Red Slaver","floor":16.0,"turns":6.0},{"damage":0.0,"enemies":"3 Louse","floor":18.0,"turns":2.0},{"damage":3.0,"enemies":"The Guardian","floor":20.0,"turns":5.0},{"damage":5.0,"enemies":"3 Byrds","floor":22.0,"turns":6.0},{"damage":3.0,"enemies":"Shell Parasite","floor":23.0,"turns":3.0},{"damage":17.0,"enemies":"Cultist and Chosen","floor":24.0,"turns":7.0},{"damage":17.0,"enemies":"Centurion and Healer","floor":26.0,"turns":6.0},{"damage":12.0,"enemies":"Snake Plant","floor":27.0,"turns":2.0},{"damage":6.0,"enemies":"Book of Stabbing","floor":32.0,"turns":3.0},{"damage":20.0,"enemies":"Gremlin Leader","floor":33.0,"turns":5.0},{"damage":0.0,"enemies":"Chosen and Byrds","floor":35.0,"turns":3.0},{"damage":6.0,"enemies":"Shelled Parasite and Fungi","floor":36.0,"turns":4.0},{"damage":0.0,"enemies":"Snecko","floor":37.0,"turns":2.0},{"damage":0.0,"enemies":"Centurion and Healer","floor":38.0,"turns":4.0},{"damage":21.0,"enemies":"Snake Plant","floor":39.0,"turns":3.0},{"damage":2.0,"enemies":"Collector","floor":42.0,"turns":5.0},{"damage":0.0,"enemies":"3 Shapes","floor":44.0,"turns":1.0},{"damage":0.0,"enemies":"3 Darklings","floor":46.0,"turns":5.0},{"damage":8.0,"enemies":"Maw","floor":47.0,"turns":5.0},{"damage":15.0,"enemies":"Writhing Mass","floor":48.0,"turns":4.0},{"damage":5.0,"enemies":"3 Darklings","floor":49.0,"turns":3.0},{"damage":0.0,"enemies":"Mind Bloom Boss Battle","floor":53.0,"turns":3.0},{"damage":2.0,"enemies":"Reptomancer","floor":54.0,"turns":3.0},{"damage":16.0,"enemies":"Spire Growth","floor":57.0,"turns":3.0},{"damage":0.0,"enemies":"Transient","floor":58.0,"turns":5.0},{"damage":2.0,"enemies":"3 Darklings","floor":59.0,"turns":5.0},{"damage":8.0,"enemies":"Giant Head","floor":61.0,"turns":2.0},{"damage":1.0,"enemies":"Writhing Mass","floor":63.0,"turns":4.0},{"damage":10.0,"enemies":"Donu and Deca","floor":65.0,"turns":6.0},{"damage":12.0,"enemies":"Shield and Spear","floor":69.0,"turns":4.0},{"damage":0,"enemies":"The Heart","floor":70,"turns":5}],"seed_played":"8651234235415301940","potions_obtained":[{"floor":1.0,"key":"SteroidPotion"},{"floor":6.0,"key":"PowerPotion"},{"floor":15.0,"key":"Weak Potion"},{"floor":18.0,"key":"DuplicationPotion"},{"floor":23.0,"key":"PowerPotion"},{"floor":26.0,"key":"LiquidBronze"},{"floor":32.0,"key":"SteroidPotion"},{"floor":38.0,"key":"Explosive Potion"},{"floor":39.0,"key":"Energy Potion"},{"floor":42.0,"key":"StancePotion"},{"floor":47.0,"key":"Swift Potion"},{"floor":57.0,"key":"DuplicationPotion"},{"floor":58.0,"key":"EntropicBrew"}],"is_trial":false,"path_per_floor":["M","M","M","$","?","E","R","E","T","T","M","R","?","M","M","M","?","M","R","B",null,"M","M","M","?","M","M","?","$","?","R","E","E","T","M","M","M","M","M","?","R","B",null,"M","?","M","M","M","M","T","$","R","?","E","$","T","M","M","M","?","E","T","M","R","B",null,"R","$","E","B",null],"character_chosen":"WATCHER","items_purchased":["Calipers","Vajra"],"campfire_rested":1,"item_purchase_floors":[51,68],"current_hp_per_floor":[65,63,63,63,63,63,63,63,63,63,63,63,65,65,65,52,36,41,41,38,65,60,57,40,40,35,35,35,35,35,35,34,31,31,43,37,37,37,28,28,28,38,65,65,65,65,57,42,37,37,37,56,56,59,59,59,43,43,41,41,33,33,44,44,34,65,65,65,53,65],"gold":54,"neow_bonus":"THREE_RARE_CARDS","is_daily":false,"chose_seed":false,"campfire_upgraded":5,"win_rate":0.0,"timestamp":1611931605,"path_taken":["M","M","M","$","?","E","R","E","T","T","M","R","?","M","M","?","?","M","R","BOSS","M","M","M","?","M","M","?","$","?","R","E","E","T","M","M","M","M","?","?","R","BOSS","M","?","M","M","M","?","?","$","R","?","E","?","T","M","?","M","?","E","?","M","R","BOSS","R","$","E","BOSS"],"items_purchased_type":["Relic","Relic"],"build_version":"2020-12-22","purchased_purges":5,"victory":true,"max_hp_per_floor":[65,65,65,65,65,65,65,65,65,65,65,65,65,65,65,65,65,65,65,65,65,65,65,65,65,65,65,65,65,65,65,65,65,65,65,65,65,65,65,65,65,65,65,65,65,65,65,65,65,65,65,65,65,65,65,65,65,65,65,65,65,65,65,65,65,65,65,65,65,65],"card_choices":[{"not_picked":["SpiritShield","Omniscience"],"picked":"MasterReality","floor":0.0},{"not_picked":["Nirvana","Protect","FlyingSleeves"],"picked":"SKIP","floor":1.0},{"not_picked":["Halt","ThirdEye"],"picked":"CarveReality","floor":2.0},{"not_picked":["WaveOfTheHand","Protect","Worship"],"picked":"SKIP","floor":3.0},{"not_picked":["Evaluate","Prostrate"],"picked":"Indignation","floor":6.0},{"not_picked":["CutThroughFate","SignatureMove"],"picked":"Collect","floor":8.0},{"not_picked":["EmptyFist","EmptyBody"],"picked":"Evaluate","floor":11.0},{"not_picked":["PathToVictory","Consecrate"],"picked":"DeusExMachina","floor":14.0},{"not_picked":["FlurryOfBlows","PathToVictory"],"picked":"Meditate","floor":15.0},{"not_picked":["Consecrate","ClearTheMind","JustLucky"],"picked":"SKIP","floor":16.0},{"not_picked":["DeceiveReality","LikeWater"],"picked":"SandsOfTime","floor":18.0},{"not_picked":["Ragnarok","Vault"],"picked":"Establishment","floor":20.0},{"not_picked":["CrushJoints+1","Crescendo","WheelKick"],"picked":"SKIP","floor":22.0},{"not_picked":["PathToVictory","SashWhip","Crescendo"],"picked":"SKIP","floor":23.0},{"not_picked":["SandsOfTime","ClearTheMind","Perseverance"],"picked":"SKIP","floor":24.0},{"not_picked":["Crescendo","Halt+1"],"picked":"Pray","floor":26.0},{"not_picked":["Sanctity+1","Weave"],"picked":"FlurryOfBlows","floor":27.0},{"not_picked":["Devotion","Protect+1"],"picked":"Prostrate+1","floor":32.0},{"not_picked":["ReachHeaven","EmptyFist+1"],"picked":"Prostrate","floor":33.0},{"not_picked":["ReachHeaven+1","Pray"],"picked":"Prostrate","floor":35.0},{"not_picked":["CrushJoints+1","EmptyFist","CutThroughFate+1"],"picked":"SKIP","floor":36.0},{"not_picked":["Halt","Weave+1"],"picked":"FearNoEvil+1","floor":37.0},{"not_picked":["FlyingSleeves","ClearTheMind","FollowUp"],"picked":"SKIP","floor":38.0},{"not_picked":["Meditate","ReachHeaven"],"picked":"Scrawl","floor":39.0},{"not_picked":["Vault","Scrawl"],"picked":"LessonLearned","floor":42.0},{"not_picked":["JustLucky+1","EmptyFist","CrushJoints+1"],"picked":"SKIP","floor":44.0},{"not_picked":["Evaluate","Consecrate","Nirvana+1"],"picked":"SKIP","floor":46.0},{"not_picked":["Consecrate","Conclude+1","Evaluate"],"picked":"SKIP","floor":47.0},{"not_picked":["Weave+1","Pray","Halt"],"picked":"SKIP","floor":48.0},{"not_picked":["EmptyFist","EmptyBody","ThirdEye"],"picked":"SKIP","floor":49.0},{"not_picked":["DevaForm","CarveReality+1"],"picked":"Fasting2+1","floor":54.0},{"not_picked":["FearNoEvil","Evaluate+1","Consecrate"],"picked":"SKIP","floor":57.0},{"not_picked":["CrushJoints","Crescendo+1","CutThroughFate+1"],"picked":"SKIP","floor":58.0},{"not_picked":["EmptyFist","Protect+1"],"picked":"FlurryOfBlows+1","floor":59.0},{"not_picked":["Collect+1","WaveOfTheHand"],"picked":"TalkToTheHand+1","floor":61.0},{"not_picked":["Crescendo","SignatureMove+1","ThirdEye"],"picked":"SKIP","floor":63.0},{"not_picked":["Ragnarok","BowlingBash"],"picked":"Wallop","floor":69.0}],"player_experience":2342815,"relics_obtained":[{"floor":6.0,"key":"CaptainsWheel"},{"floor":8.0,"key":"Toy Ornithopter"},{"floor":9.0,"key":"HornCleat"},{"floor":10.0,"key":"Oddly Smooth Stone"},{"floor":21.0,"key":"Potion Belt"},{"floor":21.0,"key":"Meat on the Bone"},{"floor":21.0,"key":"WingedGreaves"},{"floor":32.0,"key":"Lantern"},{"floor":33.0,"key":"Akabeko"},{"floor":34.0,"key":"Shovel"},{"floor":50.0,"key":"Happy Flower"},{"floor":53.0,"key":"Ice Cream"},{"floor":54.0,"key":"InkBottle"},{"floor":61.0,"key":"Art of War"},{"floor":62.0,"key":"Kunai"},{"floor":67.0,"key":"Shuriken"}],"event_choices":[{"cards_removed":["Strike_P"],"damage_healed":0.0,"max_hp_gain":0.0,"max_hp_loss":0.0,"gold_gain":0.0,"event_name":"The Cleric","player_choice":"Card Removal","floor":5.0,"gold_loss":50.0,"damage_taken":0.0},{"damage_healed":2.0,"max_hp_gain":0.0,"max_hp_loss":0.0,"gold_gain":0.0,"event_name":"Wheel of Change","player_choice":"Full Heal","floor":13.0,"gold_loss":0.0,"damage_taken":0.0},{"damage_healed":0.0,"max_hp_gain":0.0,"max_hp_loss":0.0,"gold_gain":0.0,"event_name":"Golden Idol","player_choice":"Take Damage","floor":17.0,"gold_loss":0.0,"damage_taken":16.0,"relics_obtained":["Golden Idol"]},{"damage_healed":0.0,"max_hp_gain":0.0,"max_hp_loss":0.0,"gold_gain":0.0,"event_name":"Addict","player_choice":"Obtained Relic","floor":25.0,"gold_loss":85.0,"damage_taken":0.0,"relics_obtained":["Letter Opener"]},{"cards_removed":["Strike_P"],"damage_healed":0.0,"max_hp_gain":0.0,"max_hp_loss":0.0,"gold_gain":0.0,"event_name":"Beggar","player_choice":"Gave Gold","floor":28.0,"gold_loss":75.0,"damage_taken":0.0},{"damage_healed":0.0,"max_hp_gain":0.0,"max_hp_loss":0.0,"gold_gain":0.0,"event_name":"NoteForYourself","player_choice":"Ignored","floor":30.0,"gold_loss":0.0,"damage_taken":0.0},{"cards_removed":["Strike_P"],"damage_healed":0.0,"max_hp_gain":0.0,"max_hp_loss":0.0,"gold_gain":0.0,"event_name":"Back to Basics","player_choice":"Elegance","floor":40.0,"gold_loss":0.0,"damage_taken":0.0},{"damage_healed":0.0,"max_hp_gain":0.0,"max_hp_loss":0.0,"gold_gain":0.0,"event_name":"Wheel of Change","player_choice":"Full Heal","floor":45.0,"gold_loss":0.0,"damage_taken":0.0},{"damage_healed":0.0,"max_hp_gain":0.0,"max_hp_loss":0.0,"gold_gain":0.0,"event_name":"MindBloom","player_choice":"Fight","floor":53.0,"gold_loss":0.0,"damage_taken":0.0},{"damage_healed":0.0,"max_hp_gain":0.0,"max_hp_loss":0.0,"gold_gain":0.0,"event_name":"Tomb of Lord Red Mask","player_choice":"Ignored","floor":60.0,"gold_loss":0.0,"damage_taken":0.0}],"is_beta":false,"boss_relics":[{"not_picked":["SlaversCollar","Velvet Choker"],"picked":"Calling Bell"},{"not_picked":["Runic Dome","Sozu"],"picked":"HolyWater"}],"items_purged_floors":[4,29,51,55,68],"is_endless":false,"potions_floor_spawned":[1,6,15,16,18,20,23,26,32,38,39,42,46,47,48,57,58,61,63],"ascension_level":1}}