{"host":"1sqx9dmsrxu9kvq7","time":1611948501,"event":{"mods":["2.2 Compatiblity","Act Like it!","BaseMod","CapriCore","Colored Powertips","Custom Start","Friendly Minions","Gensokyo","Highlight Path","Koishi","KomeijiMod","Marisa（霧雨　魔理沙）","Minty Spire (QoL Compilation)","Quick Restart","Rare Cards Sparkle","Reimu（博??梦）","Relic Stats","Remilia（蕾米莉?）","Shop Mod","Spicy Shops","StSLib","The Administrix","The Blue Laboratory","The Immortal","The Servant 0.9.4","Waifu the Spire","Yakumo Yukari mod","Yuyuko"],"gold_per_floor":[117,132,151,161,26,26,52,21,21,21,21,50,67,82,82,380,380,396,284,32,50,61,61,80,80,80],"floor_reached":25,"language":"ENG","playtime":1732,"items_purged":["Decay"],"score":215,"play_id":"2fc1edd8-f8ef-4e48-95c0-82e7862378ae","local_time":"20210129132821","is_ascension_mode":false,"campfire_choices":[{"floor":6,"key":"RECALL"},{"data":"Koishi:FidgetySnatcher","floor":11,"key":"SMITH"},{"floor":15,"key":"REST"},{"floor":23,"key":"REST"}],"circlet_count":0,"master_deck":["Koishi:BasicStrike","Koishi:BasicStrike","Koishi:BasicStrike","Koishi:BasicStrike","Koishi:BasicDefend","Koishi:BasicDefend","Koishi:BasicDefend","Koishi:BasicDefend","Koishi:Provoke+1","Koishi:HauntingSlash","Koishi:UnconsciousUprising","Koishi:StingingMind","Koishi:BramblyRoseGarden","Koishi:FidgetySnatcher+1","Koishi:YoukaiPolygraph","Koishi:DreadfulBlow+1","Koishi:Whimsy","Koishi:Jaunt+1","Koishi:SubterraneanRose","Koishi:DNAsFlaw","Koishi:RoseHell","Koishi:RuptureMind+1","Koishi:GeneticsOfTheUnconscious","Koishi:FidgetySnatcher","Koishi:RacingHeart+1","Koishi:PhantomBarrier","Koishi:CatchAndRose+1","Koishi:TraumaticStroke+1","Koishi:UnseenTerror+1"],"relics":["Koishi:ImaginaryFriend","Molten Egg 2","HoshigumaDish","Darkstone Periapt","Black Star","Medical Kit"],"acts_visited":["Gensokyo:Gensokyo","Gensokyo:Gensokyoer"],"potions_floor_usage":[24,24,24,25],"damage_taken":[{"damage":0,"enemies":"Gensokyo:2_Kodama","floor":1,"turns":5},{"damage":0,"enemies":"Gensokyo:Python","floor":2,"turns":5},{"damage":0,"enemies":"Gensokyo:Gryphon","floor":3,"turns":4},{"damage":0,"enemies":"Gensokyo:Python_and_Kodama","floor":4,"turns":5},{"damage":23,"enemies":"Gensokyo:Mamizou","floor":7,"turns":10},{"damage":34,"enemies":"Gensokyo:Aya","floor":12,"turns":5},{"damage":0,"enemies":"Gensokyo:CorruptedTreant","floor":13,"turns":4},{"damage":2,"enemies":"Gensokyo:VengefulSpirit","floor":14,"turns":5},{"damage":4,"enemies":"Gensokyo:Yukari","floor":16,"turns":11},{"damage":29,"enemies":"Gensokyo:2_Gloops","floor":18,"turns":5},{"damage":29,"enemies":"Gensokyo:3_Dogs","floor":21,"turns":4},{"damage":6,"enemies":"Gensokyo:Wraith","floor":22,"turns":4},{"damage":21,"enemies":"Gensokyo:Mirror_and_Dog","floor":24,"turns":9},{"damage":3,"enemies":"Gensokyo:Chomper_and_Gloop","floor":25,"turns":3}],"seed_played":"9027681226697614180","potions_obtained":[{"floor":2,"key":"Fire Potion"},{"floor":4,"key":"GrandPatriotsElixir:ReiMu"},{"floor":7,"key":"blueLaboratory:FrostheartPotion"},{"floor":24,"key":"blueLaboratory:FrostheartPotion"}],"is_trial":false,"path_per_floor":["M","M","M","M","$","R","E","COS","T","?","R","E","M","M","R","B",null,"M","$","$","M","M","R","M","M"],"character_chosen":"KOISHI","items_purchased":["Koishi:YoukaiPolygraph","Molten Egg 2","Koishi:FidgetySnatcher","Koishi:RacingHeart+1","Medical Kit","Koishi:PhantomBarrier"],"campfire_rested":2,"item_purchase_floors":[5,5,19,20,20,20],"current_hp_per_floor":[60,60,60,60,60,60,50,50,50,50,50,23,29,32,50,58,60,36,36,36,7,5,23,3,0,0],"gold":80,"neow_bonus":"UPGRADE_CARD","is_daily":false,"chose_seed":false,"campfire_upgraded":1,"win_rate":0.0,"timestamp":1611948501,"path_taken":["M","M","M","M","?","R","E","COS","T","?","R","E","M","M","R","BOSS","M","?","$","M","M","R","M","M"],"items_purchased_type":["Card","Relic","Card","Card","Relic","Card"],"build_version":"2020-12-22","purchased_purges":1,"victory":false,"max_hp_per_floor":[60,60,60,60,60,60,60,60,60,60,60,60,60,60,60,60,60,60,60,60,60,60,60,60,60,60],"relic_stats":{"Darkstone Periapt":0,"counters":[14,76],"Black Star":0,"Medical Kit":[0],"obtain_stats":[{"Darkstone Periapt":12,"HoshigumaDish":7,"Molten Egg 2":5,"Black Star":17,"Medical Kit":20,"Koishi:ImaginaryFriend":0},{"Darkstone Periapt":6,"HoshigumaDish":5,"Molten Egg 2":4,"Black Star":9,"Medical Kit":10,"Koishi:ImaginaryFriend":0},{"Darkstone Periapt":33,"HoshigumaDish":28,"Molten Egg 2":19,"Black Star":52,"Medical Kit":57,"Koishi:ImaginaryFriend":0}]},"card_choices":[{"not_picked":["Koishi:PhantomBarrier","Koishi:MindNumbingTerror"],"picked":"Koishi:UnconsciousUprising","floor":1},{"not_picked":["Koishi:Prune","Koishi:UnconsciousUprising"],"picked":"Koishi:StingingMind","floor":2},{"not_picked":["Koishi:UnansweredLove","Koishi:FleetingPhantom"],"picked":"Koishi:BramblyRoseGarden","floor":3},{"not_picked":["Koishi:HeartfeltFancy","Koishi:FourthEye"],"picked":"Koishi:FidgetySnatcher","floor":4},{"not_picked":["Koishi:Jaunt+1","Koishi:PredatoryInstincts"],"picked":"Koishi:DreadfulBlow+1","floor":7},{"not_picked":["Koishi:UnansweredLove","Koishi:FleetingPhantom"],"picked":"Koishi:Whimsy","floor":10},{"not_picked":["Koishi:PhantomStrike+1","Koishi:Prune+1"],"picked":"Koishi:Jaunt+1","floor":10},{"not_picked":["Koishi:Whimsy","Koishi:StingingMind+1"],"picked":"Koishi:SubterraneanRose","floor":12},{"not_picked":["Koishi:PhantomStrike+1","Koishi:MassHysteria"],"picked":"Koishi:DNAsFlaw","floor":13},{"not_picked":["Koishi:FleetingPhantom","Koishi:DanmakuParanoia"],"picked":"Koishi:RoseHell","floor":14},{"not_picked":["Koishi:ConfinedInnocent","Koishi:MindStellarRelief"],"picked":"Koishi:RuptureMind+1","floor":16},{"not_picked":["Koishi:StingingMind+1","Koishi:UnansweredLove"],"picked":"Koishi:GeneticsOfTheUnconscious","floor":18},{"not_picked":["Koishi:StingingMind+1","Koishi:UnseenTerror+1"],"picked":"Koishi:CatchAndRose+1","floor":21},{"not_picked":["Koishi:ParalyzingFear+1","Koishi:IdleWhim"],"picked":"Koishi:TraumaticStroke+1","floor":22},{"not_picked":["Koishi:RacingHeart+1","Koishi:FleetingPhantom"],"picked":"Koishi:UnseenTerror+1","floor":24}],"player_experience":202831,"relics_obtained":[{"floor":7,"key":"HoshigumaDish"},{"floor":12,"key":"Darkstone Periapt"}],"event_choices":[],"is_beta":false,"boss_relics":[{"not_picked":["Ectoplasm","Velvet Choker"],"picked":"Black Star"}],"items_purged_floors":[19],"is_endless":false,"potions_floor_spawned":[2,4,7,14,16,18,24],"killed_by":"Gensokyo:Chomper_and_Gloop","ascension_level":0}}