{"host":"sc0o2qwpf9j16a4i","time":1611944027,"event":{"mods":["AchievementEnabler","BaseMod","BetterRewards","Block Reminder","Colored Map","Colored Powertips","Custom Start","Highlight Path","Minty Spire (QoL Compilation)","Relic Stats"],"gold_per_floor":[156,198,243,243,25,106,139,139,162,19,19,52,142,193,193,484,484,514,514,544,577,632,632,722,722,722,722,770,854,905,953,953,1244,1244,1277,564,609,655,697,796,850,850,850,931,985,1036,1084,1168,1168,1168,1168],"floor_reached":50,"language":"ENG","playtime":2366,"items_purged":["Regret"],"score":888,"play_id":"a63b4ede-0fe4-4182-83a8-eeb2794795a8","local_time":"20210129201347","daily_mods":["Draft","Green Cards","Midas"],"is_ascension_mode":false,"campfire_choices":[{"floor":8,"key":"REST"},{"floor":15,"key":"REST"},{"floor":23,"key":"REST"},{"floor":32,"key":"REST"},{"floor":42,"key":"REST"},{"floor":49,"key":"REST"}],"circlet_count":0,"master_deck":["WindmillStrike","Dagger Spray","Crippling Poison+1","Sanctity","FlyingSleeves+1","CrushJoints","ThirdEye","CutThroughFate","Crescendo","EmptyBody","InnerPeace","Flying Knee+1","WheelKick","FollowUp","Noxious Fumes+1","Terror","Predator","Calculated Gamble","Glass Knife","Escape Plan","ClearTheMind","Meditate","Indignation","Die Die Die","Well Laid Plans+1","Bane+1","Catalyst+1","Doubt","Calculated Gamble","Writhe","Decay","Footwork+1","FollowUp","Deflect+1","Eviscerate+1","Master of Strategy","Tactician+1","Pain","Parasite","Bane+1","Acrobatics","Establishment","Decay","Scrawl","Wireheading+1","LikeWater","EmptyMind+1","Dodge and Roll"],"relics":["PureWater","Bag of Preparation","Whetstone","Nunchaku","Ancient Tea Set","Lee\u0027s Waffle","TungstenRod","Cursed Key","Potion Belt","Tiny Chest","Blue Candle","Centennial Puzzle","Enchiridion","Anchor","SacredBark","Art of War","Bottled Tornado","Toy Ornithopter","Yang","Pantograph","InkBottle","Kunai"],"acts_visited":["Exordium","TheCity","TheBeyond"],"potions_floor_usage":[7,20,29,30,30,39,39,40,44,44,48,48,50],"damage_taken":[{"damage":0.0,"enemies":"Small Slimes","floor":1.0,"turns":3.0},{"damage":0,"enemies":"2 Louse","floor":2,"turns":2},{"damage":0,"enemies":"Cultist","floor":3,"turns":2},{"damage":0,"enemies":"Lagavulin","floor":6,"turns":3},{"damage":0,"enemies":"Exordium Thugs","floor":7,"turns":3},{"damage":1,"enemies":"Large Slime","floor":12,"turns":3},{"damage":0,"enemies":"Gremlin Nob","floor":13,"turns":2},{"damage":0,"enemies":"3 Louse","floor":14,"turns":2},{"damage":0,"enemies":"Slime Boss","floor":16,"turns":3},{"damage":0,"enemies":"3 Byrds","floor":18,"turns":3},{"damage":4,"enemies":"Shell Parasite","floor":20,"turns":5},{"damage":0,"enemies":"Centurion and Healer","floor":21,"turns":3},{"damage":19,"enemies":"Book of Stabbing","floor":24,"turns":4},{"damage":0,"enemies":"3 Cultists","floor":28,"turns":2},{"damage":4,"enemies":"Slavers","floor":29,"turns":2},{"damage":16,"enemies":"Snecko","floor":30,"turns":5},{"damage":8,"enemies":"Centurion and Healer","floor":31,"turns":3},{"damage":2,"enemies":"Champ","floor":33,"turns":6},{"damage":0,"enemies":"Orb Walker","floor":35,"turns":2},{"damage":0,"enemies":"3 Shapes","floor":37,"turns":6},{"damage":0,"enemies":"Writhing Mass","floor":39,"turns":3},{"damage":11,"enemies":"Giant Head","floor":40,"turns":4},{"damage":18,"enemies":"Sphere and 2 Shapes","floor":41,"turns":4},{"damage":64,"enemies":"Nemesis","floor":44,"turns":5},{"damage":6,"enemies":"Spire Growth","floor":45,"turns":4},{"damage":7,"enemies":"Maw","floor":46,"turns":5},{"damage":2,"enemies":"3 Darklings","floor":47,"turns":4},{"damage":9,"enemies":"Reptomancer","floor":48,"turns":5},{"damage":59,"enemies":"Time Eater","floor":50,"turns":8}],"seed_played":"5633124997271242820","potions_obtained":[{"floor":2,"key":"AttackPotion"},{"floor":6,"key":"EssenceOfSteel"},{"floor":16,"key":"Block Potion"},{"floor":21,"key":"BlessingOfTheForge"},{"floor":28,"key":"Swift Potion"},{"floor":31,"key":"GamblersBrew"},{"floor":37,"key":"Explosive Potion"},{"floor":39,"key":"SpeedPotion"},{"floor":41,"key":"Strength Potion"},{"floor":48,"key":"ColorlessPotion"}],"is_trial":true,"path_per_floor":["M","M","M","?","$","E","M","R","T","$","?","M","E","M","R","B",null,"M","?","M","M","T","R","E","?","T","?","M","E","M","M","R","B",null,"M","$","M","T","M","E","M","R","T","E","M","M","M","E","R","B"],"character_chosen":"WATCHER","items_purchased":["Whetstone","Lee\u0027s Waffle","Art of War","Bottled Tornado","Master of Strategy","Strength Potion","Block Potion","Swift Potion"],"campfire_rested":6,"item_purchase_floors":[5,10,36,36,36,36,36,36],"current_hp_per_floor":[72,72,72,72,72,72,72,72,72,79,63,62,62,62,79,79,79,79,79,75,75,75,79,60,60,60,48,48,44,28,20,43,41,79,79,79,79,79,79,68,50,73,73,19,13,6,4,5,28,0,0],"gold":1168,"neow_bonus":"","is_daily":false,"chose_seed":false,"campfire_upgraded":0,"win_rate":0.0,"timestamp":1611944027,"path_taken":["M","M","M","?","$","E","M","R","T","$","?","M","E","M","R","BOSS","M","?","M","M","?","R","E","?","T","?","M","E","M","?","R","BOSS","M","$","M","?","M","E","M","R","T","E","M","M","M","E","R","BOSS"],"items_purchased_type":["Relic","Relic","Relic","Relic","Card","Potion","Potion","Potion"],"build_version":"2020-12-22","purchased_purges":1,"victory":false,"max_hp_per_floor":[72,72,72,72,72,72,72,72,72,79,79,79,79,79,79,79,79,79,79,79,79,79,79,79,79,79,79,79,79,79,79,79,79,79,79,79,79,79,79,79,79,79,79,79,79,79,79,79,79,79,79],"relic_stats":{"Lee\u0027s Waffle":7,"counters":[29,106],"Blue Candle":[59],"Yang":[75],"Bag of Preparation":[52],"Whetstone":["Flying Knee","FlyingSleeves"],"Cursed Key":4,"Nunchaku":[18],"Centennial Puzzle":[36],"Pantograph":25,"Tiny Chest":1,"Art of War":[9],"Kunai":[3],"obtain_stats":[{"Potion Belt":22,"Lee\u0027s Waffle":10,"Blue Candle":25,"SacredBark":34,"Enchiridion":27,"Yang":40,"Bag of Preparation":4,"Whetstone":5,"Bottled Tornado":36,"Ancient Tea Set":9,"Cursed Key":17,"Nunchaku":6,"Centennial Puzzle":26,"Anchor":29,"Pantograph":43,"Tiny Chest":24,"Art of War":36,"Kunai":48,"PureWater":0,"TungstenRod":13,"Toy Ornithopter":38,"InkBottle":44},{"Potion Belt":12,"Lee\u0027s Waffle":5,"Blue Candle":13,"SacredBark":18,"Enchiridion":13,"Yang":22,"Bag of Preparation":3,"Whetstone":3,"Bottled Tornado":19,"Ancient Tea Set":5,"Cursed Key":9,"Nunchaku":4,"Centennial Puzzle":13,"Anchor":15,"Pantograph":23,"Tiny Chest":13,"Art of War":19,"Kunai":28,"PureWater":0,"TungstenRod":7,"Toy Ornithopter":20,"InkBottle":24},{"Potion Belt":34,"Lee\u0027s Waffle":13,"Blue Candle":38,"SacredBark":56,"Enchiridion":38,"Yang":71,"Bag of Preparation":7,"Whetstone":7,"Bottled Tornado":58,"Ancient Tea Set":13,"Cursed Key":23,"Nunchaku":10,"Centennial Puzzle":38,"Anchor":42,"Pantograph":75,"Tiny Chest":38,"Art of War":58,"Kunai":98,"PureWater":0,"TungstenRod":18,"Toy Ornithopter":64,"InkBottle":80}],"TungstenRod":114,"Toy Ornithopter":25,"InkBottle":[17]},"card_choices":[{"not_picked":["Protect","InnerPeace"],"picked":"WindmillStrike","floor":0.0},{"not_picked":["CrushJoints","BowlingBash"],"picked":"Dagger Spray","floor":0.0},{"not_picked":["Slice","Prostrate"],"picked":"Crippling Poison","floor":0.0},{"not_picked":["InnerPeace","Dodge and Roll"],"picked":"Sanctity","floor":0.0},{"not_picked":["Outmaneuver","Slice"],"picked":"FlyingSleeves","floor":0.0},{"not_picked":["LikeWater","Reflex"],"picked":"CrushJoints","floor":0.0},{"not_picked":["Dodge and Roll","WaveOfTheHand"],"picked":"ThirdEye","floor":0.0},{"not_picked":["Backflip","WaveOfTheHand"],"picked":"CutThroughFate","floor":0.0},{"not_picked":["Blade Dance","Poisoned Stab"],"picked":"Crescendo","floor":0.0},{"not_picked":["Bane","Catalyst"],"picked":"EmptyBody","floor":0.0},{"not_picked":["Poisoned Stab","Quick Slash"],"picked":"InnerPeace","floor":0.0},{"not_picked":["Bane","Sucker Punch"],"picked":"Flying Knee","floor":0.0},{"not_picked":["Choke","PathToVictory"],"picked":"WheelKick","floor":0.0},{"not_picked":["Prepared","Halt"],"picked":"FollowUp","floor":0.0},{"not_picked":["SandsOfTime","EmptyBody"],"picked":"Noxious Fumes","floor":0.0},{"not_picked":["Blade Dance","ForeignInfluence"],"picked":"Terror","floor":1},{"not_picked":["Underhanded Strike","Bane"],"picked":"Predator","floor":2},{"not_picked":["Quick Slash","Slice"],"picked":"Calculated Gamble","floor":3},{"not_picked":["Poisoned Stab","JustLucky"],"picked":"Glass Knife","floor":6},{"not_picked":["Dagger Throw","ThirdEye"],"picked":"Escape Plan","floor":7},{"not_picked":["Dodge and Roll","LikeWater"],"picked":"ClearTheMind","floor":12},{"not_picked":["Deflect","Tantrum"],"picked":"Meditate","floor":13},{"not_picked":["Sanctity","Evaluate"],"picked":"Indignation","floor":14},{"not_picked":["Tools of the Trade","DeusExMachina"],"picked":"Die Die Die","floor":16},{"not_picked":["Deflect","Poisoned Stab"],"picked":"Well Laid Plans+1","floor":18},{"not_picked":["Poisoned Stab","Heel Hook"],"picked":"Bane+1","floor":20},{"not_picked":["Dodge and Roll+1","Adaptation"],"picked":"Catalyst+1","floor":21},{"not_picked":["SignatureMove+1","FlyingSleeves"],"picked":"Calculated Gamble","floor":24},{"not_picked":["Underhanded Strike+1","ConjureBlade"],"picked":"Footwork+1","floor":28},{"not_picked":["Sucker Punch","Bane"],"picked":"FollowUp","floor":29},{"not_picked":["JustLucky","FollowUp"],"picked":"Deflect+1","floor":30},{"not_picked":["PathToVictory","Prostrate","SignatureMove"],"picked":"SKIP","floor":31},{"not_picked":["Underhanded Strike+1","Poisoned Stab"],"picked":"Eviscerate+1","floor":35},{"not_picked":["ThirdEye","Dagger Spray"],"picked":"Tactician+1","floor":37},{"not_picked":["SashWhip","Blade Dance+1"],"picked":"Bane+1","floor":39},{"not_picked":["CrushJoints","Dash"],"picked":"Acrobatics","floor":40},{"not_picked":["Dagger Spray+1","JustLucky+1"],"picked":"Establishment","floor":41},{"not_picked":["Noxious Fumes","Wireheading+1"],"picked":"Scrawl","floor":44},{"not_picked":["Eviscerate+1","ThirdEye"],"picked":"Wireheading+1","floor":45},{"not_picked":["Finisher","Halt"],"picked":"LikeWater","floor":46},{"not_picked":["JustLucky","Crescendo"],"picked":"EmptyMind+1","floor":47},{"not_picked":["Riddle With Holes+1","Sucker Punch+1"],"picked":"Dodge and Roll","floor":48}],"player_experience":1056716,"relics_obtained":[{"floor":6,"key":"Nunchaku"},{"floor":9,"key":"Ancient Tea Set"},{"floor":13,"key":"TungstenRod"},{"floor":22,"key":"Potion Belt"},{"floor":24,"key":"Tiny Chest"},{"floor":26,"key":"Centennial Puzzle"},{"floor":27,"key":"Enchiridion"},{"floor":29,"key":"Anchor"},{"floor":38,"key":"Toy Ornithopter"},{"floor":40,"key":"Yang"},{"floor":43,"key":"Pantograph"},{"floor":44,"key":"InkBottle"},{"floor":48,"key":"Kunai"}],"event_choices":[{"damage_healed":0,"gold_gain":0,"player_choice":"Box","damage_taken":0,"relics_obtained":["Bag of Preparation"],"max_hp_gain":0,"max_hp_loss":0,"event_name":"Big Fish","floor":4,"gold_loss":0,"cards_obtained":["Regret"]},{"damage_healed":0,"gold_gain":0,"player_choice":"Entered Light","damage_taken":16,"max_hp_gain":0,"max_hp_loss":0,"event_name":"Shining Light","floor":11,"gold_loss":0,"cards_upgraded":["Noxious Fumes","Crippling Poison"]},{"damage_healed":0,"gold_gain":0,"player_choice":"Ignored","damage_taken":0,"max_hp_gain":0,"max_hp_loss":0,"event_name":"Vampires","floor":19,"gold_loss":0},{"damage_healed":0,"gold_gain":0,"player_choice":"Opened","damage_taken":0,"relics_obtained":["Blue Candle"],"max_hp_gain":0,"max_hp_loss":0,"event_name":"The Mausoleum","floor":25,"gold_loss":0,"cards_obtained":["Writhe"]},{"damage_healed":0,"gold_gain":0,"player_choice":"Obtained Book","damage_taken":16,"max_hp_gain":0,"max_hp_loss":0,"event_name":"Cursed Tome","floor":27,"gold_loss":0}],"is_beta":false,"boss_relics":[{"not_picked":["Calling Bell","Runic Pyramid"],"picked":"Cursed Key"},{"not_picked":["Sozu","SlaversCollar"],"picked":"SacredBark"}],"items_purged_floors":[5],"is_endless":false,"potions_floor_spawned":[2,6,16,21,28,31,37,39,41,48],"killed_by":"Time Eater","ascension_level":0}}