{"host":"3rq1xc6k69gfb1qo","time":1611918739,"event":{"mods":["AchievementEnabler","BaseMod","Block Reminder","Colored Map","Highlight Path","Minty Spire (QoL Compilation)","Quick Restart","Relic Stats","StSLib"],"gold_per_floor":[109,121,121,135,152,177,187,215,215,215,215,243,4,22,22,124,124,138,150,161,179,179,212,212,243,292,292,292,492,492,510,510,605,605,622,175,190,203,217,217,227,257,257,257,257,257,282,299,299,299,299,299,24,49,49],"floor_reached":56,"language":"ENG","playtime":2941,"items_purged":[],"score":1522,"play_id":"a46c2c7b-383b-470b-b062-9b85728c45d9","local_time":"20210129061219","is_ascension_mode":true,"campfire_choices":[{"floor":15.0,"key":"DIG"},{"floor":24,"key":"DIG"},{"floor":27,"key":"REST"},{"floor":30,"key":"DIG"},{"floor":32,"key":"DIG"},{"floor":40,"key":"RECALL"},{"floor":44,"key":"DIG"},{"floor":49,"key":"DIG"},{"floor":52,"key":"DIG"}],"circlet_count":0,"master_deck":["Strike_G","Strike_G","Defend_G","Defend_G+1","Defend_G","Survivor+1","Neutralize","Crippling Poison","Flying Knee+1","Wraith Form v2+1","Dash","Noxious Fumes","Escape Plan","Dagger Spray","Calculated Gamble","Caltrops","Corpse Explosion","Noxious Fumes","Backflip","Glass Knife+1","Deflect+1","Reflex+1","Deadly Poison+1","Malaise","Underhanded Strike+1","Masterful Stab+1","Venomology+1","Deflect+1","PiercingWail+1","Well Laid Plans+1","Burst","Adrenaline","Dagger Throw","Footwork","Terror"],"relics":["Fusion Hammer","Bird Faced Urn","Kunai","Shovel","Meat on the Bone","Medical Kit","Thread and Needle","HoveringKite","Paper Crane","Regal Pillow","PreservedInsect","War Paint","Whetstone","Boot","Astrolabe","TungstenRod","ClockworkSouvenir","Bottled Tornado","Tingsha","Sundial","Pear","Bottled Flame","White Beast Statue","Shuriken","Bag of Preparation"],"acts_visited":["Exordium","TheCity","TheBeyond","TheEnding"],"potions_floor_usage":[21,23,23,33,41,42,47,47,48,50,50,54,55,55,55,55],"damage_taken":[{"damage":1.0,"enemies":"2 Louse","floor":1.0,"turns":3.0},{"damage":0.0,"enemies":"Cultist","floor":2.0,"turns":4.0},{"damage":0.0,"enemies":"Jaw Worm","floor":4.0,"turns":4.0},{"damage":0.0,"enemies":"2 Fungi Beasts","floor":5.0,"turns":4.0},{"damage":15.0,"enemies":"Lagavulin","floor":6.0,"turns":8.0},{"damage":3.0,"enemies":"Large Slime","floor":7.0,"turns":6.0},{"damage":6.0,"enemies":"Gremlin Nob","floor":8.0,"turns":5.0},{"damage":2.0,"enemies":"Lagavulin","floor":12.0,"turns":6.0},{"damage":4.0,"enemies":"Lots of Slimes","floor":14.0,"turns":2.0},{"damage":1.0,"enemies":"Hexaghost","floor":16.0,"turns":12.0},{"damage":0.0,"enemies":"3 Byrds","floor":18.0,"turns":4.0},{"damage":17.0,"enemies":"2 Thieves","floor":19.0,"turns":4.0},{"damage":0,"enemies":"3 Cultists","floor":20,"turns":4},{"damage":18,"enemies":"Snake Plant","floor":21,"turns":6},{"damage":17,"enemies":"Slavers","floor":23,"turns":3},{"damage":39,"enemies":"Gremlin Leader","floor":25,"turns":6},{"damage":11,"enemies":"Cultist and Chosen","floor":31,"turns":5},{"damage":8,"enemies":"Champ","floor":33,"turns":12},{"damage":8,"enemies":"3 Shapes","floor":35,"turns":5},{"damage":0,"enemies":"Orb Walker","floor":37,"turns":4},{"damage":14,"enemies":"4 Shapes","floor":38,"turns":4},{"damage":0,"enemies":"3 Darklings","floor":39,"turns":3},{"damage":9,"enemies":"Maw","floor":41,"turns":8},{"damage":9,"enemies":"Nemesis","floor":42,"turns":8},{"damage":31,"enemies":"Reptomancer","floor":47,"turns":5},{"damage":3,"enemies":"Sphere and 2 Shapes","floor":48,"turns":4},{"damage":0,"enemies":"Awakened One","floor":50,"turns":12},{"damage":26,"enemies":"Shield and Spear","floor":54,"turns":7},{"damage":12,"enemies":"The Heart","floor":55,"turns":11}],"seed_played":"-2550764419662984755","potions_obtained":[{"floor":2.0,"key":"DistilledChaos"},{"floor":7.0,"key":"Poison Potion"},{"floor":8.0,"key":"Fire Potion"},{"floor":16.0,"key":"SkillPotion"},{"floor":19,"key":"EssenceOfSteel"},{"floor":20,"key":"SkillPotion"},{"floor":25,"key":"SkillPotion"},{"floor":37,"key":"Poison Potion"},{"floor":42,"key":"Ancient Potion"},{"floor":47,"key":"ColorlessPotion"},{"floor":54,"key":"Poison Potion"}],"is_trial":false,"path_per_floor":["M","M","?","M","M","E","M","E","T","?","?","E","$","M","R","B",null,"M","M","M","M","?","E","R","E","T","R","?","?","R","M","R","B",null,"M","$","M","M","M","R","M","E","T","R","?","T","E","M","R","B",null,"R","$","E","B",null],"character_chosen":"THE_SILENT","items_purchased":["Calculated Gamble","Medical Kit","TungstenRod","ClockworkSouvenir","Footwork","Shuriken"],"campfire_rested":1,"item_purchase_floors":[13,13,36,36,53,53],"current_hp_per_floor":[69,69,69,69,69,54,55,53,53,58,58,60,60,58,58,63,75,75,62,68,58,58,45,45,26,26,63,63,63,63,58,58,58,75,71,71,75,65,73,73,66,67,67,67,67,67,56,63,63,73,81,81,81,61,61],"gold":49,"neow_bonus":"BOSS_RELIC","is_daily":false,"chose_seed":false,"campfire_upgraded":0,"win_rate":0.0,"timestamp":1611918739,"path_taken":["M","M","?","?","M","E","M","E","T","?","?","E","$","M","R","BOSS","M","M","M","M","?","E","R","E","T","R","?","?","R","M","R","BOSS","M","$","M","M","?","R","M","E","T","R","?","?","E","M","R","BOSS","R","$","E","BOSS"],"items_purchased_type":["Card","Relic","Relic","Relic","Card","Relic"],"build_version":"2020-12-22","purchased_purges":0,"victory":true,"max_hp_per_floor":[70,70,70,70,70,70,70,70,70,75,75,75,75,75,75,75,75,75,75,75,75,75,75,75,75,75,75,75,75,75,75,75,75,75,75,75,75,75,75,75,75,75,75,75,71,71,81,81,81,81,81,81,81,81,81],"relic_stats":{"Regal Pillow":15,"counters":[29,169],"Astrolabe":["Underhanded Strike","Masterful Stab","Venomology"],"HoveringKite":[34],"Tingsha":[105],"PreservedInsect":174,"Bag of Preparation":[2],"Whetstone":["Glass Knife","Flying Knee"],"War Paint":["Defend_G","Survivor"],"Medical Kit":[17],"Boot":[81],"Shovel":7,"Sundial":[4],"Shuriken":[5],"Bird Faced Urn":[144],"Kunai":[25],"obtain_stats":[{"Regal Pillow":24,"HoveringKite":17,"Bag of Preparation":54,"Whetstone":30,"Bottled Tornado":42,"Boot":32,"ClockworkSouvenir":36,"Shovel":9,"Sundial":46,"Fusion Hammer":0,"Kunai":8,"Ring of the Snake":0,"Pear":47,"Astrolabe":34,"Thread and Needle":15,"Tingsha":44,"PreservedInsect":25,"Paper Crane":23,"War Paint":26,"Medical Kit":13,"White Beast Statue":52,"Bottled Flame":49,"Shuriken":53,"Bird Faced Urn":6,"TungstenRod":36,"Meat on the Bone":12},{"Regal Pillow":15,"HoveringKite":10,"Bag of Preparation":28,"Whetstone":16,"Bottled Tornado":24,"Boot":17,"ClockworkSouvenir":19,"Shovel":7,"Sundial":24,"Fusion Hammer":0,"Kunai":7,"Ring of the Snake":0,"Pear":25,"Astrolabe":18,"Thread and Needle":9,"Tingsha":24,"PreservedInsect":16,"Paper Crane":15,"War Paint":16,"Medical Kit":8,"White Beast Statue":27,"Bottled Flame":26,"Shuriken":27,"Bird Faced Urn":5,"TungstenRod":19,"Meat on the Bone":8},{"Regal Pillow":75,"HoveringKite":54,"Bag of Preparation":158,"Whetstone":81,"Bottled Tornado":130,"Boot":86,"ClockworkSouvenir":103,"Shovel":34,"Sundial":130,"Fusion Hammer":0,"Kunai":34,"Ring of the Snake":0,"Pear":135,"Astrolabe":98,"Thread and Needle":42,"Tingsha":130,"PreservedInsect":81,"Paper Crane":75,"War Paint":81,"Medical Kit":40,"White Beast Statue":151,"Bottled Flame":139,"Shuriken":151,"Bird Faced Urn":23,"TungstenRod":103,"Meat on the Bone":40}],"TungstenRod":40,"Meat on the Bone":12},"card_choices":[{"not_picked":["Deadly Poison","Cloak And Dagger"],"picked":"Crippling Poison","floor":1.0},{"not_picked":["Catalyst","Cloak And Dagger"],"picked":"Flying Knee","floor":2.0},{"not_picked":["Blur","Dodge and Roll"],"picked":"Dash","floor":4.0},{"not_picked":["Dash","Predator"],"picked":"Noxious Fumes","floor":5.0},{"not_picked":["Bullet Time","Blade Dance"],"picked":"Escape Plan","floor":6.0},{"not_picked":["Setup","Escape Plan","Flying Knee"],"picked":"SKIP","floor":7.0},{"not_picked":["Acrobatics","Backflip"],"picked":"Dagger Spray","floor":8.0},{"not_picked":["Acrobatics","Sucker Punch","Prepared"],"picked":"SKIP","floor":12.0},{"not_picked":["Acrobatics","Bane"],"picked":"Caltrops","floor":14.0},{"not_picked":["Tools of the Trade","A Thousand Cuts"],"picked":"Corpse Explosion","floor":16.0},{"not_picked":["Sucker Punch+1","Flying Knee+1"],"picked":"Noxious Fumes","floor":18.0},{"not_picked":["Deadly Poison","Grand Finale"],"picked":"Backflip","floor":19},{"not_picked":["Heel Hook","Setup","Flechettes"],"picked":"SKIP","floor":20},{"not_picked":["Bouncing Flask","Dagger Throw","Setup"],"picked":"SKIP","floor":21},{"not_picked":["Dagger Throw","Sucker Punch"],"picked":"Deflect+1","floor":23},{"not_picked":["Underhanded Strike","Concentrate"],"picked":"Reflex+1","floor":25},{"not_picked":["Dagger Spray+1","Backflip"],"picked":"Deadly Poison+1","floor":31},{"not_picked":["Venomology","Adrenaline"],"picked":"Malaise","floor":33},{"not_picked":["Slice","Underhanded Strike+1"],"picked":"Deflect+1","floor":35},{"not_picked":["Poisoned Stab","Finisher","Bane"],"picked":"SKIP","floor":37},{"not_picked":["Sucker Punch+1","Finisher","Flying Knee+1"],"picked":"SKIP","floor":38},{"not_picked":["Predator+1","Deadly Poison+1"],"picked":"PiercingWail+1","floor":39},{"not_picked":["Dagger Spray","Backflip"],"picked":"Well Laid Plans+1","floor":41},{"not_picked":["Acrobatics+1","Dodge and Roll"],"picked":"Burst","floor":42},{"not_picked":["Blade Dance","Grand Finale"],"picked":"Adrenaline","floor":47},{"not_picked":["Quick Slash","Escape Plan"],"picked":"Dagger Throw","floor":48},{"not_picked":["Dash","Flying Knee+1"],"picked":"Terror","floor":54}],"player_experience":202593,"relics_obtained":[{"floor":6.0,"key":"Bird Faced Urn"},{"floor":8.0,"key":"Kunai"},{"floor":9.0,"key":"Shovel"},{"floor":12.0,"key":"Meat on the Bone"},{"floor":15.0,"key":"Thread and Needle"},{"floor":23,"key":"Paper Crane"},{"floor":24,"key":"Regal Pillow"},{"floor":25,"key":"PreservedInsect"},{"floor":26,"key":"War Paint"},{"floor":30,"key":"Whetstone"},{"floor":32,"key":"Boot"},{"floor":42,"key":"Bottled Tornado"},{"floor":44,"key":"Tingsha"},{"floor":46,"key":"Sundial"},{"floor":47,"key":"Pear"},{"floor":49,"key":"Bottled Flame"},{"floor":52,"key":"White Beast Statue"},{"floor":54,"key":"Bag of Preparation"}],"event_choices":[{"damage_healed":0.0,"max_hp_gain":0.0,"max_hp_loss":0.0,"gold_gain":0.0,"cards_transformed":["Strike_G"],"event_name":"Transmorgrifier","player_choice":"Transformed","floor":3.0,"gold_loss":0.0,"damage_taken":0.0,"cards_obtained":["Wraith Form v2"]},{"damage_healed":0.0,"max_hp_gain":5.0,"max_hp_loss":0.0,"gold_gain":0.0,"event_name":"Big Fish","player_choice":"Donut","floor":10.0,"gold_loss":0.0,"damage_taken":0.0},{"damage_healed":0.0,"max_hp_gain":0.0,"max_hp_loss":0.0,"gold_gain":0.0,"event_name":"Living Wall","player_choice":"Grow","floor":11.0,"gold_loss":0.0,"damage_taken":0.0,"cards_upgraded":["Wraith Form v2"]},{"damage_healed":0,"gold_gain":0,"cards_transformed":["Strike_G","Defend_G"],"player_choice":"Became Test Subject","damage_taken":0,"max_hp_gain":0,"max_hp_loss":0,"event_name":"Drug Dealer","floor":22,"gold_loss":0,"cards_obtained":["Glass Knife","Choke"]},{"damage_healed":0,"gold_gain":0,"player_choice":"Ignored","damage_taken":0,"max_hp_gain":0,"max_hp_loss":0,"event_name":"Vampires","floor":28,"gold_loss":0},{"damage_healed":0,"gold_gain":200,"player_choice":"Gold","damage_taken":0,"max_hp_gain":0,"max_hp_loss":0,"event_name":"Wheel of Change","floor":29,"gold_loss":0},{"damage_healed":0,"gold_gain":0,"player_choice":"Max HP","damage_taken":0,"max_hp_gain":0,"max_hp_loss":4,"event_name":"Winding Halls","floor":45,"gold_loss":0}],"is_beta":false,"boss_relics":[{"not_picked":["Philosopher\u0027s Stone","Busted Crown"],"picked":"HoveringKite"},{"not_picked":["WristBlade","Calling Bell"],"picked":"Astrolabe"}],"items_purged_floors":[],"is_endless":false,"potions_floor_spawned":[2,7,8,16,19,20,25,37,42,47,54],"ascension_level":3}}