{"host":"d2y4rmbezebiv8aj","time":1611904610,"event":{"mods":["AchievementEnabler","BaseMod","Bestiary","BetterRewards","Colored Map","Colored Powertips","Custom Start","Highlight Path","Minty Spire (QoL Compilation)","Quick Restart","Rare Cards Sparkle","Relic Sorter","Relic Stats","Shop Mod","Slay-I","StSLib","SuperFastMode"],"gold_per_floor":[111,111,124,124,124,124,140,65,144,144,171,171,14,44,44,147,147,136,156,186,40,40,40,40,69,69,69,80,80,80,80],"floor_reached":30,"language":"DEU","playtime":1053,"items_purged":["Regret"],"score":528,"play_id":"82947a68-993a-4607-a0be-65b65da99eae","local_time":"20210129081650","is_ascension_mode":true,"campfire_choices":[{"floor":6,"key":"REST"},{"data":"Noxious Fumes","floor":10,"key":"SMITH"},{"floor":12,"key":"REST"},{"floor":15,"key":"REST"},{"floor":23,"key":"REST"}],"circlet_count":0,"master_deck":["AscendersBane","Strike_G","Strike_G+1","Strike_G","Strike_G","Strike_G","Defend_G","Defend_G","Defend_G","Defend_G","Defend_G","Survivor","Neutralize","Infinite Blades","Poisoned Stab","Magnetism+1","Blade Dance","Poisoned Stab","Slice","Noxious Fumes+1","Adrenaline+1","Blade Dance+1","PiercingWail+1","Prepared+1","Phantasmal Killer+1","Distraction+1","After Image","CurseOfTheBell","Noxious Fumes","Slice+1","Blade Dance+1","Footwork","Shame"],"relics":["Ring of the Snake","Regal Pillow","Bag of Preparation","Darkstone Periapt","Toxic Egg 2","Orrery","Incense Burner","Calling Bell","Juzu Bracelet","Molten Egg 2","Pocketwatch","Red Mask","Tiny Chest","Thread and Needle","Art of War","Bag of Marbles"],"acts_visited":["Exordium","TheCity"],"potions_floor_usage":[11,16,19,30,30],"damage_taken":[{"damage":1,"enemies":"Cultist","floor":1,"turns":4},{"damage":0,"enemies":"Jaw Worm","floor":3,"turns":4},{"damage":15,"enemies":"Small Slimes","floor":7,"turns":3},{"damage":29,"enemies":"Lagavulin","floor":11,"turns":6},{"damage":30,"enemies":"Gremlin Nob","floor":14,"turns":4},{"damage":27,"enemies":"The Guardian","floor":16,"turns":10},{"damage":9,"enemies":"2 Thieves","floor":18,"turns":4},{"damage":8,"enemies":"Shell Parasite","floor":19,"turns":5},{"damage":17,"enemies":"Masked Bandits","floor":20,"turns":5},{"damage":36,"enemies":"Book of Stabbing","floor":25,"turns":7},{"damage":0,"enemies":"Centurion and Healer","floor":28,"turns":6},{"damage":46,"enemies":"Gremlin Leader","floor":30,"turns":6}],"seed_played":"-758214478998674701","potions_obtained":[{"floor":1,"key":"Swift Potion"},{"floor":7,"key":"PowerPotion"},{"floor":14,"key":"EssenceOfSteel"},{"floor":19,"key":"FearPotion"},{"floor":25,"key":"Strength Potion"},{"floor":28,"key":"Block Potion"}],"is_trial":false,"path_per_floor":["M","?","M","?","?","R","M","$","T","R","E","R","$","E","R","B",null,"M","M","?","$","?","R","$","E","T","?","M","T","E"],"character_chosen":"THE_SILENT","items_purchased":["Infinite Blades","Regal Pillow","Poisoned Stab","Magnetism","Noxious Fumes","Orrery","Footwork"],"campfire_rested":4,"item_purchase_floors":[0,0,0,0,8,13,21],"current_hp_per_floor":[48,48,48,48,34,70,55,55,55,55,26,62,62,32,68,41,69,60,52,35,35,35,72,72,36,36,42,42,42,0,0],"gold":80,"neow_bonus":"","is_daily":false,"chose_seed":false,"campfire_upgraded":1,"win_rate":0.0,"timestamp":1611904610,"path_taken":["M","?","M","?","?","R","M","?","T","R","E","R","$","E","R","BOSS","M","M","?","$","?","R","$","E","T","?","M","?","E"],"items_purchased_type":["Card","Relic","Card","Card","Card","Relic","Card"],"build_version":"2020-12-22","purchased_purges":1,"victory":false,"max_hp_per_floor":[70,70,70,70,70,70,70,70,70,70,70,70,70,70,70,70,76,76,76,76,76,76,76,76,76,76,82,82,82,82,82],"relic_stats":{"Darkstone Periapt":12,"Regal Pillow":60,"counters":[30,174],"Tiny Chest":0,"Bag of Preparation":[20],"Juzu Bracelet":0,"Art of War":[0],"obtain_stats":[{"Ice Cream":17,"Darkstone Periapt":9,"Lantern":22,"Regal Pillow":0,"Incense Burner":6,"Bag of Preparation":4,"Juzu Bracelet":17,"Smiling Mask":5,"Blood Vial":10,"Tiny Chest":17,"MealTicket":21,"Red Mask":20,"Toxic Egg 2":11,"Ring of the Snake":0,"Girya":9,"Oddly Smooth Stone":13,"Thread and Needle":26,"War Paint":9,"Calling Bell":17,"Shuriken":22,"Orrery":0,"Molten Egg 2":17,"Turnip":8,"Art of War":27,"Bag of Marbles":29,"Meat on the Bone":17,"Pocketwatch":17},{"Ice Cream":16,"Darkstone Periapt":21,"Lantern":17,"Regal Pillow":18,"Incense Burner":11,"Bag of Preparation":20,"Juzu Bracelet":24,"Smiling Mask":10,"Blood Vial":5,"Tiny Chest":16,"MealTicket":17,"Red Mask":27,"Toxic Egg 2":22,"Ring of the Snake":0,"Girya":5,"Oddly Smooth Stone":14,"Thread and Needle":28,"War Paint":12,"Calling Bell":16,"Shuriken":17,"Orrery":8,"Molten Egg 2":24,"Turnip":5,"Art of War":28,"Bag of Marbles":29,"Meat on the Bone":16,"Pocketwatch":24},{"Ice Cream":95,"Darkstone Periapt":121,"Lantern":103,"Regal Pillow":110,"Incense Burner":58,"Bag of Preparation":118,"Juzu Bracelet":141,"Smiling Mask":52,"Blood Vial":27,"Tiny Chest":95,"MealTicket":103,"Red Mask":155,"Toxic Egg 2":127,"Ring of the Snake":0,"Girya":27,"Oddly Smooth Stone":74,"Thread and Needle":162,"War Paint":60,"Calling Bell":95,"Shuriken":103,"Orrery":45,"Molten Egg 2":141,"Turnip":27,"Art of War":162,"Bag of Marbles":168,"Meat on the Bone":95,"Pocketwatch":141}],"Ring of the Snake":[60],"Pocketwatch":[6]},"card_choices":[{"not_picked":["Eviscerate","Cloak And Dagger"],"picked":"Blade Dance","floor":1},{"not_picked":["Well Laid Plans","Prepared"],"picked":"Poisoned Stab","floor":3},{"not_picked":["Masterful Stab","Reflex"],"picked":"Slice","floor":7},{"not_picked":["Flechettes","Masterful Stab","Heel Hook"],"picked":"SKIP","floor":11},{"not_picked":["Sucker Punch","PiercingWail+1"],"picked":"Adrenaline+1","floor":13},{"not_picked":["Finisher","Endless Agony"],"picked":"Blade Dance+1","floor":13},{"not_picked":["Quick Slash","Escape Plan+1"],"picked":"PiercingWail+1","floor":13},{"not_picked":["Acrobatics+1","Setup+1"],"picked":"Prepared+1","floor":13},{"not_picked":["Backflip+1","Leg Sweep+1"],"picked":"Phantasmal Killer+1","floor":13},{"not_picked":["Heel Hook","Setup+1"],"picked":"Distraction+1","floor":14},{"not_picked":["Adrenaline+1","Glass Knife"],"picked":"After Image","floor":16},{"not_picked":["Poisoned Stab+1","Flying Knee+1"],"picked":"Noxious Fumes","floor":18},{"not_picked":["PiercingWail+1","Cloak And Dagger+1"],"picked":"Slice+1","floor":19},{"not_picked":["Endless Agony+1","Bouncing Flask+1"],"picked":"Blade Dance+1","floor":20},{"not_picked":["Riddle With Holes+1","Bouncing Flask+1","Choke+1"],"picked":"SKIP","floor":25},{"not_picked":["Dagger Throw+1","Eviscerate+1","Blade Dance+1"],"picked":"SKIP","floor":28}],"player_experience":384661,"relics_obtained":[{"floor":9,"key":"Darkstone Periapt"},{"floor":11,"key":"Toxic Egg 2"},{"floor":14,"key":"Incense Burner"},{"floor":17,"key":"Juzu Bracelet"},{"floor":17,"key":"Molten Egg 2"},{"floor":17,"key":"Pocketwatch"},{"floor":20,"key":"Red Mask"},{"floor":25,"key":"Tiny Chest"},{"floor":26,"key":"Thread and Needle"},{"floor":29,"key":"Bag of Marbles"}],"event_choices":[{"damage_healed":0,"gold_gain":0,"player_choice":"Ignored","damage_taken":0,"max_hp_gain":0,"max_hp_loss":0,"event_name":"Golden Wing","floor":2,"gold_loss":0},{"damage_healed":0,"gold_gain":0,"player_choice":"Box","damage_taken":0,"relics_obtained":["Bag of Preparation"],"max_hp_gain":0,"max_hp_loss":0,"event_name":"Big Fish","floor":4,"gold_loss":0,"cards_obtained":["Regret"]},{"damage_healed":0,"gold_gain":0,"player_choice":"Entered Light","damage_taken":14,"max_hp_gain":0,"max_hp_loss":0,"event_name":"Shining Light","floor":5,"gold_loss":0,"cards_upgraded":["Magnetism","Strike_G"]},{"damage_healed":0,"gold_gain":0,"player_choice":"Fought Bandits","damage_taken":0,"max_hp_gain":0,"max_hp_loss":0,"event_name":"Masked Bandits","floor":20,"gold_loss":0},{"damage_healed":0,"gold_gain":0,"player_choice":"Ignored","damage_taken":0,"max_hp_gain":0,"max_hp_loss":0,"event_name":"Ghosts","floor":22,"gold_loss":0},{"damage_healed":0,"gold_gain":0,"player_choice":"Stole Relic","damage_taken":0,"relics_obtained":["Art of War"],"max_hp_gain":0,"max_hp_loss":0,"event_name":"Addict","floor":27,"gold_loss":0,"cards_obtained":["Shame"]}],"is_beta":false,"boss_relics":[{"not_picked":["SacredBark","Runic Pyramid"],"picked":"Calling Bell"}],"items_purged_floors":[21],"is_endless":false,"potions_floor_spawned":[1,7,14,19,25,28],"killed_by":"Gremlin Leader","ascension_level":10}}