{"host":"hfxp6ue4pvwo3fit","time":1611927053,"event":{"mods":["AchievementEnabler","BaseMod","Colored Map","Colored Powertips","Highlight Path","Minty Spire (QoL Compilation)","Relic Stats","StSLib","SuperFastMode"],"gold_per_floor":[364,364,191,191,210,544,544,205,255,273,320,352,352,402,402,504,504,444,444,444,444],"floor_reached":20,"language":"ENG","playtime":526,"items_purged":[],"score":426,"play_id":"96098f7f-3d3e-4a27-a36c-a3d3722c8b37","local_time":"20210129073053","is_ascension_mode":true,"campfire_choices":[{"floor":7,"key":"REST"},{"data":"Sunder","floor":13,"key":"SMITH"},{"data":"Fission","floor":15,"key":"SMITH"}],"circlet_count":0,"master_deck":["AscendersBane","Strike_B","Strike_B","Strike_B","Strike_B","Defend_B","Defend_B","Defend_B","Defend_B","Zap","Dualcast","Lockon","Compile Driver","Self Repair","Sunder+1","Fission+1","Glacier","Echo Form","Genetic Algorithm","Conserve Battery","Ball Lightning","Creative AI"],"relics":["Cracked Core","Golden Idol","PreservedInsect","Old Coin","OrangePellets","CeramicFish","Bag of Marbles","Turnip","Ectoplasm"],"acts_visited":["Exordium","TheCity"],"potions_floor_usage":[11,18],"damage_taken":[{"damage":3,"enemies":"2 Louse","floor":1,"turns":3},{"damage":10,"enemies":"Small Slimes","floor":5,"turns":2},{"damage":30,"enemies":"Lagavulin","floor":6,"turns":6},{"damage":0,"enemies":"Gremlin Nob","floor":11,"turns":2},{"damage":1,"enemies":"Cultist","floor":12,"turns":3},{"damage":25,"enemies":"3 Sentries","floor":14,"turns":6},{"damage":26,"enemies":"Hexaghost","floor":16,"turns":9},{"damage":22,"enemies":"2 Thieves","floor":18,"turns":3},{"damage":45,"enemies":"3 Byrds","floor":20,"turns":4}],"seed_played":"577316050096702027","potions_obtained":[{"floor":1,"key":"EssenceOfDarkness"},{"floor":16,"key":"Explosive Potion"}],"is_trial":false,"path_per_floor":["M","?","$","?","M","E","R","$","T","?","E","M","R","E","R","B",null,"M","?","M"],"character_chosen":"DEFECT","items_purchased":["PreservedInsect","OrangePellets","Sunder","Fission"],"campfire_rested":1,"item_purchase_floors":[3,8,8,8],"current_hp_per_floor":[61,58,58,58,48,18,35,35,35,35,35,41,41,30,30,11,46,31,31,0,0],"gold":444,"neow_bonus":"TWO_FIFTY_GOLD","is_daily":false,"chose_seed":false,"campfire_upgraded":2,"win_rate":0.0,"timestamp":1611927053,"path_taken":["M","?","$","?","M","E","R","$","T","?","E","?","R","E","R","BOSS","M","?","M"],"items_purchased_type":["Relic","Relic","Card","Card"],"build_version":"2020-12-22","purchased_purges":0,"victory":false,"max_hp_per_floor":[64,58,58,58,58,58,58,58,58,58,58,58,58,58,58,58,58,58,58,58,58],"relic_stats":{"OrangePellets":[0],"counters":[9,38],"Golden Idol":56,"CeramicFish":54,"PreservedInsect":85,"Turnip":[0],"Ectoplasm":84,"obtain_stats":[{"OrangePellets":8,"Golden Idol":2,"CeramicFish":9,"PreservedInsect":3,"Turnip":14,"Ectoplasm":17,"Bag of Marbles":11,"Cracked Core":0,"Old Coin":6},{"OrangePellets":3,"Golden Idol":1,"CeramicFish":3,"PreservedInsect":1,"Turnip":6,"Ectoplasm":7,"Bag of Marbles":4,"Cracked Core":0,"Old Coin":3},{"OrangePellets":11,"Golden Idol":3,"CeramicFish":11,"PreservedInsect":3,"Turnip":22,"Ectoplasm":31,"Bag of Marbles":13,"Cracked Core":0,"Old Coin":11}]},"card_choices":[{"not_picked":["Force Field","Hello World"],"picked":"Lockon","floor":1},{"not_picked":["Coolheaded","Gash"],"picked":"Compile Driver","floor":5},{"not_picked":["Consume","Barrage"],"picked":"Self Repair","floor":6},{"not_picked":["Hologram","Coolheaded"],"picked":"Genetic Algorithm","floor":11},{"not_picked":["Steam","Sweeping Beam"],"picked":"Conserve Battery","floor":12},{"not_picked":["Gash","Leap"],"picked":"Ball Lightning","floor":14},{"not_picked":["Rainbow","Fission"],"picked":"Creative AI","floor":16},{"not_picked":["Genetic Algorithm","Compile Driver","Stack"],"picked":"SKIP","floor":18}],"player_experience":513980,"relics_obtained":[{"floor":6,"key":"Old Coin"},{"floor":9,"key":"CeramicFish"},{"floor":11,"key":"Bag of Marbles"},{"floor":14,"key":"Turnip"}],"event_choices":[{"damage_healed":0,"gold_gain":0,"player_choice":"Lose Max HP","damage_taken":0,"relics_obtained":["Golden Idol"],"max_hp_gain":0,"max_hp_loss":6,"event_name":"Golden Idol","floor":2,"gold_loss":0},{"damage_healed":0,"gold_gain":0,"player_choice":"Ignored","damage_taken":0,"max_hp_gain":0,"max_hp_loss":0,"event_name":"Liars Game","floor":4,"gold_loss":0},{"damage_healed":0,"gold_gain":0,"player_choice":"2 cards matched","damage_taken":0,"max_hp_gain":0,"max_hp_loss":0,"event_name":"Match and Keep!","floor":10,"gold_loss":0,"cards_obtained":["Glacier","Echo Form"]},{"damage_healed":0,"gold_gain":0,"player_choice":"Ignored","damage_taken":0,"max_hp_gain":0,"max_hp_loss":0,"event_name":"The Mausoleum","floor":19,"gold_loss":0}],"is_beta":false,"boss_relics":[{"not_picked":["Nuclear Battery","FrozenCore"],"picked":"Ectoplasm"}],"items_purged_floors":[],"is_endless":false,"potions_floor_spawned":[1,16],"killed_by":"3 Byrds","ascension_level":20}}