{"host":"yfdtuf6ojcxn06xg","time":1611960652,"event":{"mods":["2.2 Compatiblity","AchievementEnabler","BaseMod","Colored Map","Colored Powertips","Curses Come First","Hermit","JesterMod","Jorbs\u0027s Wanderer Trilogy","Minty Spire (QoL Compilation)","Quick Restart","Rare Cards Sparkle","Relic Stats","Replay The Spire","StSLib","The Cursed","The Disciple","The Hierophant","The Jungle","The Marked","The Necromancer","The Servant 0.9.4"],"gold_per_floor":[114,126,136,149,14,46,46,76,76,103,103,103,103,25,25,39,39,135,135,149,2,16,16,16,45,45,75,75,75,92,92,103,123,123,218,218,237,237,17,28,44,78,78,78,103,183,244,244,295,0,0,26],"floor_reached":53,"language":"ENG","playtime":2996,"items_purged":["Strike_G","Strike_G"],"score":931,"play_id":"145256b2-b11c-4c48-9837-a3e5d4874fdd","local_time":"20210129175052","is_ascension_mode":true,"campfire_choices":[{"data":"Replay:Bag of Tricks","floor":7,"key":"SMITH"},{"floor":13,"key":"REST"},{"data":"Accuracy","floor":15,"key":"SMITH"},{"data":"Infinite Blades","floor":17,"key":"SMITH"},{"floor":29,"key":"REST"},{"floor":31,"key":"REST"},{"floor":34,"key":"REST"},{"floor":43,"key":"REST"},{"data":"1","floor":48,"key":"LIFT"},{"data":"2","floor":51,"key":"LIFT"}],"circlet_count":0,"master_deck":["Defend_G","Defend_G","Survivor","Neutralize","Replay:Bag of Tricks+1","Dagger Spray","Cloak And Dagger","Blur","Fluid Movement+1","Infinite Blades+1","Accuracy+1","Hidden Blade","Malaise+1","Replay:Bag of Tricks+1","Hidden Blade+1","Finisher","Blade Dance","Blade Dance","Endless Agony+1","Cloak And Dagger","Deflect","After Image","Deflect+1","Backstab","Deflect+1","Parasite"],"relics":["Ring of the Snake","BranchBurnRelic","Bird Faced Urn","Replay:Kaleidoscope","Vampiric Spirits","Astrolabe","Turnip","Bottled Tornado","Ice Cream","Replay:Drink Me","ReplayFunnel","HornCleat","Replay:Bandana","Girya","Blue Doll","Red Mask"],"acts_visited":["Exordium","TheCity","TheBeyond"],"potions_floor_usage":[8,18,22,25,25,27,35,35,44,52],"damage_taken":[{"damage":1,"enemies":"Cultist","floor":1,"turns":3},{"damage":1,"enemies":"Small Slimes","floor":2,"turns":3},{"damage":1,"enemies":"2 Louse","floor":3,"turns":2},{"damage":2,"enemies":"2 Fungi Beasts","floor":4,"turns":3},{"damage":12,"enemies":"3 Sentries","floor":6,"turns":10},{"damage":17,"enemies":"Gremlin Nob","floor":8,"turns":5},{"damage":19,"enemies":"Lagavulin","floor":10,"turns":7},{"damage":0,"enemies":"Looter","floor":16,"turns":2},{"damage":7,"enemies":"Slime Boss","floor":18,"turns":7},{"damage":0,"enemies":"Chosen","floor":20,"turns":4},{"damage":12,"enemies":"3 Byrds","floor":22,"turns":3},{"damage":8,"enemies":"Gremlin Leader","floor":25,"turns":5},{"damage":46,"enemies":"Slavers","floor":27,"turns":6},{"damage":27,"enemies":"Snake Plant","floor":30,"turns":5},{"damage":17,"enemies":"Centurion and Healer","floor":32,"turns":4},{"damage":25,"enemies":"Shelled Parasite and Fungi","floor":33,"turns":3},{"damage":44,"enemies":"Collector","floor":35,"turns":7},{"damage":17,"enemies":"Orb Walker","floor":37,"turns":4},{"damage":0,"enemies":"3 Shapes","floor":40,"turns":3},{"damage":0,"enemies":"Spire Growth","floor":41,"turns":3},{"damage":31,"enemies":"Nemesis","floor":42,"turns":5},{"damage":0,"enemies":"3 Darklings","floor":44,"turns":1},{"damage":17,"enemies":"2 Orb Walkers","floor":46,"turns":4},{"damage":2,"enemies":"Giant Head","floor":47,"turns":6},{"damage":19,"enemies":"Writhing Mass","floor":49,"turns":5},{"damage":28,"enemies":"Awakened One","floor":52,"turns":11}],"seed_played":"-5582172433210686190","potions_obtained":[{"floor":2,"key":"Block Potion"},{"floor":6,"key":"Milkshake"},{"floor":8,"key":"BlessingOfTheForge"},{"floor":10,"key":"BlessingOfTheForge"},{"floor":16,"key":"Dexterity Potion"},{"floor":20,"key":"LiquidBronze"},{"floor":22,"key":"Strength Potion"},{"floor":30,"key":"Ancient Potion"},{"floor":33,"key":"SpeedPotion"},{"floor":42,"key":"SmokeBomb"},{"floor":46,"key":"Fire Potion"}],"is_trial":false,"path_per_floor":["M","M","M","M","$","E","R","E","T","E","PTL","PTL","R","$","R","M","R","B",null,"M","$","M","$","?","E","?","E","T","R","M","R","M","M","R","B",null,"M","?","$","M","M","E","R","M","T","?","E","R","M","?","R","B",null],"character_chosen":"THE_SILENT","items_purchased":["Fluid Movement+1","Accuracy","Blade Dance","ReplayFunnel","Backstab"],"campfire_rested":5,"item_purchase_floors":[5,14,21,39,39],"current_hp_per_floor":[69,68,67,65,65,53,53,51,51,36,36,36,57,57,57,66,66,66,69,70,70,60,60,60,62,62,18,18,39,30,51,52,33,54,33,48,36,36,36,46,53,26,41,47,47,38,47,47,47,47,47,32],"gold":26,"neow_bonus":"ONE_RANDOM_RARE_CARD","is_daily":false,"chose_seed":false,"campfire_upgraded":3,"win_rate":0.0,"timestamp":1611960652,"path_taken":["M","M","?","M","$","E","R","E","T","E","PTL","PTL","R","$","R","M","R","BOSS","M","$","M","$","?","E","?","E","T","R","M","R","?","M","R","BOSS","M","?","$","M","M","E","R","M","T","?","E","R","M","?","R","BOSS"],"items_purchased_type":["Card","Card","Card","Relic","Card"],"build_version":"2020-12-22","purchased_purges":2,"victory":true,"max_hp_per_floor":[70,70,70,70,70,70,70,70,70,70,70,70,70,70,70,70,70,70,70,70,70,70,70,70,70,70,70,70,70,70,70,70,70,70,70,53,53,53,53,53,53,53,53,53,53,53,53,53,53,53,53,53],"relic_stats":{"counters":[26,121],"Bird Faced Urn":[77],"Astrolabe":["Predator","Replay:Bag of Tricks","Hidden Blade"],"Turnip":[7],"obtain_stats":[{"Ice Cream":28,"ReplayFunnel":39,"Girya":46,"Vampiric Spirits":10,"Dead Branch":6,"Astrolabe":19,"Blue Doll":47,"Replay:Kaleidoscope":9,"Bottled Tornado":27,"BranchBurnRelic":7,"Replay:Bandana":45,"HornCleat":42,"Bird Faced Urn":8,"Turnip":25,"Red Mask":50,"Replay:Drink Me":36,"Ring of the Snake":0},{"Ice Cream":13,"ReplayFunnel":18,"Girya":23,"Vampiric Spirits":7,"Dead Branch":5,"Astrolabe":9,"Blue Doll":24,"Replay:Kaleidoscope":6,"Bottled Tornado":13,"BranchBurnRelic":5,"Replay:Bandana":22,"HornCleat":21,"Bird Faced Urn":6,"Turnip":12,"Red Mask":25,"Replay:Drink Me":17,"Ring of the Snake":0},{"Ice Cream":60,"ReplayFunnel":83,"Girya":99,"Vampiric Spirits":33,"Dead Branch":21,"Astrolabe":42,"Blue Doll":105,"Replay:Kaleidoscope":26,"Bottled Tornado":60,"BranchBurnRelic":21,"Replay:Bandana":95,"HornCleat":94,"Bird Faced Urn":26,"Turnip":54,"Red Mask":110,"Replay:Drink Me":79,"Ring of the Snake":0}],"Ring of the Snake":[53]},"card_choices":[{"not_picked":["Poisoned Stab","Setup"],"picked":"Dagger Spray","floor":1},{"not_picked":["Backflip","Acrobatics"],"picked":"Cloak And Dagger","floor":2},{"not_picked":["Flying Knee","Masterful Stab","Heel Hook"],"picked":"SKIP","floor":3},{"not_picked":["Deadly Poison","Tactician"],"picked":"Blur","floor":4},{"not_picked":["Tactician","Underhanded Strike","Sucker Punch"],"picked":"SKIP","floor":6},{"not_picked":["Slice","Bullet Time"],"picked":"Infinite Blades","floor":8},{"not_picked":["Doppelganger","Atom Bomb","Distraction"],"picked":"SKIP","floor":10},{"not_picked":["Dodge and Roll","Dagger Spray"],"picked":"Hidden Blade","floor":16},{"not_picked":["Glass Knife","Unload"],"picked":"Malaise","floor":18},{"not_picked":["Prepared+1","Outmaneuver"],"picked":"Finisher","floor":20},{"not_picked":["ReplayTheSpireMod:The Works+1","Backflip"],"picked":"Blade Dance","floor":22},{"not_picked":["Well Laid Plans","PiercingWail"],"picked":"Endless Agony+1","floor":25},{"not_picked":["Dodge and Roll","Sucker Punch"],"picked":"Cloak And Dagger","floor":27},{"not_picked":["Outmaneuver","Sucker Punch","Flying Knee+1"],"picked":"SKIP","floor":30},{"not_picked":["Slice","Distraction"],"picked":"Deflect","floor":32},{"not_picked":["Masterful Stab","Riddle With Holes","Calculated Gamble"],"picked":"SKIP","floor":33},{"not_picked":["Bullet Time","A Thousand Cuts"],"picked":"After Image","floor":35},{"not_picked":["Setup+1","Backflip+1"],"picked":"Deflect+1","floor":37},{"not_picked":["Dodge and Roll","Dagger Throw+1","Outmaneuver+1"],"picked":"SKIP","floor":40},{"not_picked":["Noxious Fumes+1","Blade Dance+1","Bane+1"],"picked":"SKIP","floor":41},{"not_picked":["Wraith Form v2","Noxious Fumes+1"],"picked":"Deflect+1","floor":42},{"not_picked":["Dagger Spray","Dagger Throw+1","Acrobatics"],"picked":"SKIP","floor":47},{"not_picked":["Draining Mist","Flying Knee+1","Concentrate"],"picked":"SKIP","floor":49}],"player_experience":235081,"relics_obtained":[{"floor":6,"key":"Dead Branch"},{"floor":8,"key":"Bird Faced Urn"},{"floor":9,"key":"Replay:Kaleidoscope"},{"floor":10,"key":"Vampiric Spirits"},{"floor":25,"key":"Turnip"},{"floor":27,"key":"Bottled Tornado"},{"floor":28,"key":"Ice Cream"},{"floor":42,"key":"HornCleat"},{"floor":45,"key":"Replay:Bandana"},{"floor":46,"key":"Girya"},{"floor":47,"key":"Blue Doll"}],"event_choices":[{"damage_healed":0,"gold_gain":0,"player_choice":"Forge","damage_taken":0,"max_hp_gain":0,"max_hp_loss":0,"event_name":"Accursed Blacksmith","floor":26,"gold_loss":0,"cards_upgraded":["Malaise"]},{"cards_removed":["Defend_G"],"damage_healed":0,"gold_gain":0,"player_choice":"Removed Skill","damage_taken":0,"max_hp_gain":0,"max_hp_loss":0,"event_name":"Falling","floor":38,"gold_loss":0},{"damage_healed":0,"gold_gain":0,"player_choice":"Fight","damage_taken":0,"max_hp_gain":0,"max_hp_loss":0,"event_name":"Mysterious Sphere","floor":46,"gold_loss":0},{"damage_healed":0,"gold_gain":0,"player_choice":"Paid","damage_taken":0,"relics_obtained":["Red Mask"],"max_hp_gain":0,"max_hp_loss":0,"event_name":"Tomb of Lord Red Mask","floor":50,"gold_loss":295}],"is_beta":false,"boss_relics":[{"not_picked":["ReplayTheSpireMod:DimensionalGlitch","Abe\u0027s Treasure"],"picked":"Astrolabe"},{"not_picked":["Fusion Hammer","Cursed Key"],"picked":"Replay:Drink Me"}],"items_purged_floors":[5,21],"is_endless":false,"potions_floor_spawned":[2,6,8,10,16,20,22,30,33,42,44,46],"ascension_level":5}}