{"host":"hixkpep13ay54y5b","time":1611946702,"event":{"mods":["AchievementEnabler","BaseMod","BetterRewards","Colored Map","Hubris","Infinite Spire","Minty Spire (QoL Compilation)","Quick Restart","Replay The Spire","Shop Mod","StSLib","SuperFastMode"],"gold_per_floor":[115,115,132,145,163,163,238,238,262,262,278,278,312,327,327,327,327],"floor_reached":16,"language":"ENG","playtime":271,"items_purged":[],"score":92,"play_id":"93d45424-40e7-4805-93ef-79169b0dbd06","local_time":"20210129135822","is_ascension_mode":false,"campfire_choices":[{"data":"Redo","floor":6,"key":"SMITH"},{"data":"Defend_B","floor":10,"key":"SMITH"},{"data":"Defend_B","floor":12,"key":"SMITH"},{"data":"Defend_B","floor":15,"key":"SMITH"}],"circlet_count":0,"master_deck":["Strike_B","Strike_B","Strike_B","Strike_B","Defend_B+1","Defend_B+1","Defend_B+1","Defend_B+1","Zap","Dualcast+1","Glacier","Redo+1"],"relics":["Cracked Core","NeowsBlessing","War Paint","hubris:Teleporter"],"acts_visited":["Exordium"],"potions_floor_usage":[16,16],"damage_taken":[{"damage":0,"enemies":"2 Louse","floor":1,"turns":1},{"damage":0,"enemies":"Cultist","floor":3,"turns":1},{"damage":0,"enemies":"Jaw Worm","floor":4,"turns":1},{"damage":0,"enemies":"2 Fungi Beasts","floor":5,"turns":3},{"damage":3,"enemies":"Lots of Slimes","floor":11,"turns":4},{"damage":0,"enemies":"3 Louse","floor":14,"turns":3},{"damage":86,"enemies":"Fading Forest","floor":16,"turns":11}],"seed_played":"-8348601278861147029","potions_obtained":[{"floor":2,"key":"Regen Potion"},{"floor":2,"key":"AttackPotion"},{"floor":2,"key":"Dexterity Potion"},{"floor":5,"key":"Fire Potion"}],"is_trial":false,"path_per_floor":["M","?","M","M","M","R","?","?","T","R","M","R","?","M","R","B"],"character_chosen":"DEFECT","items_purchased":[],"campfire_rested":0,"item_purchase_floors":[],"current_hp_per_floor":[75,75,75,75,75,75,64,64,64,64,61,61,61,61,61,0,0],"gold":327,"neow_bonus":"THREE_ENEMY_KILL","is_daily":false,"chose_seed":false,"campfire_upgraded":4,"win_rate":0.0,"timestamp":1611946702,"path_taken":["M","?","M","M","?","R","?","?","T","R","?","R","?","M","R","BOSS"],"items_purchased_type":[],"build_version":"2020-12-22","purchased_purges":0,"victory":false,"max_hp_per_floor":[75,75,75,75,75,75,75,75,75,75,75,75,75,75,75,75,75],"card_choices":[{"not_picked":["Ball Lightning","Steam","BasicCrystalCard"],"picked":"SKIP","floor":1},{"not_picked":["Coolheaded","Compile Driver"],"picked":"Glacier","floor":3},{"not_picked":["Leap","Coolheaded","Hologram"],"picked":"SKIP","floor":4},{"not_picked":["Redo","ReplayTheSpireMod:System Scan","Steam"],"picked":"SKIP","floor":5},{"not_picked":["ReplayTheSpireMod:System Scan","Steam"],"picked":"Redo","floor":5},{"not_picked":["Compile Driver","Go for the Eyes","Crystallizer"],"picked":"SKIP","floor":11},{"not_picked":["Conserve Battery","Redo","Barrage"],"picked":"SKIP","floor":14}],"player_experience":159598,"relics_obtained":[{"floor":9,"key":"War Paint"},{"floor":13,"key":"hubris:Teleporter"}],"event_choices":[{"damage_healed":0,"gold_gain":0,"player_choice":"Got Potions","damage_taken":0,"max_hp_gain":0,"max_hp_loss":0,"event_name":"Lab","floor":2,"gold_loss":0},{"damage_healed":0,"gold_gain":75,"player_choice":"Gather Gold","damage_taken":11,"max_hp_gain":0,"max_hp_loss":0,"event_name":"World of Goop","floor":7,"gold_loss":0},{"damage_healed":0,"gold_gain":0,"player_choice":"Ignored","damage_taken":0,"max_hp_gain":0,"max_hp_loss":0,"event_name":"NoteForYourself","floor":8,"gold_loss":0}],"is_beta":false,"boss_relics":[],"items_purged_floors":[],"is_endless":false,"potions_floor_spawned":[3,5],"killed_by":"Fading Forest","ascension_level":0}}