{"host":"zsnmfqgcm92hlreo","time":1611890319,"event":{"mods":["AchievementEnabler","BaseMod","Bestiary","Block Reminder","Colored Powertips","Minty Spire (QoL Compilation)","Permanent Neow","Quick Restart","Relic Stats","Weighted Paths"],"gold_per_floor":[111,211,34,47,58,90,100,100,100],"floor_reached":8,"language":"ENG","playtime":431,"items_purged":["Strike_G"],"score":116,"play_id":"40e0b579-08ec-4e61-ae9a-f76638de6d47","local_time":"20210128211839","is_ascension_mode":true,"campfire_choices":[],"circlet_count":0,"master_deck":["AscendersBane","Strike_G","Strike_G","Strike_G","Strike_G","Defend_G","Defend_G","Defend_G","Defend_G","Defend_G","Survivor","Neutralize","Leg Sweep","Noxious Fumes","Blade Dance","Dagger Spray","Predator","Skewer","Accuracy"],"relics":["Sozu","Blood Vial"],"acts_visited":["Exordium"],"potions_floor_usage":[],"damage_taken":[{"damage":0,"enemies":"2 Louse","floor":1,"turns":3},{"damage":0,"enemies":"Cultist","floor":4,"turns":4},{"damage":2,"enemies":"Jaw Worm","floor":5,"turns":4},{"damage":28,"enemies":"Lagavulin","floor":6,"turns":8},{"damage":1,"enemies":"2 Fungi Beasts","floor":7,"turns":3},{"damage":39,"enemies":"Gremlin Nob","floor":8,"turns":3}],"seed_played":"4184068857698534900","potions_obtained":[],"is_trial":false,"path_per_floor":["M","?","$","M","M","E","M","E"],"character_chosen":"THE_SILENT","items_purchased":["Noxious Fumes","Blade Dance"],"campfire_rested":0,"item_purchase_floors":[3,3],"current_hp_per_floor":[59,59,59,59,57,29,30,0,0],"gold":100,"neow_bonus":"BOSS_RELIC","is_daily":false,"chose_seed":false,"campfire_upgraded":0,"win_rate":0.0,"timestamp":1611890319,"path_taken":["M","?","$","M","M","E","?","E"],"items_purchased_type":["Card","Card"],"build_version":"2020-12-22","purchased_purges":1,"victory":false,"max_hp_per_floor":[66,66,66,66,66,66,66,66,66],"relic_stats":{"Sozu":3,"Blood Vial":4,"counters":[6,25],"obtain_stats":[{"Sozu":0,"Blood Vial":6,"Ring of the Snake":0},{"Sozu":0,"Blood Vial":4,"Ring of the Snake":0},{"Sozu":0,"Blood Vial":19,"Ring of the Snake":0}]},"card_choices":[{"not_picked":["Tactician","Blur"],"picked":"Leg Sweep","floor":1},{"not_picked":["Concentrate","Underhanded Strike"],"picked":"Dagger Spray","floor":4},{"not_picked":["Prepared","Dagger Throw"],"picked":"Predator","floor":5},{"not_picked":["Prepared","Caltrops"],"picked":"Skewer","floor":6},{"not_picked":["Acrobatics","Quick Slash"],"picked":"Accuracy","floor":7}],"player_experience":922488,"relics_obtained":[{"floor":6,"key":"Blood Vial"}],"event_choices":[{"damage_healed":0,"gold_gain":100,"player_choice":"Gold","damage_taken":0,"max_hp_gain":0,"max_hp_loss":0,"event_name":"Wheel of Change","floor":2,"gold_loss":0}],"is_beta":false,"boss_relics":[],"items_purged_floors":[3],"is_endless":false,"potions_floor_spawned":[1,6,7],"killed_by":"Gremlin Nob","ascension_level":20}}