{"host":"otdcrrn8ri3oipri","time":1611887052,"event":{"mods":["BaseMod","Downfall","Minty Spire (QoL Compilation)","StSLib","The Cursed"],"gold_per_floor":[115,115,125,136,153,153,169,48,75,75,106,6,6,6,6,110,110,126,126,146,21,31,31,31,31,31,43,43,143,143,143,143,242,242,253,110,126,0,12,12,39,62,85,85,85,104,156,6,6,6],"floor_reached":51,"language":"ENG","playtime":4559,"items_purged":["TheCursedMod:Strike_TheCursed","TheCursedMod:Defend_TheCursed","TheCursedMod:Defend_TheCursed","TheCursedMod:Strike_TheCursed"],"score":771,"play_id":"18547e2c-ec52-4b78-8191-fe53a6aeb25a","local_time":"20210128202412","is_ascension_mode":false,"campfire_choices":[{"data":"TheCursedMod:AbyssShockwave","floor":6,"key":"SMITH"},{"data":"TheCursedMod:CursedWand","floor":10,"key":"SMITH"},{"data":"TheCursedMod:CursedArmor","floor":15,"key":"SMITH"},{"data":"TheCursedMod:FleshFromBone","floor":23,"key":"SMITH"},{"data":"TheCursedMod:Obscuration","floor":25,"key":"SMITH"},{"data":"TheCursedMod:CursedShiv","floor":32,"key":"SMITH"},{"data":"TheCursedMod:SpitefulPray","floor":40,"key":"SMITH"},{"data":"TheCursedMod:CursedStaff","floor":44,"key":"SMITH"},{"data":"TheCursedMod:DemonicPact","floor":49,"key":"SMITH"}],"circlet_count":0,"master_deck":["TheCursedMod:Strike_TheCursed","TheCursedMod:CursedWand+1","TheCursedMod:CleanUpWorkshop","TheCursedMod:Dregs","TheCursedMod:RapidMovement","TheCursedMod:Obscuration+1","TheCursedMod:LuckyCharm","TheCursedMod:AbyssShockwave+1","TheCursedMod:FleshFromBone+1","TheCursedMod:CursedShiv+1","TheCursedMod:CursedArmor+1","TheCursedMod:AshesToAshes+1","TheCursedMod:CircleOfFlame+1","TheCursedMod:StingEye","TheCursedMod:BlessingInDisguise","TheCursedMod:DemonicPact+1","TheCursedMod:CircleOfCorruption+1","TheCursedMod:CircleOfWindfury+1","TheCursedMod:CursedStaff+1","TheCursedMod:SpitefulPray+1","TheCursedMod:TroublousMinions+1","Parasite"],"relics":["TheCursedMod:BlackMagicAdvanced","Dream Catcher","Orichalcum","Question Card","Prayer Wheel","MutagenicStrength","CaptainsWheel","Pantograph","Busted Crown","PreservedInsect","Red Mask","Strawberry","Lantern","Boot","Nunchaku"],"acts_visited":["Exordium","TheCity","TheBeyond"],"potions_floor_usage":[7,20,50,50,50],"damage_taken":[{"damage":0,"enemies":"Small Slimes","floor":1,"turns":5},{"damage":0,"enemies":"Cultist","floor":3,"turns":5},{"damage":0,"enemies":"Jaw Worm","floor":4,"turns":6},{"damage":6,"enemies":"2 Fungi Beasts","floor":5,"turns":6},{"damage":26,"enemies":"Exordium Thugs","floor":7,"turns":8},{"damage":2,"enemies":"Lagavulin","floor":11,"turns":15},{"damage":19,"enemies":"The Guardian","floor":16,"turns":20},{"damage":0,"enemies":"Shell Parasite","floor":18,"turns":13},{"damage":3,"enemies":"3 Byrds","floor":20,"turns":6},{"damage":0,"enemies":"3 Cultists","floor":22,"turns":3},{"damage":13,"enemies":"Centurion and Healer","floor":27,"turns":6},{"damage":7,"enemies":"Colosseum Slavers","floor":29,"turns":7},{"damage":7,"enemies":"Colosseum Nobs","floor":29,"turns":5},{"damage":52,"enemies":"Automaton","floor":33,"turns":19},{"damage":6,"enemies":"3 Shapes","floor":35,"turns":3},{"damage":7,"enemies":"3 Darklings","floor":37,"turns":4},{"damage":6,"enemies":"Sphere and 2 Shapes","floor":39,"turns":5},{"damage":0,"enemies":"Giant Head","floor":41,"turns":7},{"damage":0,"enemies":"Writhing Mass","floor":46,"turns":7},{"damage":4,"enemies":"Awakened One","floor":50,"turns":13}],"seed_played":"-4378426756291625689","potions_obtained":[{"floor":1,"key":"Strength Potion"},{"floor":3,"key":"PowerPotion"},{"floor":11,"key":"Energy Potion"},{"floor":16,"key":"sneckomod:MuddlingPotion"},{"floor":27,"key":"champ:CounterPotion"}],"is_trial":false,"path_per_floor":["M","?","M","M","M","R","M","$","T","R","E","$","?","T","R","B",null,"M","?","M","$","M","R","$","R","T","M","?","?","$","?","R","B",null,"M","$","M","?","M","R","E","T","T","R","$","M","T","$","R","B",null],"character_chosen":"THE_CURSED","items_purchased":["TheCursedMod:CursedShiv","PreservedInsect"],"campfire_rested":0,"item_purchase_floors":[8,36],"current_hp_per_floor":[82,74,74,74,68,68,42,42,42,42,40,40,40,40,40,21,82,82,82,79,79,79,79,79,79,79,66,66,52,52,52,52,25,82,76,76,69,69,63,63,70,70,70,70,70,70,70,70,70,85],"gold":6,"neow_bonus":"TEN_PERCENT_HP_BONUS","is_daily":false,"chose_seed":false,"campfire_upgraded":9,"win_rate":0.0,"timestamp":1611887052,"path_taken":["M","?","M","M","M","R","?","$","T","R","E","$","?","?","R","BOSS","M","?","M","$","M","R","?","R","T","M","?","?","$","?","R","BOSS","M","$","M","?","M","R","E","?","T","R","$","M","?","$","R","BOSS"],"items_purchased_type":["Card","Relic"],"build_version":"2020-12-22","purchased_purges":4,"victory":true,"max_hp_per_floor":[82,82,82,82,82,82,82,82,82,82,82,82,82,82,82,82,82,82,82,82,82,82,82,82,82,82,82,82,82,82,82,82,82,82,82,82,82,82,82,82,89,89,89,89,89,89,89,89,89,89],"card_choices":[{"not_picked":["TheCursedMod:Mangle","TheCursedMod:Hemoplague"],"picked":"TheCursedMod:RapidMovement","floor":1},{"not_picked":["TheCursedMod:VitalStrike","TheCursedMod:CursedBoomerang"],"picked":"TheCursedMod:Obscuration","floor":3},{"not_picked":["TheCursedMod:SmokeScreen","TheCursedMod:Stretching"],"picked":"TheCursedMod:LuckyCharm","floor":4},{"not_picked":["TheCursedMod:EmpowerCircles","TheCursedMod:Stigma"],"picked":"TheCursedMod:AbyssShockwave","floor":5},{"not_picked":["TheCursedMod:CursedBoomerang","TheCursedMod:CircleOfCorruption"],"picked":"TheCursedMod:FleshFromBone","floor":7},{"not_picked":["TheCursedMod:SmokeScreen","TheCursedMod:UltimatePain"],"picked":"TheCursedMod:CursedArmor","floor":11},{"not_picked":["TheCursedMod:Stretching","TheCursedMod:ReleasedKnowledge","TheCursedMod:SoulCrush+1"],"picked":"TheCursedMod:AshesToAshes+1","floor":18},{"not_picked":["TheCursedMod:CursedAmulet+1","TheCursedMod:SaltUponWound","TheCursedMod:CircleOfFocus+1"],"picked":"TheCursedMod:CircleOfFlame+1","floor":20},{"not_picked":["TheCursedMod:ShockAndAwe","TheCursedMod:Mangle","TheCursedMod:VitalStrike"],"picked":"TheCursedMod:StingEye","floor":22},{"not_picked":["TheCursedMod:RavingStaff","TheCursedMod:SpreadPlague","TheCursedMod:FuryStrike"],"picked":"TheCursedMod:BlessingInDisguise","floor":27},{"not_picked":["TheCursedMod:CircleOfFlame","TheCursedMod:RavingStaff","TheCursedMod:CursedShiv","TheCursedMod:CursedBlade+1"],"picked":"SKIP","floor":27},{"not_picked":["TheCursedMod:OutForBlood","TheCursedMod:Neurasthenia","TheCursedMod:ManaCirculation"],"picked":"TheCursedMod:DemonicPact","floor":33},{"not_picked":["TheCursedMod:VitalStrike"],"picked":"TheCursedMod:CircleOfCorruption+1","floor":35},{"not_picked":["TheCursedMod:LuckyCharm"],"picked":"TheCursedMod:CircleOfWindfury+1","floor":35},{"not_picked":["TheCursedMod:SpreadPlague"],"picked":"TheCursedMod:CursedStaff","floor":37},{"not_picked":["TheCursedMod:RapidMovement","TheCursedMod:SmokeScreen+1"],"picked":"SKIP","floor":37},{"not_picked":["TheCursedMod:FleshFromBone"],"picked":"TheCursedMod:SpitefulPray","floor":39},{"not_picked":["TheCursedMod:Stigma","TheCursedMod:CursedMace+1"],"picked":"SKIP","floor":39},{"not_picked":["TheCursedMod:HellsGateOpen+1"],"picked":"TheCursedMod:TroublousMinions+1","floor":41},{"not_picked":["TheCursedMod:Wield","TheCursedMod:Obscuration+1"],"picked":"SKIP","floor":46},{"not_picked":["TheCursedMod:Stretching","TheCursedMod:ReleasedKnowledge+1"],"picked":"SKIP","floor":46}],"player_experience":44152,"relics_obtained":[{"floor":9,"key":"Dream Catcher"},{"floor":11,"key":"Orichalcum"},{"floor":14,"key":"Question Card"},{"floor":26,"key":"Prayer Wheel"},{"floor":29,"key":"CaptainsWheel"},{"floor":29,"key":"Pantograph"},{"floor":41,"key":"Strawberry"},{"floor":42,"key":"Lantern"},{"floor":43,"key":"Boot"},{"floor":47,"key":"Nunchaku"}],"event_choices":[{"damage_healed":0,"gold_gain":0,"player_choice":"Damaged","damage_taken":8,"max_hp_gain":0,"max_hp_loss":0,"event_name":"Wheel of Change","floor":2,"gold_loss":0},{"cards_removed":["TheCursedMod:Defend_TheCursed"],"damage_healed":0,"gold_gain":0,"player_choice":"Forget","damage_taken":0,"max_hp_gain":0,"max_hp_loss":0,"event_name":"Living Wall","floor":13,"gold_loss":0},{"cards_removed":["TheCursedMod:Defend_TheCursed"],"damage_healed":0,"gold_gain":0,"player_choice":"Offered Basic","damage_taken":0,"max_hp_gain":0,"max_hp_loss":0,"event_name":"Bonfire Elementals","floor":19,"gold_loss":0},{"damage_healed":0,"gold_gain":0,"player_choice":"Inject Mutagens","damage_taken":0,"relics_obtained":["MutagenicStrength"],"max_hp_gain":0,"max_hp_loss":0,"event_name":"Drug Dealer","floor":28,"gold_loss":0},{"damage_healed":0,"gold_gain":0,"player_choice":"Fight","damage_taken":0,"max_hp_gain":0,"max_hp_loss":0,"event_name":"Colosseum","floor":29,"gold_loss":0},{"damage_healed":0,"gold_gain":0,"player_choice":"Fought Nobs","damage_taken":0,"max_hp_gain":0,"max_hp_loss":0,"event_name":"Colosseum","floor":29,"gold_loss":0},{"cards_removed":["TheCursedMod:Strike_TheCursed"],"damage_healed":0,"gold_gain":0,"player_choice":"Elegance","damage_taken":0,"max_hp_gain":0,"max_hp_loss":0,"event_name":"Back to Basics","floor":31,"gold_loss":0},{"damage_healed":0,"gold_gain":0,"player_choice":"Paid","damage_taken":0,"relics_obtained":["Red Mask"],"max_hp_gain":0,"max_hp_loss":0,"event_name":"Tomb of Lord Red Mask","floor":38,"gold_loss":126}],"is_beta":false,"boss_relics":[{"not_picked":["Empty Cage","SacredBark"],"picked":"TheCursedMod:BlackMagicAdvanced"},{"not_picked":["Runic Dome","Snecko Eye"],"picked":"Busted Crown"}],"items_purged_floors":[8,12,21,48],"is_endless":false,"potions_floor_spawned":[1,3,11,16,27,29,29,33,39,46],"ascension_level":0}}