{"host":"ni5mix2lh3q94rpg","time":1611947312,"event":{"mods":["AchievementEnabler","Act Like it!","BaseMod","Better Altar","Better Note","Better Silent Start","Better Vampires","GifTheSpireLib","Hermit","Hubris","Jorbs\u0027s Wanderer Trilogy","Marisa????????","Minty Spire (QoL Compilation)","Quick Restart","Remilia??????","Spikes Relics","StSLib","The Animator","The Bug Knight","The Hierophant","The Senshi","The Servant 0.9.4","everything is the same but u backflip on backflip","slay the spire mod where everything is the same but ironclad has a cowboy hat"],"gold_per_floor":[115,127,140,154,169,200,200,213,213,183,183,199,210,229,229,229,229],"floor_reached":16,"language":"ENG","playtime":1237,"items_purged":[],"score":108,"play_id":"941191f7-cdef-41b9-9850-7d4e4bd20004","local_time":"20210129220832","is_ascension_mode":false,"campfire_choices":[{"data":"theSenshi:LunaSensingAllies","floor":7,"key":"SMITH"},{"data":"theSenshi:SteeledNerves","floor":11,"key":"SMITH"},{"data":"theSenshi:EncouragingSpeech","floor":15,"key":"SMITH"}],"circlet_count":0,"master_deck":["theSenshi:SailorKick","theSenshi:SailorKick","theSenshi:SailorKick","theSenshi:SailorKick","theSenshi:SailorBlock","theSenshi:SailorBlock","theSenshi:SailorBlock","theSenshi:SailorBlock","theSenshi:RoseThrow","theSenshi:MoonPrismPowerMakeUp","theSenshi:LunasBite","theSenshi:SailorVenusAssists","theSenshi:SailorNeptuneAssists","theSenshi:SaturnsMystery","theSenshi:LunaSensingAllies+1","theSenshi:EncouragingSpeech+1","theSenshi:SteeledNerves+1","theSenshi:MoonSpiralHeartAttack","theSenshi:MoonPrincessHalation","theSenshi:Sidestep"],"relics":["theSenshi:TransformationBroochRelic","NeowsBlessing","SpikesRelics:DaevaFist","Gambling Chip"],"acts_visited":["Exordium"],"potions_floor_usage":[5,16],"damage_taken":[{"damage":0,"enemies":"Cultist","floor":1,"turns":1},{"damage":0,"enemies":"Small Slimes","floor":2,"turns":1},{"damage":0,"enemies":"Jaw Worm","floor":3,"turns":1},{"damage":4,"enemies":"Large Slime","floor":4,"turns":5},{"damage":8,"enemies":"Gremlin Gang","floor":5,"turns":6},{"damage":47,"enemies":"Gremlin Nob","floor":6,"turns":6},{"damage":3,"enemies":"Blue Slaver","floor":8,"turns":3},{"damage":0,"enemies":"Looter","floor":10,"turns":4},{"damage":6,"enemies":"3 Louse","floor":12,"turns":6},{"damage":5,"enemies":"Exordium Wildlife","floor":13,"turns":7},{"damage":22,"enemies":"Exordium Thugs","floor":14,"turns":9},{"damage":48,"enemies":"Slime Boss","floor":16,"turns":12}],"seed_played":"6354030903877971878","potions_obtained":[{"floor":1,"key":"Weak Potion"},{"floor":4,"key":"BlessingOfTheForge"},{"floor":6,"key":"Dexterity Potion"},{"floor":12,"key":"Ancient Potion"}],"is_trial":false,"path_per_floor":["M","M","M","M","M","E","R","M","T","M","R","M","M","M","R","B"],"character_chosen":"THE_SENSHI","items_purchased":[],"campfire_rested":0,"item_purchase_floors":[],"current_hp_per_floor":[75,75,75,71,63,31,31,38,38,48,48,42,52,30,30,0,0],"gold":229,"neow_bonus":"THREE_ENEMY_KILL","is_daily":false,"chose_seed":false,"campfire_upgraded":3,"win_rate":0.0,"timestamp":1611947312,"path_taken":["M","?","M","M","M","E","R","M","T","M","R","?","M","M","R","BOSS"],"items_purchased_type":[],"build_version":"2020-12-22","purchased_purges":0,"victory":false,"max_hp_per_floor":[75,75,75,75,75,75,75,75,75,75,75,75,75,75,75,75,75],"card_choices":[{"not_picked":["theSenshi:PlutosSolemnity","theSenshi:SailorStarFighterAssists"],"picked":"theSenshi:LunasBite","floor":1},{"not_picked":["theSenshi:MoonsReflection","theSenshi:GatheringStrength","theSenshi:MoonKick"],"picked":"SKIP","floor":2},{"not_picked":["theSenshi:MoonKick","theSenshi:MoonPrincessHalation"],"picked":"theSenshi:SailorVenusAssists","floor":3},{"not_picked":["theSenshi:YouCanTalk","theSenshi:SupersonicWaves"],"picked":"theSenshi:SailorNeptuneAssists","floor":4},{"not_picked":["theSenshi:SailorVenusAssists","theSenshi:SailorV"],"picked":"theSenshi:SaturnsMystery","floor":5},{"not_picked":["theSenshi:MercurysCunning","theSenshi:SchoolBag"],"picked":"theSenshi:LunaSensingAllies","floor":6},{"not_picked":["theSenshi:SailorVenusAssists","theSenshi:SailorStarFighterAssists"],"picked":"theSenshi:EncouragingSpeech","floor":8},{"not_picked":["theSenshi:EncouragingSpeech","theSenshi:TuxedoMaskAssists"],"picked":"theSenshi:SteeledNerves","floor":10},{"not_picked":["theSenshi:MoonCrystalPowerMakeUp","theSenshi:EncouragingSpeech"],"picked":"theSenshi:MoonSpiralHeartAttack","floor":12},{"not_picked":["theSenshi:EncouragingSpeech","theSenshi:SailorNeptuneAssists"],"picked":"theSenshi:MoonPrincessHalation","floor":13},{"not_picked":["theSenshi:SailorV","theSenshi:SailorStarMakerAssists"],"picked":"theSenshi:Sidestep","floor":14}],"player_experience":936208,"relics_obtained":[{"floor":6,"key":"SpikesRelics:DaevaFist"},{"floor":9,"key":"Gambling Chip"}],"event_choices":[],"is_beta":false,"boss_relics":[],"items_purged_floors":[],"is_endless":false,"potions_floor_spawned":[1,4,6,12],"killed_by":"Slime Boss","ascension_level":0}}