{"host":"1tl36azeqm6yhdgj","time":1611945763,"event":{"mods":["AchievementEnabler","BaseMod","Minty Spire (QoL Compilation)","StSLib","The IronCluck","everything is the same but u backflip on backflip"],"gold_per_floor":[112,112,112,127,195,195,223,223,223,235,235,271,271,286,286,379,379,393,393,411,30,49,49,49,49],"floor_reached":24,"language":"ENG","playtime":587,"items_purged":["Injury"],"score":458,"play_id":"341b33d7-9055-42b1-bfe5-6d430ea8ae0d","local_time":"20210129134243","is_ascension_mode":true,"campfire_choices":[{"data":"Pommel Strike","floor":6,"key":"SMITH"},{"data":"Dropkick","floor":8,"key":"SMITH"},{"data":"Inflame","floor":15,"key":"SMITH"},{"floor":23,"key":"REST"}],"circlet_count":0,"master_deck":["AscendersBane","Strike_R","Strike_R","Strike_R","Strike_R","Strike_R+1","Defend_R","Defend_R","Defend_R","Defend_R","Bash+1","Perfected Strike+1","Pommel Strike+1","Dropkick+1","Inflame+1","Spot Weakness","Double Tap","Clothesline","Writhe","Power Through+1","PanicButton","Armaments+1"],"relics":["Burning Blood","NeowsBlessing","Lantern","Ornamental Fan","Golden Idol","Regal Pillow","Black Star","Akabeko","Boot"],"acts_visited":["Exordium","TheCity"],"potions_floor_usage":[12,12,16,22],"damage_taken":[{"damage":0,"enemies":"Cultist","floor":1,"turns":1},{"damage":0,"enemies":"Jaw Worm","floor":4,"turns":1},{"damage":0,"enemies":"Gremlin Nob","floor":7,"turns":1},{"damage":1,"enemies":"Small Slimes","floor":10,"turns":2},{"damage":49,"enemies":"3 Sentries","floor":12,"turns":10},{"damage":3,"enemies":"3 Louse","floor":14,"turns":3},{"damage":37,"enemies":"Hexaghost","floor":16,"turns":8},{"damage":38,"enemies":"3 Byrds","floor":18,"turns":6},{"damage":13,"enemies":"Chosen","floor":20,"turns":5},{"damage":35,"enemies":"Snake Plant","floor":22,"turns":4},{"damage":58,"enemies":"Gremlin Leader","floor":24,"turns":4}],"seed_played":"7202395589222198395","potions_obtained":[{"floor":4,"key":"EssenceOfSteel"},{"floor":10,"key":"Dexterity Potion"},{"floor":12,"key":"EssenceOfSteel"}],"is_trial":false,"path_per_floor":["M","?","?","M","?","R","E","R","T","M","?","E","?","M","R","B",null,"M","?","M","$","M","R","E"],"character_chosen":"IRONCLAD","items_purchased":["PanicButton","BloodPotion","Boot"],"campfire_rested":1,"item_purchase_floors":[21,21,21],"current_hp_per_floor":[74,51,51,57,57,57,63,63,63,68,68,25,50,53,53,22,62,30,30,23,23,9,46,0,0],"gold":49,"neow_bonus":"THREE_ENEMY_KILL","is_daily":false,"chose_seed":false,"campfire_upgraded":3,"win_rate":0.0,"timestamp":1611945763,"path_taken":["M","?","?","M","?","R","E","R","T","M","?","E","?","M","R","BOSS","M","?","M","$","M","R","E"],"items_purchased_type":["Card","Potion","Relic"],"build_version":"2020-12-22","purchased_purges":1,"victory":false,"max_hp_per_floor":[75,75,75,75,75,75,75,75,75,75,75,75,75,75,75,75,75,75,75,75,75,75,75,75,75],"card_choices":[{"not_picked":["True Grit","Body Slam"],"picked":"Perfected Strike","floor":1},{"not_picked":["Perfected Strike","Warcry"],"picked":"Pommel Strike","floor":4},{"not_picked":["Corruption","Infernal Blade"],"picked":"Dropkick","floor":7},{"not_picked":["Perfected Strike","Iron Wave","Dual Wield"],"picked":"SKIP","floor":10},{"not_picked":["Evolve","Flex"],"picked":"Inflame","floor":12},{"not_picked":["Whirlwind","Evolve"],"picked":"Spot Weakness","floor":14},{"not_picked":["Impervious","Berserk"],"picked":"Double Tap","floor":16},{"not_picked":["Iron Wave","Sword Boomerang+1"],"picked":"Clothesline","floor":18},{"not_picked":["Searing Blow","Clothesline"],"picked":"Power Through+1","floor":20},{"not_picked":["Pommel Strike","Headbutt"],"picked":"Armaments+1","floor":22}],"player_experience":2103843,"relics_obtained":[{"floor":7,"key":"Lantern"},{"floor":9,"key":"Ornamental Fan"},{"floor":12,"key":"Regal Pillow"}],"event_choices":[{"damage_healed":0,"gold_gain":0,"player_choice":"Entered Light","damage_taken":23,"max_hp_gain":0,"max_hp_loss":0,"event_name":"Shining Light","floor":2,"gold_loss":0,"cards_upgraded":["Perfected Strike","Strike_R"]},{"damage_healed":0,"gold_gain":0,"player_choice":"Grow","damage_taken":0,"max_hp_gain":0,"max_hp_loss":0,"event_name":"Living Wall","floor":3,"gold_loss":0,"cards_upgraded":["Bash"]},{"damage_healed":0,"gold_gain":68,"player_choice":"Gained Gold","damage_taken":0,"max_hp_gain":0,"max_hp_loss":0,"event_name":"Golden Wing","floor":5,"gold_loss":0},{"damage_healed":0,"gold_gain":0,"player_choice":"Take Wound","damage_taken":0,"relics_obtained":["Golden Idol"],"max_hp_gain":0,"max_hp_loss":0,"event_name":"Golden Idol","floor":11,"gold_loss":0,"cards_obtained":["Injury"]},{"damage_healed":25,"gold_gain":0,"player_choice":"Banana","damage_taken":0,"max_hp_gain":0,"max_hp_loss":0,"event_name":"Big Fish","floor":13,"gold_loss":0},{"damage_healed":0,"gold_gain":0,"player_choice":"Opened","damage_taken":0,"relics_obtained":["Akabeko"],"max_hp_gain":0,"max_hp_loss":0,"event_name":"The Mausoleum","floor":19,"gold_loss":0,"cards_obtained":["Writhe"]}],"is_beta":false,"boss_relics":[{"not_picked":["SacredBark","Coffee Dripper"],"picked":"Black Star"}],"items_purged_floors":[21],"is_endless":false,"potions_floor_spawned":[4,10,12],"killed_by":"Gremlin Leader","ascension_level":20}}