{"host":"ojezjkpqju62j8xy","time":1611921190,"event":{"mods":["ATMod(°¢èªMod)","Act Like it!","Aspiration","BaseMod","Conspire","Gensokyo","Minty Spire (QoL Compilation)","Pale of the Ancients","Reliquary","Replay The Spire","Spicy Shops","StSLib","¡¾ÒÅÎï¿¨ÅÆ¡¿REMEMod","²ÐÁôÖ®Îï"],"gold_per_floor":[110,80,80,10,20,48,48,77,102,116,148,163,193,209,209,283,283,297,313,313,327,492,544,255,407,407,450,450,575,575,575,575,1274,1274,1359,1398,989,1025,1116,1175,1175,1228,1228,1330,437,472,532,454,466,603,677,781,845,18,18,160,160,237,237,362],"floor_reached":61,"language":"ZHS","playtime":3437,"items_purged":["Writhe"],"score":2581,"play_id":"06532ed2-dc68-4377-8f05-a7b95edc9060","local_time":"20210129195310","is_ascension_mode":true,"campfire_choices":[{"floor":7.0,"key":"RECALL"},{"floor":15.0,"key":"DIG"},{"floor":28,"key":"REST"},{"data":"Self Repair","floor":30,"key":"SMITH"},{"data":"Gensokyo:UnhurriedMind","floor":32,"key":"SMITH"},{"data":"Storm","floor":41,"key":"SMITH"},{"data":"Doom and Gloom","floor":49,"key":"SMITH"},{"data":"Meteor Strike","floor":55,"key":"SMITH"},{"data":"Double Energy","floor":57,"key":"SMITH"}],"circlet_count":0,"master_deck":["AscendersBane","Strike_B","Strike_B","Defend_B","Defend_B","Zap","Dualcast","AT_FamilyPortrait","Gensokyo:UnhurriedMind+1","Conserve Battery","Ball Lightning","Loop","Doom and Gloom+1","Self Repair+1","Defragment","Cold Snap","Storm+1","Leap","REME_ForAll","Cold Snap","Panic Button","Draining Mist","Finisher","Die Die Die","Static Discharge+1","Go for the Eyes","Meteor Strike","ReplayRNGCard","Recycle+1","ReplayTheSpireMod:Dual Polarity","Electrodynamics","Go for the Eyes+1","Storm","Defragment","Rainbow","Heatsinks+1","Meteor Strike+1","Darkness","REME_DataAnalysis+1","Defragment","Double Energy+1","Streamline","Beam Cell","REME_Whirling+1","Gensokyo:CustomPotion","REME_Whirling+1","White Noise","Meteor Strike","Biased Cognition","REME_BattleFury","AT_HeatAcrobatics","Panic Button"],"relics":["Cracked Core","AT_ATBox","REME_ComplimentaryCards","conspire:GlowingRock","Ring of Shattering","Ring of Peace","Bag of Preparation","Orichalcum","conspire:Flyswatter","AT_SeraphEmbrace","Replay:Baseball","Mirror","REME_HandOfSuture","Black Star","AT_MibuBalloonWealth","Oddly Smooth Stone","reliquary:ExpiredCoupon","Replay:Frozen Program","Toy Ornithopter","Centennial Puzzle","Lantern","reliquary:RedCape","Lee\u0027s Waffle","Dream Catcher","reliquary:SilkGlove","Replay:Kaleidoscope","Singing Bowl","aspiration:HummingbirdHeart","reliquary:PorcupineQuills","InkBottle","Lantern","Bird Faced Urn","ClockworkSouvenir","reliquary:ShortFuse","MawBank","paleoftheancients:Timepiece","paleoftheancients:KeyRelic","CultistMask","paleoftheancients:SoulOfTheShowman","ReplayTheSpireMod:Ninjato","Membership Card","AT_ForceNature","Ginger","Replay:Bottled Snecko","Bottled Flame"],"acts_visited":["Gensokyo:Gensokyo","Gensokyo:Gensokyoer","Gensokyo:Gensokyoest","paleoftheancients:PaleOfTheAncients"],"potions_floor_usage":[25,29,35,40,47,52,60,60],"damage_taken":[{"damage":8.0,"enemies":"Gensokyo:2_Kodama","floor":1.0,"turns":3.0},{"damage":0.0,"enemies":"Gensokyo:3_Fairies","floor":5.0,"turns":4.0},{"damage":0.0,"enemies":"Gensokyo:Mamizou","floor":6.0,"turns":5.0},{"damage":0.0,"enemies":"Gensokyo:Aya","floor":8.0,"turns":4.0},{"damage":0.0,"enemies":"Gensokyo:Gryphon","floor":10.0,"turns":3.0},{"damage":32.0,"enemies":"Gensokyo:Cirno","floor":11.0,"turns":5.0},{"damage":0.0,"enemies":"Gensokyo:3_Kodama","floor":12.0,"turns":1.0},{"damage":0.0,"enemies":"Gensokyo:Mamizou","floor":13.0,"turns":6.0},{"damage":0.0,"enemies":"Gensokyo:VengefulSpirit","floor":14.0,"turns":5.0},{"damage":0.0,"enemies":"Gensokyo:Kokoro","floor":16.0,"turns":9.0},{"damage":0.0,"enemies":"Gensokyo:2_Gloops","floor":18.0,"turns":4.0},{"damage":0.0,"enemies":"Gensokyo:AngelMirror","floor":19.0,"turns":3.0},{"damage":7.0,"enemies":"Gensokyo:Wraith","floor":21.0,"turns":5.0},{"damage":6.0,"enemies":"Gensokyo:Slime_Group","floor":22.0,"turns":5.0},{"damage":39.0,"enemies":"Gensokyo:Koishi","floor":23.0,"turns":6.0},{"damage":27,"enemies":"Gensokyo:Reisen","floor":25,"turns":9},{"damage":0,"enemies":"Gensokyo:Swordslinger","floor":27,"turns":7},{"damage":11,"enemies":"Gensokyo:3_Gloops","floor":29,"turns":3},{"damage":50,"enemies":"Gensokyo:Kaguya","floor":33,"turns":9},{"damage":5,"enemies":"Gensokyo:3_Boulders","floor":35,"turns":3},{"damage":0,"enemies":"Gensokyo:AncientGuardian","floor":36,"turns":4},{"damage":7,"enemies":"Gensokyo:Sharpion","floor":38,"turns":3},{"damage":0,"enemies":"Gensokyo:3_Boulders","floor":39,"turns":3},{"damage":9,"enemies":"Gensokyo:Doremy","floor":40,"turns":4},{"damage":0,"enemies":"Gensokyo:Marisa","floor":42,"turns":3},{"damage":6,"enemies":"Gensokyo:Kasen","floor":44,"turns":3},{"damage":0,"enemies":"Gensokyo:SeedOfUnknown","floor":46,"turns":1},{"damage":0,"enemies":"Gensokyo:Doremy","floor":47,"turns":3},{"damage":0,"enemies":"Gensokyo:Yuyuko","floor":50,"turns":3},{"damage":31,"enemies":"Gensokyo:Yuyuko","floor":51,"turns":4},{"damage":7,"enemies":"Gensokyo:Yuyuko","floor":52,"turns":5},{"damage":0,"enemies":"Gensokyo:Yuyuko","floor":56,"turns":4},{"damage":116,"enemies":"paleoftheancients:N","floor":60,"turns":4}],"seed_played":"3935155315520551405","potions_obtained":[{"floor":5.0,"key":"Strength Potion"},{"floor":6.0,"key":"DistilledChaos"},{"floor":10.0,"key":"LifebloodPotion"},{"floor":18.0,"key":"DistilledChaos"},{"floor":23.0,"key":"SkillPotion"},{"floor":27,"key":"REME_GoldPotion"},{"floor":29,"key":"Explosive Potion"},{"floor":35,"key":"Milkshake"},{"floor":40,"key":"SpeedPotion"},{"floor":42,"key":"DuplicationPotion"},{"floor":52,"key":"Reflective Coating"}],"is_trial":false,"path_per_floor":["M","?","?","?","M","E","R","E","T","M","E","M","E","M","R","B",null,"M","M","?","M","M","E","COS","E","T","M","R","M","R","?","R","B",null,"M","M","$","M","M","E","R","E","T","E","$","M","E","?","R","B","M","M","?","$","R","M","R","T","?","B",null],"character_chosen":"DEFECT","items_purchased":["SkillPotion","Defragment","Lee\u0027s Waffle","reliquary:SculptingSteel","Bird Faced Urn","ClockworkSouvenir","Defragment","Double Energy","Streamline","Membership Card","AT_ForceNature","Ginger","Biased Cognition","REME_BattleFury","AT_HeatAcrobatics","Replay:Bottled Snecko","BlessingOfTheForge"],"campfire_rested":1,"item_purchase_floors":[37,37,37,45,45,45,45,45,45,54,54,54,54,54,54,54,54],"current_hp_per_floor":[60,75,75,75,75,75,75,75,75,75,50,50,57,64,64,71,74,75,75,75,75,75,43,43,32,32,39,61,62,62,70,70,30,64,74,75,82,82,82,82,82,82,82,82,82,82,82,82,82,82,77,82,82,82,82,82,82,82,82,82],"gold":362,"neow_bonus":"ONE_RARE_RELIC","is_daily":false,"chose_seed":false,"campfire_upgraded":6,"win_rate":0.0,"timestamp":1611921190,"path_taken":["M","?","?","?","M","E","R","E","T","M","E","M","E","?","R","BOSS","M","M","?","M","?","E","COS","E","T","M","R","M","R","?","R","BOSS","M","M","$","M","M","E","R","E","T","E","$","M","E","?","R","BOSS","M","M","?","$","R","M","R","T","?","BOSS"],"items_purchased_type":["Potion","Card","Relic","Relic","Relic","Relic","Card","Card","Card","Relic","Relic","Relic","Card","Card","Card","Relic","Potion"],"build_version":"2020-12-22","purchased_purges":1,"victory":true,"max_hp_per_floor":[75,75,75,75,75,75,75,75,75,75,75,75,75,75,75,75,75,75,75,75,75,75,75,75,75,75,75,75,75,75,75,75,75,75,75,75,82,82,82,82,82,82,82,82,82,82,82,82,82,82,82,82,82,82,82,82,82,82,82,82],"card_choices":[{"not_picked":["Cold Snap","Leap"],"picked":"Conserve Battery","floor":1.0},{"not_picked":["Streamline","Coolheaded"],"picked":"Ball Lightning","floor":5.0},{"not_picked":["REME_Compress","Heatsinks"],"picked":"Loop","floor":6.0},{"not_picked":["Core Surge","Rip and Tear"],"picked":"Doom and Gloom","floor":8.0},{"not_picked":["Streamline","REME_Compress"],"picked":"Self Repair","floor":10.0},{"not_picked":["Machine Learning","Ball Lightning"],"picked":"Defragment","floor":11.0},{"not_picked":["Stack","Sweeping Beam"],"picked":"Cold Snap","floor":12.0},{"not_picked":["Compile Driver","ReplayTheSpireMod:Reroute Power"],"picked":"Storm","floor":13.0},{"not_picked":["Compile Driver","Barrage"],"picked":"Leap","floor":14.0},{"not_picked":["REME_Shoggoth","Reboot"],"picked":"REME_ForAll","floor":16.0},{"not_picked":["conspire:SharedLibrary","Reinforced Body"],"picked":"Cold Snap","floor":18.0},{"not_picked":["AT_WarpDrive","AT_HeatAcrobatics"],"picked":"Panic Button","floor":19.0},{"not_picked":["Go for the Eyes","Compile Driver"],"picked":"Static Discharge+1","floor":21.0},{"not_picked":["BasicCrystalCard","Panic Button"],"picked":"Go for the Eyes","floor":22.0},{"not_picked":["Redo","Gash"],"picked":"Meteor Strike","floor":23.0},{"not_picked":["ReplayTheSpireMod:Repulse","Aggregate"],"picked":"ReplayRNGCard","floor":25},{"not_picked":["AT_HeatAcrobatics","ReplayTheSpireMod:Repulse"],"picked":"Recycle+1","floor":27},{"not_picked":["Consume","Force Field"],"picked":"ReplayTheSpireMod:Dual Polarity","floor":29},{"not_picked":["REME_Shoggoth","Hyperbeam"],"picked":"Electrodynamics","floor":33},{"not_picked":["Streamline","BasicCrystalCard+1"],"picked":"Go for the Eyes+1","floor":35},{"not_picked":["BasicCrystalCard","Cold Snap"],"picked":"Storm","floor":36},{"not_picked":["AT_HeatAcrobatics+1","Stack"],"picked":"Rainbow","floor":38},{"not_picked":["Compile Driver","Self Repair"],"picked":"Heatsinks+1","floor":39},{"not_picked":["BasicCrystalCard+1","Ball Lightning"],"picked":"Meteor Strike","floor":40},{"not_picked":["Barrage","Recycle"],"picked":"Darkness","floor":42},{"not_picked":["REME_Compress","Go for the Eyes+1"],"picked":"REME_DataAnalysis+1","floor":44},{"not_picked":["Auto Shields","BasicCrystalCard"],"picked":"Beam Cell","floor":46},{"not_picked":["Panic Button","Hello World"],"picked":"REME_Whirling+1","floor":47},{"not_picked":["Steam+1","Ball Lightning"],"picked":"REME_Whirling+1","floor":51},{"not_picked":["Barrage","Redo"],"picked":"White Noise","floor":52},{"not_picked":["Coolheaded","AT_DarkMatter+1"],"picked":"Meteor Strike","floor":53},{"not_picked":["Crystallizer","Rebound"],"picked":"Panic Button","floor":56}],"player_experience":1494843,"relics_obtained":[{"floor":3.0,"key":"Ring of Shattering"},{"floor":3.0,"key":"Ring of Peace"},{"floor":6.0,"key":"Orichalcum"},{"floor":8.0,"key":"conspire:Flyswatter"},{"floor":9.0,"key":"AT_ArchangelStaff"},{"floor":11.0,"key":"Replay:Baseball"},{"floor":13.0,"key":"Mirror"},{"floor":15.0,"key":"REME_HandOfSuture"},{"floor":23.0,"key":"Oddly Smooth Stone"},{"floor":23.0,"key":"reliquary:ExpiredCoupon"},{"floor":25,"key":"Toy Ornithopter"},{"floor":25,"key":"Centennial Puzzle"},{"floor":40,"key":"Dream Catcher"},{"floor":40,"key":"reliquary:SilkGlove"},{"floor":42,"key":"Replay:Kaleidoscope"},{"floor":42,"key":"Singing Bowl"},{"floor":43,"key":"aspiration:HummingbirdHeart"},{"floor":44,"key":"reliquary:PorcupineQuills"},{"floor":44,"key":"InkBottle"},{"floor":47,"key":"reliquary:ShortFuse"},{"floor":47,"key":"MawBank"},{"floor":52,"key":"paleoftheancients:SoulOfTheShowman"},{"floor":53,"key":"ReplayTheSpireMod:Ninjato"},{"floor":58,"key":"Bottled Flame"}],"event_choices":[],"is_beta":false,"boss_relics":[{"not_picked":["aspiration:RunicSpoon","aspiration:RitualDagger"],"picked":"Black Star"},{"not_picked":["Replay:Drink Me","FrozenCore"],"picked":"reliquary:RedCape"}],"items_purged_floors":[54],"is_endless":false,"potions_floor_spawned":[5,6,10,11,16,18,23,27,29,35,40,42,44,51,52,56],"ascension_level":13}}