{"host":"zsnmfqgcm92hlreo","time":1611889514,"event":{"mods":["AchievementEnabler","BaseMod","Bestiary","Block Reminder","Colored Powertips","Minty Spire (QoL Compilation)","Permanent Neow","Quick Restart","Relic Stats","Weighted Paths"],"gold_per_floor":[111,126,144,154,172,202,202,212,289,323,323,342,370,386,386,465,465,465,481,494,156,171,203,217,247,326,326,82,7,7,24,24,100,100,113,113,126,142,152,152,187,187,187,187,187,212,212,25,25,25,25],"floor_reached":52,"language":"ENG","playtime":3247,"items_purged":["Strike_P"],"score":2002,"play_id":"74eba02b-be89-47a3-a5e3-24d6d9cae643","local_time":"20210128210514","is_ascension_mode":true,"campfire_choices":[{"floor":7.0,"key":"REST"},{"floor":11.0,"key":"REST"},{"data":"Vigilance","floor":15.0,"key":"SMITH"},{"floor":27.0,"key":"REST"},{"floor":32.0,"key":"REST"},{"floor":40.0,"key":"REST"},{"data":"LikeWater","floor":42.0,"key":"SMITH"},{"data":"Eruption","floor":44.0,"key":"SMITH"},{"data":"Apotheosis","floor":49,"key":"SMITH"}],"circlet_count":0,"master_deck":["AscendersBane","Defend_P","Defend_P","Defend_P","Defend_P","Eruption+1","Vigilance+1","SignatureMove","WaveOfTheHand","DeusExMachina","Consecrate","FlurryOfBlows","FearNoEvil","FlurryOfBlows","WheelKick","Wallop","Weave","Scrawl","CutThroughFate","Wireheading","JustLucky","LikeWater","LikeWater+1","SashWhip+1","CrushJoints+1","DeceiveReality","JustLucky","SpiritShield","Vault","Wallop","Writhe","Apotheosis+1"],"relics":["Philosopher\u0027s Stone","Ornamental Fan","Singing Bowl","Centennial Puzzle","Dead Branch","Cursed Key","Omamori","Bronze Scales","Happy Flower","Sundial","Orrery","Runic Pyramid","WarpedTongs","TungstenRod","Shuriken","Bottled Flame"],"acts_visited":["Exordium","TheCity","TheBeyond"],"potions_floor_usage":[50],"damage_taken":[{"damage":0.0,"enemies":"2 Louse","floor":1.0,"turns":1.0},{"damage":0.0,"enemies":"Jaw Worm","floor":2.0,"turns":2.0},{"damage":9.0,"enemies":"Small Slimes","floor":3.0,"turns":4.0},{"damage":20.0,"enemies":"3 Louse","floor":4.0,"turns":3.0},{"damage":2.0,"enemies":"Lots of Slimes","floor":5.0,"turns":2.0},{"damage":4.0,"enemies":"Gremlin Nob","floor":6.0,"turns":3.0},{"damage":13.0,"enemies":"Gremlin Gang","floor":8.0,"turns":3.0},{"damage":3.0,"enemies":"Lagavulin","floor":10.0,"turns":4.0},{"damage":0.0,"enemies":"Large Slime","floor":12.0,"turns":4.0},{"damage":0.0,"enemies":"Gremlin Nob","floor":13.0,"turns":2.0},{"damage":2.0,"enemies":"Blue Slaver","floor":14.0,"turns":2.0},{"damage":25.0,"enemies":"The Guardian","floor":16.0,"turns":13.0},{"damage":0.0,"enemies":"Shell Parasite","floor":18.0,"turns":1.0},{"damage":0.0,"enemies":"Spheric Guardian","floor":19.0,"turns":3.0},{"damage":16.0,"enemies":"Centurion and Healer","floor":20.0,"turns":6.0},{"damage":2.0,"enemies":"Snake Plant","floor":22.0,"turns":4.0},{"damage":24.0,"enemies":"Slavers","floor":23.0,"turns":4.0},{"damage":7.0,"enemies":"Cultist and Chosen","floor":24.0,"turns":5.0},{"damage":21.0,"enemies":"Book of Stabbing","floor":25.0,"turns":3.0},{"damage":3.0,"enemies":"3 Cultists","floor":31.0,"turns":4.0},{"damage":24.0,"enemies":"Collector","floor":33.0,"turns":11.0},{"damage":3.0,"enemies":"Orb Walker","floor":35.0,"turns":4.0},{"damage":11.0,"enemies":"3 Shapes","floor":37.0,"turns":6.0},{"damage":11.0,"enemies":"Writhing Mass","floor":38.0,"turns":6.0},{"damage":0.0,"enemies":"Transient","floor":39.0,"turns":7.0},{"damage":0.0,"enemies":"Nemesis","floor":41.0,"turns":6.0},{"damage":14.0,"enemies":"Giant Head","floor":46.0,"turns":6.0},{"damage":14,"enemies":"Awakened One","floor":50,"turns":10},{"damage":39,"enemies":"Time Eater","floor":51,"turns":10}],"seed_played":"7898251570593396305","potions_obtained":[{"floor":2.0,"key":"FearPotion"},{"floor":4.0,"key":"Explosive Potion"},{"floor":6.0,"key":"GamblersBrew"},{"floor":8.0,"key":"SmokeBomb"},{"floor":13.0,"key":"FairyPotion"},{"floor":19.0,"key":"BottledMiracle"},{"floor":25.0,"key":"Energy Potion"},{"floor":31.0,"key":"Energy Potion"},{"floor":35.0,"key":"ColorlessPotion"},{"floor":46.0,"key":"SmokeBomb"}],"is_trial":false,"path_per_floor":["M","M","M","M","M","E","R","M","T","E","R","M","E","M","R","B",null,"M","M","M","$","M","E","M","E","T","R","$","?","?","M","R","B",null,"M","?","M","M","M","R","E","R","T","R","?","E","?","$","R","B","B",null],"character_chosen":"WATCHER","items_purchased":["Omamori","CutThroughFate","Wireheading","Orrery","DeceiveReality","Apotheosis"],"campfire_rested":5,"item_purchase_floors":[21,21,21,28,28,48],"current_hp_per_floor":[61,61,52,32,30,26,46,33,33,30,50,50,50,48,48,23,57,57,59,45,45,43,19,14,22,22,44,50,50,50,49,73,49,74,71,71,62,53,55,81,83,83,83,83,83,71,71,71,71,57,18],"gold":25,"neow_bonus":"BOSS_RELIC","is_daily":false,"chose_seed":false,"campfire_upgraded":4,"win_rate":0.0,"timestamp":1611889514,"path_taken":["M","M","M","M","M","E","R","M","T","E","R","M","E","M","R","BOSS","M","M","M","$","M","E","M","E","T","R","$","?","?","M","R","BOSS","M","?","M","?","M","R","E","R","T","R","?","E","?","$","R","BOSS","BOSS"],"items_purchased_type":["Relic","Card","Card","Relic","Card","Card"],"build_version":"2020-12-22","purchased_purges":1,"victory":true,"max_hp_per_floor":[68,68,68,68,68,68,68,68,68,68,68,68,68,68,68,68,68,68,70,72,72,72,72,74,74,74,74,80,80,80,82,82,82,82,82,82,84,86,88,88,90,90,90,90,85,87,87,87,87,87,87],"relic_stats":{"Singing Bowl":24,"Happy Flower":[23],"counters":[29,139],"Dead Branch":[111],"Cursed Key":2,"WarpedTongs":[50],"Centennial Puzzle":[43],"Ornamental Fan":[412],"Sundial":[6],"Shuriken":[22],"Bronze Scales":[178],"obtain_stats":[{"Singing Bowl":9,"Happy Flower":25,"Dead Branch":13,"Omamori":21,"Cursed Key":17,"WarpedTongs":36,"Centennial Puzzle":10,"Bottled Flame":46,"Ornamental Fan":6,"Sundial":26,"Shuriken":43,"Bronze Scales":23,"Orrery":28,"Philosopher\u0027s Stone":0,"PureWater":0,"TungstenRod":41,"Runic Pyramid":34},{"Singing Bowl":7,"Happy Flower":19,"Dead Branch":10,"Omamori":15,"Cursed Key":12,"WarpedTongs":22,"Centennial Puzzle":8,"Bottled Flame":27,"Ornamental Fan":6,"Sundial":19,"Shuriken":26,"Bronze Scales":17,"Orrery":19,"Philosopher\u0027s Stone":0,"PureWater":0,"TungstenRod":26,"Runic Pyramid":21},{"Singing Bowl":18,"Happy Flower":69,"Dead Branch":28,"Omamori":53,"Cursed Key":43,"WarpedTongs":88,"Centennial Puzzle":22,"Bottled Flame":119,"Ornamental Fan":15,"Sundial":69,"Shuriken":113,"Bronze Scales":61,"Orrery":69,"Philosopher\u0027s Stone":0,"PureWater":0,"TungstenRod":113,"Runic Pyramid":84}],"TungstenRod":7},"card_choices":[{"not_picked":["JustLucky","CutThroughFate"],"picked":"SignatureMove","floor":1.0},{"not_picked":["FollowUp","Worship"],"picked":"WaveOfTheHand","floor":2.0},{"not_picked":["SashWhip","CarveReality"],"picked":"DeusExMachina","floor":3.0},{"not_picked":["Crescendo","EmptyFist"],"picked":"Consecrate","floor":4.0},{"not_picked":["FollowUp","JustLucky","PathToVictory"],"picked":"SKIP","floor":5.0},{"not_picked":["EmptyFist","Prostrate"],"picked":"FlurryOfBlows","floor":6.0},{"not_picked":["Collect","PathToVictory"],"picked":"FearNoEvil","floor":8.0},{"not_picked":["Blasphemy","ThirdEye"],"picked":"FlurryOfBlows","floor":10.0},{"not_picked":["EmptyBody","FlurryOfBlows"],"picked":"WheelKick","floor":12.0},{"not_picked":["Crescendo","Indignation"],"picked":"Wallop","floor":13.0},{"not_picked":["CrushJoints","MasterReality"],"picked":"Weave","floor":14.0},{"not_picked":["MasterReality","DeusExMachina"],"picked":"Scrawl","floor":16.0},{"not_picked":["Adaptation","FollowUp","Protect"],"picked":"Singing Bowl","floor":19.0},{"not_picked":["ClearTheMind","Adaptation","Consecrate"],"picked":"Singing Bowl","floor":20.0},{"not_picked":["Collect","FearNoEvil"],"picked":"JustLucky","floor":22.0},{"not_picked":["Tantrum","Crescendo"],"picked":"LikeWater","floor":23.0},{"not_picked":["FearNoEvil+1","FlyingSleeves","CrushJoints"],"picked":"Singing Bowl","floor":24.0},{"not_picked":["DeceiveReality","SpiritShield"],"picked":"LikeWater","floor":25.0},{"not_picked":["Protect","ThirdEye"],"picked":"SashWhip+1","floor":28.0},{"not_picked":["Indignation","Ragnarok"],"picked":"CrushJoints+1","floor":28.0},{"not_picked":["Meditate","PathToVictory","WindmillStrike"],"picked":"Singing Bowl","floor":28.0},{"not_picked":["FlyingSleeves","Halt","JustLucky"],"picked":"Singing Bowl","floor":28.0},{"not_picked":["Consecrate","WindmillStrike","Nirvana"],"picked":"Singing Bowl","floor":28.0},{"not_picked":["Collect","Prostrate","WreathOfFlame"],"picked":"Singing Bowl","floor":31.0},{"not_picked":["Wish","DeusExMachina"],"picked":"Vault","floor":33.0},{"not_picked":["FlurryOfBlows","Sanctity"],"picked":"Wallop","floor":35.0},{"not_picked":["FearNoEvil","MentalFortress","JustLucky"],"picked":"Singing Bowl","floor":37.0},{"not_picked":["ClearTheMind","Prostrate","Evaluate"],"picked":"Singing Bowl","floor":38.0},{"not_picked":["Prostrate","Evaluate","EmptyFist"],"picked":"Singing Bowl","floor":39.0},{"not_picked":["ClearTheMind+1","ThirdEye","EmptyBody"],"picked":"Singing Bowl","floor":41.0},{"not_picked":["JustLucky","SashWhip","FlyingSleeves+1"],"picked":"Singing Bowl","floor":46.0}],"player_experience":919241,"relics_obtained":[{"floor":6.0,"key":"Ornamental Fan"},{"floor":9.0,"key":"Singing Bowl"},{"floor":10.0,"key":"Centennial Puzzle"},{"floor":13.0,"key":"Dead Branch"},{"floor":23.0,"key":"Bronze Scales"},{"floor":25.0,"key":"Happy Flower"},{"floor":26.0,"key":"Sundial"},{"floor":41.0,"key":"TungstenRod"},{"floor":43.0,"key":"Shuriken"},{"floor":46.0,"key":"Bottled Flame"}],"event_choices":[{"cards_removed":["Strike_P"],"damage_healed":0.0,"max_hp_gain":0.0,"max_hp_loss":0.0,"gold_gain":0.0,"event_name":"Beggar","player_choice":"Gave Gold","floor":29.0,"gold_loss":75.0,"damage_taken":0.0},{"damage_healed":0.0,"max_hp_gain":0.0,"max_hp_loss":0.0,"gold_gain":0.0,"cards_transformed":["Strike_P","Strike_P"],"event_name":"Drug Dealer","player_choice":"Became Test Subject","floor":30.0,"gold_loss":0.0,"damage_taken":0.0,"cards_obtained":["JustLucky","SpiritShield"]},{"damage_healed":0.0,"max_hp_gain":0.0,"max_hp_loss":0.0,"gold_gain":0.0,"event_name":"Accursed Blacksmith","player_choice":"Rummage","floor":36.0,"gold_loss":0.0,"damage_taken":0.0,"relics_obtained":["WarpedTongs"],"cards_obtained":["Pain"]},{"damage_healed":0.0,"max_hp_gain":0.0,"max_hp_loss":5.0,"gold_gain":0.0,"event_name":"Winding Halls","player_choice":"Max HP","floor":45.0,"gold_loss":0.0,"damage_taken":0.0},{"damage_healed":0.0,"max_hp_gain":0.0,"max_hp_loss":0.0,"gold_gain":0.0,"event_name":"SecretPortal","player_choice":"Ignored","floor":47.0,"gold_loss":0.0,"damage_taken":0.0}],"is_beta":false,"boss_relics":[{"not_picked":["SacredBark","Snecko Eye"],"picked":"Cursed Key"},{"not_picked":["Pandora\u0027s Box","Runic Dome"],"picked":"Runic Pyramid"}],"items_purged_floors":[21],"is_endless":false,"potions_floor_spawned":[2,4,6,8,13,14,16,18,19,25,31,35,38,46],"ascension_level":20}}