{"host":"nwd160me4iqdtr8u","time":1611921125,"event":{"mods":["AchievementEnabler","Act Like it!","BaseMod","Colored Map","DeckTracker","Minty Spire (QoL Compilation)","Quick Restart","Rare Cards Sparkle","StSLib","SuperFastMode","everything is the same but u backflip on backflip"],"gold_per_floor":[215,215,215,238,261,261,288,332,332,302,302,326,27,48,48,131,131,155,199,199,124,118,118,147,147,147],"floor_reached":25,"language":"KOR","playtime":1046,"items_purged":["Strike_G"],"score":355,"play_id":"7b5cc5db-c327-4a5e-9fdc-36c1bb20e278","local_time":"20210129205205","is_ascension_mode":true,"campfire_choices":[{"data":"Flechettes","floor":6.0,"key":"SMITH"},{"floor":11,"key":"REST"},{"data":"Calculated Gamble","floor":15,"key":"SMITH"},{"floor":23,"key":"REST"}],"circlet_count":0,"master_deck":["AscendersBane","Strike_G","Strike_G","Strike_G","Strike_G","Defend_G","Defend_G","Defend_G","Defend_G","Defend_G","Survivor","Neutralize","Flechettes+1","Crippling Poison","Dagger Throw","Tactician","Calculated Gamble+1","Heel Hook","Footwork","Panacea","Backflip","Burst","Blur","Escape Plan+1","Terror+1","Reflex"],"relics":["Ring of the Snake","CeramicFish","Shovel","Letter Opener","Art of War","Cursed Key","Red Mask"],"acts_visited":["Exordium","TheCity"],"potions_floor_usage":[8,16,16,19,22,25],"damage_taken":[{"damage":2.0,"enemies":"Small Slimes","floor":1.0,"turns":5.0},{"damage":0.0,"enemies":"2 Louse","floor":4.0,"turns":4.0},{"damage":1.0,"enemies":"Cultist","floor":5.0,"turns":5.0},{"damage":3.0,"enemies":"Exordium Thugs","floor":7.0,"turns":5.0},{"damage":27,"enemies":"Gremlin Nob","floor":8,"turns":5},{"damage":6,"enemies":"Looter","floor":12,"turns":3},{"damage":5,"enemies":"Blue Slaver","floor":14,"turns":4},{"damage":18,"enemies":"Hexaghost","floor":16,"turns":12},{"damage":7,"enemies":"Shell Parasite","floor":18,"turns":6},{"damage":5,"enemies":"Masked Bandits","floor":19,"turns":5},{"damage":6,"enemies":"2 Thieves","floor":22,"turns":4},{"damage":8,"enemies":"Snecko","floor":24,"turns":8},{"damage":34,"enemies":"Book of Stabbing","floor":25,"turns":5}],"seed_played":"-6397902185613294116","potions_obtained":[{"floor":1.0,"key":"DistilledChaos"},{"floor":10,"key":"SteroidPotion"},{"floor":10,"key":"LiquidBronze"},{"floor":16,"key":"SneckoOil"},{"floor":19,"key":"Poison Potion"},{"floor":24,"key":"Fire Potion"}],"is_trial":false,"path_per_floor":["M","?","?","M","M","R","M","E","T","?","R","M","$","M","R","B",null,"M","?","?","$","M","R","M","E"],"character_chosen":"THE_SILENT","items_purchased":["Footwork","Panacea","Art of War"],"campfire_rested":2,"item_purchase_floors":[13,13,13],"current_hp_per_floor":[57,62,44,44,43,43,40,13,13,13,34,28,28,23,23,5,55,48,43,23,23,17,39,31,0,0],"gold":147,"neow_bonus":"HUNDRED_GOLD","is_daily":false,"chose_seed":false,"campfire_upgraded":2,"win_rate":0.0,"timestamp":1611921125,"path_taken":["M","?","?","M","M","R","M","E","T","?","R","?","$","M","R","BOSS","M","?","?","$","M","R","M","E"],"items_purchased_type":["Card","Card","Relic"],"build_version":"2020-12-22","purchased_purges":1,"victory":false,"max_hp_per_floor":[66,71,71,71,71,71,71,71,71,71,71,71,71,71,71,71,71,71,71,76,76,76,76,76,76,76],"card_choices":[{"not_picked":["Distraction","Concentrate"],"picked":"Flechettes","floor":1.0},{"not_picked":["Outmaneuver","Concentrate"],"picked":"Crippling Poison","floor":4.0},{"not_picked":["Finisher","Sucker Punch"],"picked":"Dagger Throw","floor":5.0},{"not_picked":["PiercingWail","Catalyst"],"picked":"Tactician","floor":7.0},{"not_picked":["Flying Knee","Skewer"],"picked":"Calculated Gamble","floor":8},{"not_picked":["Flying Knee","All Out Attack"],"picked":"Heel Hook","floor":12},{"not_picked":["Blade Dance","Outmaneuver"],"picked":"Backflip","floor":14},{"not_picked":["Unload","Envenom"],"picked":"Burst","floor":16},{"not_picked":["Concentrate","Endless Agony"],"picked":"Blur","floor":18},{"not_picked":["Acrobatics","Dodge and Roll"],"picked":"Escape Plan+1","floor":19},{"not_picked":["All Out Attack","Flying Knee"],"picked":"Terror+1","floor":22},{"not_picked":["Slice","Unload"],"picked":"Reflex","floor":24}],"player_experience":313594,"relics_obtained":[{"floor":8,"key":"Shovel"},{"floor":9,"key":"Letter Opener"},{"floor":19,"key":"Red Mask"}],"event_choices":[{"damage_healed":0.0,"max_hp_gain":5.0,"max_hp_loss":0.0,"gold_gain":0.0,"event_name":"Big Fish","player_choice":"Donut","floor":2.0,"gold_loss":0.0,"damage_taken":0.0},{"damage_healed":0.0,"max_hp_gain":0.0,"max_hp_loss":0.0,"gold_gain":0.0,"event_name":"Scrap Ooze","player_choice":"Success","floor":3.0,"gold_loss":0.0,"damage_taken":18.0,"relics_obtained":["CeramicFish"]},{"damage_healed":0,"gold_gain":0,"player_choice":"Bought 2 Potions","damage_taken":0,"max_hp_gain":0,"max_hp_loss":0,"event_name":"The Woman in Blue","floor":10,"gold_loss":0},{"damage_healed":0,"gold_gain":0,"player_choice":"Fought Bandits","damage_taken":0,"max_hp_gain":0,"max_hp_loss":0,"event_name":"Masked Bandits","floor":19,"gold_loss":0},{"damage_healed":0,"gold_gain":0,"player_choice":"Shed Blood","damage_taken":25,"max_hp_gain":5,"max_hp_loss":0,"event_name":"Forgotten Altar","floor":20,"gold_loss":0}],"is_beta":false,"boss_relics":[{"not_picked":["Ring of the Serpent","Black Star"],"picked":"Cursed Key"}],"items_purged_floors":[21],"is_endless":false,"potions_floor_spawned":[1,12,16,19,24],"killed_by":"Book of Stabbing","ascension_level":15}}