{"host":"kydqlojjt9mno5rv","time":1611879238,"event":{"mods":["AchievementEnabler","BaseMod","Colored Powertips","Curses Come First","DeckTracker","Minty Spire (QoL Compilation)","Quick Restart","Replay The Spire","Shop Mod","Spicy Shops","StSLib","SuperFastMode","Synergy Search","Weighted Paths"],"gold_per_floor":[111,111,36,36,56,84,84,113,136,136,165,165,17,17,17,129,129,155,1,100,126,184,211,211,250,275,293,299,299],"floor_reached":28,"language":"ENG","playtime":992,"items_purged":["Strike_G"],"score":308,"play_id":"a0bf870b-5893-45aa-9012-3841c381f5b6","local_time":"20210128191358","is_ascension_mode":true,"campfire_choices":[{"data":"Crippling Poison","floor":7,"key":"SMITH"},{"floor":12,"key":"REST"},{"floor":15,"key":"REST"},{"floor":24,"key":"REST"}],"circlet_count":0,"master_deck":["Survivor","Neutralize","Poisoned Stab","Crippling Poison+1","Outmaneuver+1","Prepared+1","Noxious Fumes","ReplayTheSpireMod:Necrosis","Caltrops","Underhanded Strike","Tools of the Trade","Leg Sweep","Masterful Stab+1","Finisher","Die Die Die+1","Escape Plan","ReplayTheSpireMod:Speed Training","Deadly Poison","Catalyst","Calculated Gamble+1","Sneak Up+1","Bane","Noxious Fumes"],"relics":["NeowsBlessing","Pen Nib","ReplayTheSpireMod:Shallot","Juzu Bracelet","Tiny Chest","War Paint","Replay:Bandana","Sizzling Blood","Pandora\u0027s Box","Toy Ornithopter","Replay:Mystery Machine","Toxic Egg 2","Strawberry","Whetstone","Replay:Wax Seal"],"acts_visited":["Exordium","TheCity"],"potions_floor_usage":[28],"damage_taken":[{"damage":0,"enemies":"Jaw Worm","floor":1,"turns":1},{"damage":0,"enemies":"2 Louse","floor":5,"turns":1},{"damage":0,"enemies":"3 Sentries","floor":6,"turns":2},{"damage":22,"enemies":"Lagavulin","floor":8,"turns":7},{"damage":30,"enemies":"3 Sentries","floor":11,"turns":9},{"damage":41,"enemies":"The Guardian","floor":16,"turns":11},{"damage":7,"enemies":"Spheric Guardian","floor":18,"turns":4},{"damage":51,"enemies":"Slavers","floor":23,"turns":5},{"damage":2,"enemies":"Gremlin Leader","floor":25,"turns":4},{"damage":36,"enemies":"2 Thieves","floor":27,"turns":4},{"damage":16,"enemies":"Book of Stabbing","floor":28,"turns":2}],"seed_played":"-1644387015552154363","potions_obtained":[{"floor":6,"key":"Swift Potion"},{"floor":16,"key":"SpeedPotion"},{"floor":18,"key":"Elixir"}],"is_trial":false,"path_per_floor":["M","?","$","?","M","E","R","E","T","?","E","R","$","?","R","B",null,"M","$","?","T","?","E","R","E","T","M","E"],"character_chosen":"THE_SILENT","items_purchased":["Replay:Bandana","Catalyst","Toy Ornithopter"],"campfire_rested":3,"item_purchase_floors":[13,19,19],"current_hp_per_floor":[70,70,70,67,67,67,67,45,45,31,1,22,22,26,48,11,74,71,71,71,71,53,13,37,39,39,7,0,0],"gold":299,"neow_bonus":"THREE_ENEMY_KILL","is_daily":false,"chose_seed":false,"campfire_upgraded":1,"win_rate":0.0,"timestamp":1611879238,"path_taken":["M","?","$","?","M","E","R","E","T","?","E","R","$","?","R","BOSS","M","$","?","?","?","E","R","E","T","M","E"],"items_purchased_type":["Relic","Card","Relic"],"build_version":"2020-12-22","purchased_purges":1,"victory":false,"max_hp_per_floor":[70,70,70,70,70,70,70,70,70,70,70,70,70,74,74,74,74,74,74,74,74,74,81,81,81,81,81,81,81],"card_choices":[{"not_picked":["Dagger Throw","Caltrops"],"picked":"Poisoned Stab","floor":1},{"not_picked":["Terror","Slice"],"picked":"Crippling Poison","floor":5},{"not_picked":["Dodge and Roll","Glass Knife"],"picked":"Outmaneuver","floor":6},{"not_picked":["Dagger Throw","Endless Agony"],"picked":"Prepared","floor":8},{"not_picked":["Hidden Blade","Expertise"],"picked":"Noxious Fumes","floor":11},{"not_picked":["Venomology","Storm of Steel"],"picked":"ReplayTheSpireMod:Necrosis","floor":16},{"not_picked":["Slice","Quick Slash"],"picked":"Deadly Poison","floor":18},{"not_picked":["ReplayTheSpireMod:Shiv Toss+1","Heel Hook"],"picked":"Calculated Gamble+1","floor":22},{"not_picked":["Die Die Die","ReplayTheSpireMod:Tripwire+1"],"picked":"Sneak Up+1","floor":23},{"not_picked":["Tools of the Trade","Dagger Throw"],"picked":"Bane","floor":25},{"not_picked":["Outmaneuver+1","Dagger Throw"],"picked":"Noxious Fumes","floor":27}],"player_experience":158287,"relics_obtained":[{"floor":6,"key":"ReplayTheSpireMod:Shallot"},{"floor":8,"key":"Juzu Bracelet"},{"floor":9,"key":"Tiny Chest"},{"floor":11,"key":"War Paint"},{"floor":21,"key":"Replay:Mystery Machine"},{"floor":22,"key":"Toxic Egg 2"},{"floor":23,"key":"Strawberry"},{"floor":25,"key":"Whetstone"},{"floor":26,"key":"Replay:Wax Seal"}],"event_choices":[{"damage_healed":0,"gold_gain":0,"player_choice":"Leave","damage_taken":0,"max_hp_gain":0,"max_hp_loss":0,"event_name":"The Cleric","floor":2,"gold_loss":0},{"damage_healed":0,"gold_gain":0,"player_choice":"Success","damage_taken":3,"relics_obtained":["Pen Nib"],"max_hp_gain":0,"max_hp_loss":0,"event_name":"Scrap Ooze","floor":4,"gold_loss":0},{"damage_healed":0,"gold_gain":0,"player_choice":"Entered Light","damage_taken":14,"max_hp_gain":0,"max_hp_loss":0,"event_name":"Shining Light","floor":10,"gold_loss":0,"cards_upgraded":["Outmaneuver","Strike_G"]},{"damage_healed":0,"gold_gain":99,"player_choice":"Stole From Cult","damage_taken":0,"max_hp_gain":0,"max_hp_loss":0,"event_name":"Nest","floor":20,"gold_loss":0}],"is_beta":false,"boss_relics":[{"not_picked":["Black Star","Fusion Hammer"],"picked":"Pandora\u0027s Box"}],"items_purged_floors":[3],"is_endless":false,"potions_floor_spawned":[6,16,18],"killed_by":"Book of Stabbing","ascension_level":1}}