{"host":"ctlqibkg0sskiu65","time":1611884400,"event":{"mods":["AchievementEnabler","Aspiration","BaseMod","BetterRewards","Colored Map","Colored Powertips","Conspire","Fiend Mod","Infinite Spire","Minty Spire (QoL Compilation)","Quick Restart","Replay The Spire","Shop Mod","StSLib","The Bladedancer","The Cursed","The Hierophant","The Jungle","The Kombatant","The Servant 0.9.4","TheBandit"],"gold_per_floor":[119,119,131,12,35,35,66,16,16,36,36,51,51,62,62,135,135,147,163,163,179,189,189,219,219,219,248,248,258,258,283,283,357,357,376,387,55,72,97,129,129,194,194,194,235,235,259,298,298,312],"floor_reached":51,"language":"ENG","playtime":1895,"items_purged":["Strike_G","Strike_G","Strike_G"],"score":2144,"play_id":"156281a9-5411-48f2-bb94-1bd00a16aea2","local_time":"20210128194000","is_ascension_mode":true,"campfire_choices":[{"data":"Quick Slash","floor":6.0,"key":"SMITH"},{"data":"infinitespire:Neurotoxin","floor":11.0,"key":"SMITH"},{"data":"Slice","floor":13.0,"key":"SMITH"},{"data":"Dagger Spray","floor":15.0,"key":"SMITH"},{"floor":23.0,"key":"REST"},{"data":"Slice","floor":25.0,"key":"SMITH"},{"data":"Burst","floor":28.0,"key":"SMITH"},{"floor":32.0,"key":"REST"},{"data":"Apotheosis","floor":41.0,"key":"SMITH"},{"data":"Bane","floor":44.0,"key":"SMITH"},{"data":"Dodge and Roll","floor":46.0,"key":"SMITH"},{"data":"Sucker Punch","floor":49.0,"key":"SMITH"}],"circlet_count":0,"master_deck":["AscendersBane","Strike_G+1","Strike_G","Defend_G","Defend_G","Defend_G","Defend_G+1","Defend_G","Survivor","Neutralize","Slice+1","Dodge and Roll+1","Dagger Spray+1","Quick Slash+1","Corpse Explosion+1","Pot Of Greed","Pot Of Greed","Slice+1","infinitespire:Neurotoxin+1","Acrobatics","Burst+1","Deflect","Cloak And Dagger+1","Slice+1","Pot Of Greed","Hidden Blade+1","Sucker Punch+1","Concentrate+1","Catalyst+1","Apotheosis+1","Bane+1","PiercingWail"],"relics":["Ring of the Snake","Membership Card","Centennial Puzzle","aspiration:StickyExplosives_weak","Peace Pipe","aspiration:HummingbirdHeart","Guide Book","Simple Rune","Grinning Jar","Omamori","aspiration:RitualDagger","Juzu Bracelet","Oddly Smooth Stone","ReplayTheSpireMod:Lightbulb","aspiration:RitualStick","Boot","Philosopher\u0027s Stone","MealTicket","ClockworkSouvenir","conspire:GlowingRock","infinitespire:Midas Blood","Prayer Wheel","PreservedInsect","Gremlin Food","Molten Egg 2"],"acts_visited":["Exordium","TheCity","TheBeyond"],"potions_floor_usage":[],"damage_taken":[{"damage":0.0,"enemies":"2 Louse","floor":1.0,"turns":3.0},{"damage":0.0,"enemies":"Cultist","floor":3.0,"turns":4.0},{"damage":0.0,"enemies":"3 Sentries","floor":7.0,"turns":2.0},{"damage":0.0,"enemies":"Jaw Worm","floor":10.0,"turns":2.0},{"damage":1.0,"enemies":"Red Slaver","floor":12.0,"turns":3.0},{"damage":0.0,"enemies":"Lots of Slimes","floor":14.0,"turns":2.0},{"damage":15.0,"enemies":"Slime Boss","floor":16.0,"turns":10.0},{"damage":32.0,"enemies":"Chosen","floor":18.0,"turns":4.0},{"damage":16.0,"enemies":"Shell Parasite","floor":19.0,"turns":4.0},{"damage":63.0,"enemies":"Cultist and Chosen","floor":21.0,"turns":6.0},{"damage":16.0,"enemies":"Snake Plant","floor":22.0,"turns":3.0},{"damage":26.0,"enemies":"Slavers","floor":24.0,"turns":3.0},{"damage":25.0,"enemies":"Book of Stabbing","floor":27.0,"turns":4.0},{"damage":15.0,"enemies":"Centurion and Healer","floor":29.0,"turns":5.0},{"damage":24.0,"enemies":"conspire:MimicChest","floor":31.0,"turns":5.0},{"damage":41.0,"enemies":"Champ","floor":33.0,"turns":5.0},{"damage":3.0,"enemies":"3 Shapes","floor":35.0,"turns":1.0},{"damage":12.0,"enemies":"Orb Walker","floor":36.0,"turns":3.0},{"damage":14.0,"enemies":"3 Darklings","floor":38.0,"turns":4.0},{"damage":3.0,"enemies":"Mind Bloom Boss Battle","floor":39.0,"turns":1.0},{"damage":15.0,"enemies":"R_Hoarder","floor":40.0,"turns":5.0},{"damage":16.0,"enemies":"2 Orb Walkers","floor":42.0,"turns":4.0},{"damage":12.0,"enemies":"Nemesis","floor":45.0,"turns":4.0},{"damage":21.0,"enemies":"Writhing Mass","floor":47.0,"turns":4.0},{"damage":6.0,"enemies":"Reptomancer","floor":48.0,"turns":2.0},{"damage":42,"enemies":"conspire:OrnateMirror","floor":50,"turns":3}],"seed_played":"-548560032868262212","potions_obtained":[{"floor":1.0,"key":"Elixir"},{"floor":7.0,"key":"Swift Potion"},{"floor":10.0,"key":"Block Potion"},{"floor":16.0,"key":"Dexterity Potion"},{"floor":20.0,"key":"ColorlessPotion"},{"floor":20.0,"key":"SneckoOil"},{"floor":22.0,"key":"Explosive Potion"},{"floor":29.0,"key":"Adrenaline Potion"},{"floor":31.0,"key":"Reflective Coating"},{"floor":35.0,"key":"SpeedPotion"},{"floor":38.0,"key":"FairyPotion"},{"floor":42.0,"key":"Fire Potion"}],"is_trial":false,"path_per_floor":["M","?","M","$","T","R","E","$","T","M","R","M","R","M","R","B",null,"M","M","?","M","M","R","E","R","T","E","R","M","?","?","R","B",null,"M","M","$","M","?","E","R","?","T","R","E","R","M","E","R","B",null],"character_chosen":"THE_SILENT","items_purchased":["Membership Card","Centennial Puzzle","aspiration:StickyExplosives_weak","Slice","Dodge and Roll","SkillPotion","Corpse Explosion","Guide Book","MealTicket","Apotheosis","ClockworkSouvenir"],"campfire_rested":2,"item_purchase_floors":[0,0,0,0,0,0,4,4,37,37,37],"current_hp_per_floor":[59,55,55,55,55,55,55,55,55,55,55,54,54,54,54,39,59,27,11,11,38,35,54,46,46,46,40,40,46,29,31,50,40,60,66,65,65,64,66,67,67,64,64,64,64,64,58,67,67,67],"gold":312,"neow_bonus":"","is_daily":false,"chose_seed":false,"campfire_upgraded":10,"win_rate":0.0,"timestamp":1611884400,"path_taken":["M","?","?","$","?","R","E","$","T","M","R","M","R","M","R","BOSS","M","M","?","?","M","R","E","R","T","E","R","M","?","?","R","BOSS","M","M","$","M","?","E","R","?","T","R","E","R","M","E","R","BOSS"],"items_purchased_type":["Relic","Relic","Relic","Card","Card","Potion","Card","Relic","Relic","Card","Relic"],"build_version":"2020-12-22","purchased_purges":3,"victory":true,"max_hp_per_floor":[66,66,66,66,66,66,66,66,66,66,66,66,66,66,66,66,66,66,66,66,66,66,66,66,66,66,66,66,66,66,66,66,66,66,66,66,66,66,66,67,67,67,67,67,67,67,67,67,67,67],"card_choices":[{"not_picked":["Dagger Throw","ReplayTheSpireMod:Shiv Toss"],"picked":"Dagger Spray","floor":1.0},{"not_picked":["Tactician","Acrobatics"],"picked":"Quick Slash","floor":3.0},{"not_picked":["Underhanded Strike","Outmaneuver"],"picked":"Slice","floor":7.0},{"not_picked":["Catalyst","Blade Dance"],"picked":"infinitespire:Neurotoxin","floor":10.0},{"not_picked":["Bouncing Flask","Dagger Spray","Quick Slash"],"picked":"SKIP","floor":12.0},{"not_picked":["Outmaneuver","Cloak And Dagger"],"picked":"Acrobatics","floor":14.0},{"not_picked":["Wraith Form v2","Venomology"],"picked":"Burst","floor":16.0},{"not_picked":["Concentrate","Choke"],"picked":"Deflect","floor":18.0},{"not_picked":["Dagger Throw","Replay:Poison Smokescreen","Bane+1"],"picked":"SKIP","floor":19.0},{"not_picked":["Dagger Throw","Replay:Poison Smokescreen","Bane+1"],"picked":"SKIP","floor":19.0},{"not_picked":["Flying Knee","Infinite Blades"],"picked":"Cloak And Dagger+1","floor":21.0},{"not_picked":["Outmaneuver","Deflect"],"picked":"Slice","floor":22.0},{"not_picked":["Dagger Throw","Deflect"],"picked":"Hidden Blade+1","floor":24.0},{"not_picked":["Flechettes","Choke","ReplayTheSpireMod:Tripwire"],"picked":"SKIP","floor":27.0},{"not_picked":["Noxious Fumes","Quick Slash","Night Terror"],"picked":"SKIP","floor":29.0},{"not_picked":["Draining Mist","Backflip"],"picked":"Sucker Punch","floor":31.0},{"not_picked":["Endless Agony","Poisoned Stab"],"picked":"Concentrate+1","floor":35.0},{"not_picked":["Slice","Footwork"],"picked":"Catalyst+1","floor":36.0},{"not_picked":["Concentrate","Dagger Spray"],"picked":"Bane","floor":38.0},{"not_picked":["Deadly Poison","Deflect","Dodge and Roll"],"picked":"SKIP","floor":40.0},{"not_picked":["infinitespire:Neurotoxin","Tactician","Terror"],"picked":"SKIP","floor":45.0},{"not_picked":["Hidden Blade+1","Deadly Poison"],"picked":"PiercingWail","floor":47.0},{"not_picked":["Prepared","Choke","Underhanded Strike+1"],"picked":"SKIP","floor":47.0},{"not_picked":["Prepared","Hidden Blade","Sneak Up"],"picked":"SKIP","floor":48.0}],"player_experience":258387,"relics_obtained":[{"floor":5.0,"key":"Simple Rune"},{"floor":7.0,"key":"Grinning Jar"},{"floor":9.0,"key":"Omamori"},{"floor":24.0,"key":"Juzu Bracelet"},{"floor":26.0,"key":"Oddly Smooth Stone"},{"floor":27.0,"key":"ReplayTheSpireMod:Lightbulb"},{"floor":31.0,"key":"Boot"},{"floor":39.0,"key":"conspire:GlowingRock"},{"floor":40.0,"key":"infinitespire:Midas Blood"},{"floor":42.0,"key":"Prayer Wheel"},{"floor":43.0,"key":"PreservedInsect"},{"floor":45.0,"key":"Gremlin Food"},{"floor":48.0,"key":"Molten Egg 2"}],"event_choices":[{"damage_healed":0.0,"max_hp_gain":0.0,"max_hp_loss":0.0,"gold_gain":0.0,"event_name":"The Woman in Blue","player_choice":"Bought 0 Potions","floor":2.0,"gold_loss":0.0,"damage_taken":0.0},{"damage_healed":0.0,"max_hp_gain":0.0,"max_hp_loss":0.0,"gold_gain":0.0,"event_name":"Lab","player_choice":"Got Potions","floor":20.0,"gold_loss":0.0,"damage_taken":0.0},{"damage_healed":0.0,"max_hp_gain":0.0,"max_hp_loss":0.0,"gold_gain":0.0,"event_name":"MindBloom","player_choice":"Fight","floor":39.0,"gold_loss":0.0,"damage_taken":0.0},{"damage_healed":0.0,"max_hp_gain":0.0,"max_hp_loss":0.0,"gold_gain":0.0,"event_name":"Mysterious Sphere","player_choice":"Fight","floor":42.0,"gold_loss":0.0,"damage_taken":0.0}],"is_beta":false,"boss_relics":[{"not_picked":["aspiration:RunicSpoon","Velvet Choker"],"picked":"aspiration:RitualDagger"},{"not_picked":["aspiration:ServantSkillbook","SacredBark"],"picked":"Philosopher\u0027s Stone"}],"items_purged_floors":[0,8,37],"is_endless":false,"potions_floor_spawned":[1,7,10,14,16,19,22,29,31,35,38,42,48],"ascension_level":19}}