{"host":"vv4pm74vrxtrj1uw","time":1611928457,"event":{"mods":["Act Like it!","BaseMod","Minty Spire (QoL Compilation)","Rare Cards Sparkle","Spicy Shops","StSLib"],"gold_per_floor":[153,185,60,91,91,139,139,178,178,230,288,4,4,4,4,119,119,177,177,452,464,464,464,464,494,494,494,526,546,559,573,573,573,573],"floor_reached":33,"language":"ZHS","playtime":1531,"items_purged":["Pain"],"score":440,"play_id":"ae682e0b-b3fe-46f4-9d0a-5642a23d6372","local_time":"20210129215417","is_ascension_mode":true,"campfire_choices":[{"floor":13,"key":"REST"},{"floor":15,"key":"REST"},{"floor":23,"key":"DIG"},{"floor":27,"key":"REST"},{"floor":32,"key":"REST"}],"circlet_count":0,"master_deck":["Strike_G","Strike_G","Strike_G","Strike_G","Strike_G","Defend_G","Defend_G","Defend_G","Defend_G","Defend_G","Survivor","Neutralize","HandOfGreed","Terror+1","Quick Slash","Quick Slash","Caltrops","Dagger Spray","Doppelganger","Riddle With Holes","Dodge and Roll","After Image","Tactician+1","Regret","Outmaneuver","Footwork","Expertise+1","Concentrate","Prepared+1","Reflex"],"relics":["Ring of the Snake","Bottled Lightning","Juzu Bracelet","WarpedTongs","Bag of Preparation","White Beast Statue","Shovel","HoveringKite","PreservedInsect","Nilry\u0027s Codex","Lantern","Tough Bandages"],"acts_visited":["Exordium","TheCity"],"potions_floor_usage":[10,11,21,21,29,30,31,33,33],"damage_taken":[{"damage":0,"enemies":"2 Louse","floor":1,"turns":6},{"damage":5,"enemies":"Cultist","floor":2,"turns":4},{"damage":1,"enemies":"Jaw Worm","floor":4,"turns":4},{"damage":27,"enemies":"Lagavulin","floor":6,"turns":4},{"damage":19,"enemies":"Red Slaver","floor":8,"turns":6},{"damage":0,"enemies":"Gremlin Nob","floor":10,"turns":2},{"damage":10,"enemies":"Lots of Slimes","floor":11,"turns":4},{"damage":0,"enemies":"Slime Boss","floor":16,"turns":7},{"damage":16,"enemies":"3 Byrds","floor":18,"turns":4},{"damage":0,"enemies":"Shell Parasite","floor":21,"turns":4},{"damage":21,"enemies":"Sentry and Sphere","floor":25,"turns":9},{"damage":15,"enemies":"Book of Stabbing","floor":28,"turns":4},{"damage":5,"enemies":"Centurion and Healer","floor":29,"turns":8},{"damage":8,"enemies":"Snake Plant","floor":30,"turns":3},{"damage":0,"enemies":"Snecko","floor":31,"turns":2},{"damage":43,"enemies":"Champ","floor":33,"turns":10}],"seed_played":"-7892032467795125290","potions_obtained":[{"floor":1,"key":"Block Potion"},{"floor":2,"key":"SteroidPotion"},{"floor":8,"key":"Swift Potion"},{"floor":11,"key":"SkillPotion"},{"floor":16,"key":"SmokeBomb"},{"floor":18,"key":"EssenceOfSteel"},{"floor":21,"key":"Energy Potion"},{"floor":25,"key":"PowerPotion"},{"floor":28,"key":"GhostInAJar"},{"floor":29,"key":"EssenceOfSteel"},{"floor":30,"key":"Swift Potion"},{"floor":31,"key":"SkillPotion"}],"is_trial":false,"path_per_floor":["M","M","$","M","?","E","?","M","T","E","M","$","R","?","R","B",null,"M","$","?","M","?","R","?","M","T","R","E","M","M","M","R","B"],"character_chosen":"THE_SILENT","items_purchased":["Bottled Lightning","Shovel","Riddle With Holes","Dodge and Roll"],"campfire_rested":4,"item_purchase_floors":[3,12,12,12],"current_hp_per_floor":[70,65,65,64,64,37,37,18,18,18,8,8,29,29,50,50,65,49,49,49,49,49,49,33,12,12,33,18,13,5,5,26,0,0],"gold":573,"neow_bonus":"RANDOM_COLORLESS_2","is_daily":false,"chose_seed":false,"campfire_upgraded":0,"win_rate":0.0,"timestamp":1611928457,"path_taken":["M","M","$","M","?","E","?","M","T","E","M","?","R","?","R","BOSS","M","$","?","M","?","R","?","M","T","R","E","M","M","M","R","BOSS"],"items_purchased_type":["Relic","Relic","Card","Card"],"build_version":"2020-12-22","purchased_purges":1,"victory":false,"max_hp_per_floor":[70,70,70,70,70,70,70,70,70,70,70,70,70,70,70,70,70,70,70,70,70,70,70,70,70,70,70,70,70,70,70,70,70,70],"card_choices":[{"not_picked":["Mayhem","Magnetism"],"picked":"HandOfGreed","floor":0},{"not_picked":["Tactician","Cloak And Dagger"],"picked":"Terror","floor":1},{"not_picked":["Bane","Dodge and Roll"],"picked":"Quick Slash","floor":2},{"not_picked":["Backflip","Prepared"],"picked":"Quick Slash","floor":4},{"not_picked":["Infinite Blades","Slice"],"picked":"Caltrops","floor":6},{"not_picked":["Dagger Throw","Skewer","Blade Dance"],"picked":"SKIP","floor":8},{"not_picked":["Setup","Underhanded Strike"],"picked":"Dagger Spray","floor":10},{"not_picked":["Dagger Throw","Slice"],"picked":"Doppelganger","floor":11},{"not_picked":["Bullet Time","A Thousand Cuts"],"picked":"After Image","floor":16},{"not_picked":["Prepared","Quick Slash"],"picked":"Tactician+1","floor":18},{"not_picked":["Deflect+1","Quick Slash"],"picked":"Outmaneuver","floor":21},{"not_picked":["Underhanded Strike+1","Dash"],"picked":"Expertise+1","floor":25},{"not_picked":["Finisher+1","Bane"],"picked":"Concentrate","floor":28},{"not_picked":["Heel Hook","Choke"],"picked":"Prepared+1","floor":29},{"not_picked":["Outmaneuver","Dagger Throw","Skewer"],"picked":"SKIP","floor":30},{"not_picked":["Flechettes","Poisoned Stab+1"],"picked":"Reflex","floor":31}],"player_experience":157135,"relics_obtained":[{"floor":6,"key":"Juzu Bracelet"},{"floor":9,"key":"Bag of Preparation"},{"floor":10,"key":"White Beast Statue"},{"floor":23,"key":"PreservedInsect"},{"floor":24,"key":"Nilry\u0027s Codex"},{"floor":26,"key":"Lantern"},{"floor":28,"key":"Tough Bandages"}],"event_choices":[{"cards_removed":["Clumsy"],"damage_healed":0,"gold_gain":0,"player_choice":"Removed Curses","damage_taken":0,"max_hp_gain":0,"max_hp_loss":0,"event_name":"Fountain of Cleansing","floor":5,"gold_loss":0},{"damage_healed":0,"gold_gain":0,"player_choice":"Rummage","damage_taken":0,"relics_obtained":["WarpedTongs"],"max_hp_gain":0,"max_hp_loss":0,"event_name":"Accursed Blacksmith","floor":7,"gold_loss":0,"cards_obtained":["Pain"]},{"damage_healed":0,"gold_gain":0,"player_choice":"Upgraded","damage_taken":0,"max_hp_gain":0,"max_hp_loss":0,"event_name":"Upgrade Shrine","floor":14,"gold_loss":0,"cards_upgraded":["Terror"]},{"damage_healed":0,"gold_gain":275,"player_choice":"Desecrate","damage_taken":0,"max_hp_gain":0,"max_hp_loss":0,"event_name":"Golden Shrine","floor":20,"gold_loss":0,"cards_obtained":["Regret"]},{"damage_healed":0,"gold_gain":0,"player_choice":"Read","damage_taken":0,"max_hp_gain":0,"max_hp_loss":0,"event_name":"The Library","floor":22,"gold_loss":0,"cards_obtained":["Footwork"]},{"damage_healed":0,"gold_gain":0,"player_choice":"Obtained Book","damage_taken":16,"max_hp_gain":0,"max_hp_loss":0,"event_name":"Cursed Tome","floor":24,"gold_loss":0}],"is_beta":false,"boss_relics":[{"not_picked":["Runic Pyramid","Empty Cage"],"picked":"HoveringKite"}],"items_purged_floors":[12],"is_endless":false,"potions_floor_spawned":[1,2,8,11,16,18,21,25,28,29,30,31],"killed_by":"Champ","ascension_level":5}}