{"host":"takgv9cv6xf64vhq","time":1611930092,"event":{"mods":["BaseMod","Colored Powertips","Downfall","Hubris","LagranYue(拉格朗・月)","Marisa（F雨　魔理沙）","Minty Spire (QoL Compilation)","Replay The Spire","StSLib","The Animator","The Cursed","The Jungle","TheHeartMod"],"gold_per_floor":[117,128,128,128,146,146,176,176,203,203,5,16,16,34,99,202,202,219,235,235,253,29,60,70,170,170,83,96,96,126,26,26,122,122,140,160,35,80,98,98,127,145,145,197,222,236,268,321,321,321,321,321,3,37,37],"floor_reached":56,"language":"ZHS","playtime":4605,"items_purged":["ReplayTheSpireMod:Splinters","Voices","downfall:Aged"],"score":1867,"play_id":"f725737d-93da-475c-87f9-a1a3ae241330","local_time":"20210129222132","is_ascension_mode":true,"campfire_choices":[{"data":"Double Energy","floor":6.0,"key":"SMITH"},{"data":"Consume","floor":8,"key":"SMITH"},{"data":"Steam Power","floor":10,"key":"SMITH"},{"data":"Machine Learning","floor":32,"key":"SMITH"},{"floor":40,"key":"RECALL"},{"data":"ReplayTheSpireMod:System Scan","floor":52,"key":"SMITH"}],"circlet_count":0,"master_deck":["Strike_B+1","Defend_B","Defend_B","Defend_B","Defend_B","Dualcast","Double Energy+1","Ball Lightning+1","Consume+1","Steam Power+1","FIFO Queue+1","Core Surge","Leap","White Noise","Cold Snap","Pot Of Greed+1","Pot Of Greed+1","Mirror Shield","Gash","Hologram","Gash","Pot Of Greed+1","Glacier","Barrage","CurseOfTheBell","CurseOfTheBell","Compile Driver","ReplayTheSpireMod:System Scan+1","Machine Learning+1","BootSequence+1","Pot Of Greed+1","Hologram+1","Echo Form","ReplayTheSpireMod:Faulty Equipment","downfall:Haunted","Go for the Eyes+1","Gash+1","Biased Cognition","Panic Button","Heatsinks","ReplayTheSpireMod:Calculation Training+1","Panic Button+1","Electrodynamics","Pot Of Greed+1","Cold Snap+1","Blizzard+1","Cold Snap+1","hubris:PowerSurge+1","Darkness+1","Defragment+1","ReplayRNGCard","Hello World","Gash+1","Time Bomb","Tempest","Turbo+1","Pot Of Greed+1","BasicCrystalCard+1","Compile Driver+1","Gash+1","hubris:PowerSurge+1","Panacea","FIFO Queue","Hologram","Coolheaded+1"],"relics":["Coffee Dripper","hubris:Towel","FaceOfCleric","DataDisk","Guardian:PocketSentry","Guide Book","Replay:Ringing Soul","Replay:Baseball","hubris:FruitBowl","Grinning Jar","LagranYue:SoulBurningRelic","Sling","Mummified Hand","downfall:ExtraCursedBell","Bag of Preparation","Pantograph","Lizard Tail","LagranYue:MagicReflectiveArmorRelic","Prayer Wheel","Ring of Hypnosis","ReplayTheSpireMod:Ring of Addiction","SacredBark","Toy Ornithopter","HornCleat","Prayer Wheel","Prayer Wheel","Kintsugi","Molten Egg 2","Replay:Wax Seal","CatCart","InkBottle","Replay:Bottled Eggs","LagranYue:GuideDeadRelic","ReplayTheSpireMod:Lightbulb","Pondfish Scales"],"acts_visited":["Exordium","Exordium","TheBeyond","TheEnding"],"potions_floor_usage":[7,7,23,23,30,33,36,42,55,55,55],"damage_taken":[{"damage":0.0,"enemies":"Small Slimes","floor":1.0,"turns":3.0},{"damage":6.0,"enemies":"Cultist","floor":2.0,"turns":3.0},{"damage":0.0,"enemies":"2 Louse","floor":5.0,"turns":2.0},{"damage":11,"enemies":"Gremlin Nob","floor":7,"turns":5},{"damage":0,"enemies":"Gremlin Gang","floor":12,"turns":3},{"damage":0,"enemies":"Large Slime","floor":14,"turns":3},{"damage":9,"enemies":"Fading Forest","floor":16,"turns":11},{"damage":0,"enemies":"theJungle:GiantWrat","floor":18,"turns":4},{"damage":2,"enemies":"Shell Parasite","floor":19,"turns":4},{"damage":2,"enemies":"theJungle:SlimyTreeVines","floor":21,"turns":8},{"damage":3,"enemies":"theJungle:2_Phrogs","floor":23,"turns":7},{"damage":21,"enemies":"theJungle:2_Snecko_Cultists","floor":24,"turns":4},{"damage":0,"enemies":"theJungle:Lyon","floor":27,"turns":4},{"damage":5,"enemies":"theJungle:Snecko_Cultist_And_Trap","floor":28,"turns":5},{"damage":0,"enemies":"theJungle:MamaSnecko","floor":30,"turns":5},{"damage":0,"enemies":"theJungle:TotemBoss","floor":33,"turns":10},{"damage":0,"enemies":"Orb Walker","floor":35,"turns":5},{"damage":0,"enemies":"3 Darklings","floor":36,"turns":5},{"damage":2,"enemies":"Transient","floor":39,"turns":5},{"damage":0,"enemies":"R_Hoarder","floor":41,"turns":6},{"damage":0,"enemies":"Writhing Mass","floor":42,"turns":5},{"damage":0,"enemies":"Orin","floor":44,"turns":8},{"damage":0,"enemies":"Giant Head","floor":45,"turns":7},{"damage":0,"enemies":"Sphere and 2 Shapes","floor":46,"turns":3},{"damage":0,"enemies":"Nemesis","floor":47,"turns":7},{"damage":0,"enemies":"2 Orb Walkers","floor":48,"turns":2},{"damage":9,"enemies":"Time Eater","floor":50,"turns":9},{"damage":0,"enemies":"Shield and Spear","floor":54,"turns":5},{"damage":0,"enemies":"NeowBoss","floor":55,"turns":6}],"seed_played":"7010977568094725104","potions_obtained":[{"floor":1.0,"key":"DuplicationPotion"},{"floor":2.0,"key":"SkillPotion"},{"floor":16,"key":"Milkshake"},{"floor":18,"key":"Dexterity Potion"},{"floor":19,"key":"Fire Potion"},{"floor":20,"key":"PowerPotion"},{"floor":27,"key":"ColorlessPotion"},{"floor":28,"key":"Fire Potion"},{"floor":29,"key":"Adrenaline Potion"},{"floor":30,"key":"SkillPotion"},{"floor":35,"key":"PowerPotion"},{"floor":41,"key":"Fire Potion"},{"floor":46,"key":"CultistPotion"}],"is_trial":false,"path_per_floor":["M","M","?","?","M","R","E","R","T","R","$","M","$","M","R","B",null,"M","M","?","M","$","E","M","?","T","M","M","?","E","$","R","B",null,"M","M","$","?","M","R","E","M","T","?","E","M","E","?","R","B",null,"R","$","E","B",null],"character_chosen":"DEFECT","items_purchased":["Guide Book","FIFO Queue+1","Replay:Ringing Soul","Replay:Baseball","hubris:FruitBowl","Sling","ReplayTheSpireMod:Lightbulb","FIFO Queue","Hologram"],"campfire_rested":0,"item_purchase_floors":[11,11,13,13,13,22,53,53,53],"current_hp_per_floor":[75,69,69,69,70,70,60,60,60,60,60,61,16,21,25,41,92,95,96,96,100,100,100,82,85,85,88,86,89,96,96,96,127,149,152,157,157,97,98,98,101,108,108,111,114,117,120,123,126,141,199,196,199,202,202],"gold":37,"neow_bonus":"BOSS_RELIC","is_daily":false,"chose_seed":false,"campfire_upgraded":5,"win_rate":0.0,"timestamp":1611930092,"path_taken":["M","M","?","?","?","R","E","R","T","R","$","M","?","?","R","BOSS","M","M","?","M","$","E","?","?","T","M","M","?","E","?","R","BOSS","M","?","$","?","M","R","E","M","T","?","E","?","E","?","R","BOSS","R","$","E","BOSS"],"items_purchased_type":["Relic","Card","Relic","Relic","Relic","Relic","Relic","Card","Card"],"build_version":"2020-12-22","purchased_purges":3,"victory":true,"max_hp_per_floor":[75,75,75,75,76,76,77,77,77,77,77,78,78,83,87,92,92,97,102,102,107,107,112,117,121,121,126,131,135,140,140,140,145,149,154,159,159,163,168,165,170,175,175,180,185,187,192,197,198,199,199,196,200,205,203],"card_choices":[{"not_picked":["Barrage","Darkness"],"picked":"Double Energy","floor":1.0},{"not_picked":["Barrage","Rebound"],"picked":"Ball Lightning","floor":2.0},{"not_picked":["Sweeping Beam","Recycle"],"picked":"Consume","floor":5.0},{"not_picked":["Stack","ReplaySort"],"picked":"Steam Power","floor":7},{"not_picked":["Leap","Force Field"],"picked":"Core Surge","floor":12},{"not_picked":["Ball Lightning","Darkness"],"picked":"Leap","floor":14},{"not_picked":["Barrage","Rebound"],"picked":"White Noise","floor":15},{"not_picked":["Panic Button","FIFO Queue"],"picked":"Cold Snap","floor":15},{"not_picked":["ReplayTheSpireMod:Fabricate Wheel","hubris:Prefetch"],"picked":"Mirror Shield","floor":16},{"not_picked":["Scrape","Heatsinks+1"],"picked":"Gash","floor":18},{"not_picked":["Steam","Barrage"],"picked":"Hologram","floor":19},{"not_picked":["Electrodynamics","Hologram"],"picked":"Gash","floor":21},{"not_picked":["Ball Lightning","Streamline"],"picked":"Glacier","floor":23},{"not_picked":["Redo","Beam Cell"],"picked":"Barrage","floor":24},{"not_picked":["hubris:Ukulele","ReplayTheSpireMod:Reroute Power"],"picked":"Compile Driver","floor":27},{"not_picked":["Turbo","Stack"],"picked":"ReplayTheSpireMod:System Scan","floor":27},{"not_picked":["Chill","Sweeping Beam"],"picked":"Machine Learning","floor":28},{"not_picked":["ReplayTheSpireMod:GoodbyeWorld","Stack"],"picked":"BootSequence+1","floor":28},{"not_picked":["Reboot","Compile Driver"],"picked":"Hologram+1","floor":30},{"not_picked":["ReplayTheSpireMod:Omega Cannon","ReplayTheSpireMod:Fabricate Wheel"],"picked":"Echo Form","floor":33},{"not_picked":["Compile Driver+1","Blizzard"],"picked":"Go for the Eyes+1","floor":35},{"not_picked":["Undo+1","Melter"],"picked":"Gash+1","floor":35},{"not_picked":["Cold Snap+1","Melter"],"picked":"Biased Cognition","floor":35},{"not_picked":["Chill+1","Double Energy"],"picked":"Panic Button","floor":35},{"not_picked":["Echo Form","Ball Lightning"],"picked":"Heatsinks","floor":36},{"not_picked":["Go for the Eyes+1","Rebound"],"picked":"ReplayTheSpireMod:Calculation Training+1","floor":36},{"not_picked":["Beam Cell+1","Streamline+1"],"picked":"Panic Button+1","floor":36},{"not_picked":["ReplayTheSpireMod:Reroute Power+1","Fusion","Barrage+1"],"picked":"SKIP","floor":36},{"not_picked":["Hello World+1","Panic Button"],"picked":"Electrodynamics","floor":38},{"not_picked":["Redo","Force Field+1"],"picked":"Cold Snap+1","floor":39},{"not_picked":["ReplayTheSpireMod:Calculation Training","Steam Power"],"picked":"Blizzard+1","floor":39},{"not_picked":["Thunder Strike+1","Compile Driver+1"],"picked":"Cold Snap+1","floor":39},{"not_picked":["Steam+1","hubris:Ukulele+1"],"picked":"hubris:PowerSurge+1","floor":39},{"not_picked":["Streamline+1","Multi-Cast"],"picked":"Darkness+1","floor":41},{"not_picked":["Loop","Barrage+1"],"picked":"Defragment+1","floor":42},{"not_picked":["ReplayTheSpireMod:Repulse","Genetic Algorithm"],"picked":"ReplayRNGCard","floor":42},{"not_picked":["Leap+1","Auto Shields"],"picked":"Hello World","floor":42},{"not_picked":["Stack","Blizzard+1"],"picked":"Gash+1","floor":42},{"not_picked":["Conserve Battery","Beam Cell+1"],"picked":"Time Bomb","floor":44},{"not_picked":["FTL+1","Lockon+1"],"picked":"Tempest","floor":45},{"not_picked":["Reinforced Body+1","Redo+1"],"picked":"Turbo+1","floor":46},{"not_picked":["Conserve Battery","Hello World"],"picked":"BasicCrystalCard+1","floor":46},{"not_picked":["Leap+1","Force Field+1"],"picked":"Compile Driver+1","floor":46},{"not_picked":["Beam Cell+1","FIFO Queue","ReplayTheSpireMod:GoodbyeWorld+1"],"picked":"SKIP","floor":46},{"not_picked":["Steam","ReplayTheSpireMod:Omega Cannon+1"],"picked":"Gash+1","floor":47},{"not_picked":["BasicCrystalCard+1","Barrage+1"],"picked":"hubris:PowerSurge+1","floor":48},{"not_picked":["Flash of Steel+1","Forethought"],"picked":"Panacea","floor":49},{"not_picked":["Ball Lightning+1","Hologram+1"],"picked":"Coolheaded+1","floor":54}],"player_experience":195660,"relics_obtained":[{"floor":7,"key":"DataDisk"},{"floor":9,"key":"Guardian:PocketSentry"},{"floor":15,"key":"Grinning Jar"},{"floor":23,"key":"Mummified Hand"},{"floor":25,"key":"Bag of Preparation"},{"floor":25,"key":"Pantograph"},{"floor":25,"key":"Lizard Tail"},{"floor":26,"key":"LagranYue:MagicReflectiveArmorRelic"},{"floor":29,"key":"Ring of Hypnosis"},{"floor":29,"key":"ReplayTheSpireMod:Ring of Addiction"},{"floor":29,"key":"SacredBark"},{"floor":29,"key":"Toy Ornithopter"},{"floor":30,"key":"HornCleat"},{"floor":38,"key":"Molten Egg 2"},{"floor":41,"key":"Replay:Wax Seal"},{"floor":44,"key":"CatCart"},{"floor":45,"key":"InkBottle"},{"floor":47,"key":"Replay:Bottled Eggs"},{"floor":48,"key":"LagranYue:GuideDeadRelic"},{"floor":54,"key":"Pondfish Scales"}],"event_choices":[{"damage_healed":0.0,"max_hp_gain":0.0,"max_hp_loss":0.0,"gold_gain":0.0,"event_name":"FaceTrader","player_choice":"Trade","floor":4.0,"gold_loss":0.0,"damage_taken":0.0,"relics_obtained":["FaceOfCleric"]},{"damage_healed":0,"gold_gain":0,"player_choice":"Got Potions","damage_taken":0,"max_hp_gain":0,"max_hp_loss":0,"event_name":"Lab","floor":20,"gold_loss":0},{"damage_healed":0,"gold_gain":0,"player_choice":"Fight","damage_taken":0,"max_hp_gain":0,"max_hp_loss":0,"event_name":"OrinTheCat","floor":44,"gold_loss":0},{"damage_healed":0,"gold_gain":0,"player_choice":"Fight","damage_taken":0,"max_hp_gain":0,"max_hp_loss":0,"event_name":"Mysterious Sphere","floor":48,"gold_loss":0},{"damage_healed":0,"gold_gain":0,"player_choice":"Memory 1","damage_taken":0,"max_hp_gain":0,"max_hp_loss":0,"event_name":"SensoryStone","floor":49,"gold_loss":0}],"is_beta":false,"boss_relics":[{"not_picked":["Sozu","hubris:HollowSoul"],"picked":"LagranYue:SoulBurningRelic"},{"not_picked":["Replay:Fungal Core","Ring of Chaos"],"picked":"Kintsugi"}],"items_purged_floors":[22,31,37],"is_endless":false,"potions_floor_spawned":[1,2,16,18,19,27,28,30,35,41,46,47,48,54],"ascension_level":1}}