{"host":"rzjc4nrqz5d54r3r","time":1611908161,"event":{"mods":["BaseMod","Colored Map","Keyboard Shortcuts","Minty Spire (QoL Compilation)","Quick Restart","StSLib","SuperFastMode","everything is the same but u backflip on backflip"],"gold_per_floor":[111,131,148,248,268,268,301,324,370,370,384,415,425,436,436,533,533,551,551,551,253,263,292,292,310,334,361,373,403,434,463,475,487,487],"floor_reached":33,"language":"KOR","playtime":1477,"items_purged":["Strike_R"],"score":440,"play_id":"57895bda-0ba3-44f1-98d7-bcfc94727aaa","local_time":"20210129171601","is_ascension_mode":true,"campfire_choices":[{"data":"Armaments","floor":6.0,"key":"SMITH"},{"floor":10.0,"key":"REST"},{"floor":15.0,"key":"REST"},{"data":"Discovery","floor":24.0,"key":"SMITH"},{"floor":28.0,"key":"REST"},{"floor":32,"key":"REST"}],"circlet_count":0,"master_deck":["Strike_R","Strike_R","Strike_R","Strike_R","Defend_R+1","Defend_R","Defend_R","Defend_R+1","Bash","Feel No Pain","Dropkick","Disarm","Armaments+1","Exhume","True Grit","Fire Breathing","Burning Pact","Limit Break","Whirlwind","Discovery+1","Dropkick+1","Reaper","Shrug It Off+1"],"relics":["Burning Blood","Lantern","Odd Mushroom","War Paint","Smiling Mask","Runic Dome","Matryoshka","Membership Card","Paper Frog","Pantograph","Ancient Tea Set","MawBank"],"acts_visited":["Exordium","TheCity"],"potions_floor_usage":[30,33],"damage_taken":[{"damage":9.0,"enemies":"2 Louse","floor":1.0,"turns":3.0},{"damage":6.0,"enemies":"Cultist","floor":2.0,"turns":3.0},{"damage":2.0,"enemies":"Jaw Worm","floor":3.0,"turns":3.0},{"damage":12.0,"enemies":"3 Louse","floor":5.0,"turns":4.0},{"damage":43.0,"enemies":"Lagavulin","floor":7.0,"turns":7.0},{"damage":17.0,"enemies":"The Mushroom Lair","floor":8.0,"turns":6.0},{"damage":22.0,"enemies":"Lots of Slimes","floor":11.0,"turns":6.0},{"damage":25.0,"enemies":"3 Sentries","floor":12.0,"turns":14.0},{"damage":3.0,"enemies":"2 Fungi Beasts","floor":13.0,"turns":6.0},{"damage":8.0,"enemies":"Gremlin Gang","floor":14.0,"turns":8.0},{"damage":25.0,"enemies":"Slime Boss","floor":16.0,"turns":10.0},{"damage":13.0,"enemies":"3 Byrds","floor":18.0,"turns":8.0},{"damage":7.0,"enemies":"Chosen","floor":22.0,"turns":5.0},{"damage":0.0,"enemies":"Book of Stabbing","floor":23.0,"turns":5.0},{"damage":37.0,"enemies":"Shelled Parasite and Fungi","floor":25.0,"turns":8.0},{"damage":45.0,"enemies":"Gremlin Leader","floor":27.0,"turns":10.0},{"damage":16.0,"enemies":"Cultist and Chosen","floor":29.0,"turns":9.0},{"damage":2,"enemies":"Snecko","floor":30,"turns":7},{"damage":22,"enemies":"3 Cultists","floor":31,"turns":7},{"damage":96,"enemies":"Automaton","floor":33,"turns":12}],"seed_played":"5315665060834574707","potions_obtained":[{"floor":1.0,"key":"LiquidBronze"},{"floor":2.0,"key":"EssenceOfSteel"},{"floor":8.0,"key":"SkillPotion"},{"floor":12.0,"key":"ColorlessPotion"},{"floor":14.0,"key":"Explosive Potion"},{"floor":22.0,"key":"Ancient Potion"},{"floor":23.0,"key":"SneckoOil"},{"floor":25.0,"key":"Energy Potion"},{"floor":31,"key":"LiquidMemories"}],"is_trial":false,"path_per_floor":["M","M","M","?","M","R","E","?","T","R","M","E","M","M","R","B",null,"M","?","?","$","M","E","R","M","T","E","R","M","M","M","R","B"],"character_chosen":"IRONCLAD","items_purchased":["Membership Card","Regen Potion","PowerPotion","Discovery"],"campfire_rested":4,"item_purchase_floors":[21,21,21,21],"current_hp_per_floor":[69,69,73,73,67,67,30,19,19,43,27,8,11,9,33,14,64,57,57,57,57,56,76,76,49,49,10,34,32,40,41,65,0,0],"gold":487,"neow_bonus":"RANDOM_COMMON_RELIC","is_daily":false,"chose_seed":false,"campfire_upgraded":2,"win_rate":0.0,"timestamp":1611908161,"path_taken":["M","M","M","?","?","R","E","?","T","R","M","E","M","M","R","BOSS","M","?","?","$","M","E","R","?","T","E","R","M","M","M","R","BOSS"],"items_purchased_type":["Relic","Potion","Potion","Card"],"build_version":"2020-12-22","purchased_purges":1,"victory":false,"max_hp_per_floor":[80,80,80,80,80,80,80,80,80,80,80,80,80,80,80,80,80,80,80,80,80,80,80,80,80,80,80,80,80,80,80,80,80,80],"card_choices":[{"not_picked":["Dropkick","Havoc"],"picked":"Feel No Pain","floor":1.0},{"not_picked":["Wild Strike","Clash"],"picked":"Dropkick","floor":2.0},{"not_picked":["Body Slam","True Grit"],"picked":"Disarm","floor":3.0},{"not_picked":["Havoc","Shrug It Off"],"picked":"Armaments","floor":5.0},{"not_picked":["Anger","Shrug It Off"],"picked":"Exhume","floor":7.0},{"not_picked":["Pommel Strike","Perfected Strike"],"picked":"True Grit","floor":8.0},{"not_picked":["Clash","Headbutt","Twin Strike"],"picked":"SKIP","floor":11.0},{"not_picked":["Exhume","Flex"],"picked":"Fire Breathing","floor":12.0},{"not_picked":["Fire Breathing","Anger","Combust"],"picked":"SKIP","floor":13.0},{"not_picked":["Headbutt","Cleave"],"picked":"Burning Pact","floor":14.0},{"not_picked":["Bludgeon","Reaper"],"picked":"Limit Break","floor":16.0},{"not_picked":["Warcry","Clash+1"],"picked":"Whirlwind","floor":18.0},{"not_picked":["Sentinel","Dark Embrace+1"],"picked":"Dropkick+1","floor":22.0},{"not_picked":["Rupture","Anger"],"picked":"Reaper","floor":23.0},{"not_picked":["Iron Wave","Armaments","Wild Strike"],"picked":"SKIP","floor":25.0},{"not_picked":["Blood for Blood","Pommel Strike+1","Headbutt"],"picked":"SKIP","floor":27.0},{"not_picked":["Anger","Body Slam"],"picked":"Shrug It Off+1","floor":29.0},{"not_picked":["Thunderclap","Exhume","Rupture"],"picked":"SKIP","floor":30},{"not_picked":["Fire Breathing","Anger+1","Infernal Blade"],"picked":"SKIP","floor":31}],"player_experience":36328,"relics_obtained":[{"floor":8.0,"key":"Odd Mushroom"},{"floor":9.0,"key":"War Paint"},{"floor":12.0,"key":"Smiling Mask"},{"floor":23.0,"key":"Paper Frog"},{"floor":26.0,"key":"Pantograph"},{"floor":26.0,"key":"Ancient Tea Set"},{"floor":27.0,"key":"MawBank"}],"event_choices":[{"damage_healed":0.0,"max_hp_gain":0.0,"max_hp_loss":0.0,"gold_gain":100.0,"event_name":"Wheel of Change","player_choice":"Gold","floor":4.0,"gold_loss":0.0,"damage_taken":0.0},{"damage_healed":0.0,"max_hp_gain":0.0,"max_hp_loss":0.0,"gold_gain":0.0,"event_name":"Mushrooms","player_choice":"Fought Mushrooms","floor":8.0,"gold_loss":0.0,"damage_taken":0.0},{"damage_healed":0.0,"max_hp_gain":0.0,"max_hp_loss":0.0,"gold_gain":0.0,"event_name":"Ghosts","player_choice":"Ignored","floor":19.0,"gold_loss":0.0,"damage_taken":0.0},{"damage_healed":0.0,"max_hp_gain":0.0,"max_hp_loss":0.0,"gold_gain":0.0,"event_name":"WeMeetAgain","player_choice":"Gave Potion","floor":20.0,"gold_loss":0.0,"damage_taken":0.0,"relics_obtained":["Matryoshka"]}],"is_beta":false,"boss_relics":[{"not_picked":["Runic Pyramid","Philosopher\u0027s Stone"],"picked":"Runic Dome"}],"items_purged_floors":[21],"is_endless":false,"potions_floor_spawned":[1,2,8,12,14,22,23,25,31],"killed_by":"Automaton","ascension_level":7}}