{"host":"ye2yc4zsa4mr9ewr","time":1611904164,"event":{"mods":["BaseMod","Downfall","Minty Spire (QoL Compilation)","Relic Stats","StSLib"],"gold_per_floor":[99,112,130,148,166,166,166,21,21,41,26,52,52,75,93,93,93,93],"floor_reached":16,"language":"ENG","playtime":1562,"items_purged":[],"score":120,"play_id":"2c6a0249-e517-418f-a441-207d92523f56","local_time":"20210129010924","is_ascension_mode":true,"campfire_choices":[{"floor":1,"key":"RECALL"},{"data":"Guardian:Preprogram","floor":9,"key":"SMITH"},{"data":"Guardian:PrismaticBeam","floor":13,"key":"SMITH"}],"circlet_count":0,"master_deck":["Guardian:Strike_Guardian","Guardian:Strike_Guardian","Guardian:Strike_Guardian","Guardian:Strike_Guardian","Guardian:Defend_Guardian","Guardian:Defend_Guardian+1","Guardian:Defend_Guardian","Guardian:Defend_Guardian+1","Guardian:CurlUp","Guardian:TwinSlam","Guardian:Reroute","Guardian:Harden","Guardian:VentSteam+1","Guardian:Preprogram+1","downfall:Malfunctioning","Guardian:PiercingHide+1","Guardian:PrismaticBeam+1","Guardian:PiercingHide+1","Guardian:TemporalShield","Guardian:ArmoredProtocol","Guardian:Gem_Cyan"],"relics":["Guardian:ModeShifter","Orichalcum","Matryoshka","Odd Mushroom","Sundial","War Paint"],"acts_visited":["Exordium"],"potions_floor_usage":[12,12,16],"damage_taken":[{"damage":4,"enemies":"Cultist","floor":2,"turns":5},{"damage":5,"enemies":"2 Louse","floor":3,"turns":3},{"damage":3,"enemies":"Jaw Worm","floor":4,"turns":4},{"damage":7,"enemies":"Blue Slaver","floor":5,"turns":4},{"damage":4,"enemies":"downfall:FleeingMerchant","floor":8,"turns":4},{"damage":0,"enemies":"2 Fungi Beasts","floor":10,"turns":5},{"damage":0,"enemies":"downfall:FleeingMerchant","floor":11,"turns":4},{"damage":0,"enemies":"The Mushroom Lair","floor":12,"turns":6},{"damage":11,"enemies":"Exordium Thugs","floor":15,"turns":6},{"damage":119,"enemies":"DF_ARCHETYPE_STREAMLINE","floor":16,"turns":17}],"seed_played":"7660242308250792949","potions_obtained":[{"floor":2,"key":"FairyPotion"},{"floor":4,"key":"EssenceOfSteel"},{"floor":10,"key":"Block Potion"},{"floor":15,"key":"SkillPotion"}],"is_trial":false,"path_per_floor":["R","M","M","M","M","?","T","$","R","M","$","?","R","T","M","B"],"character_chosen":"GUARDIAN","items_purchased":["Guardian:PrismaticBeam","Guardian:PiercingHide"],"campfire_rested":0,"item_purchase_floors":[8,8],"current_hp_per_floor":[72,68,63,60,53,53,53,49,49,49,49,49,49,49,38,0,0,0],"gold":93,"neow_bonus":"RANDOM_COMMON_RELIC","is_daily":false,"chose_seed":false,"campfire_upgraded":2,"win_rate":0.0,"timestamp":1611904164,"path_taken":["R","M","M","M","M","?","T","$","R","M","$","?","R","?","M","BOSS"],"items_purchased_type":["Card","Card"],"build_version":"2020-12-22","purchased_purges":0,"victory":false,"max_hp_per_floor":[80,80,80,80,80,80,80,80,80,80,80,80,80,80,80,80,80,80],"relic_stats":{"counters":[10,58],"Sundial":[4],"Orichalcum":[60],"War Paint":["Guardian:PiercingHide","Guardian:PiercingHide"],"obtain_stats":[{"Matryoshka":7,"Sundial":14,"Guardian:ModeShifter":0,"Orichalcum":0,"Odd Mushroom":12,"War Paint":14},{"Matryoshka":4,"Sundial":8,"Guardian:ModeShifter":0,"Orichalcum":0,"Odd Mushroom":8,"War Paint":8},{"Matryoshka":16,"Sundial":35,"Guardian:ModeShifter":0,"Orichalcum":0,"Odd Mushroom":35,"War Paint":35}]},"card_choices":[{"not_picked":["Guardian:DonusPower","Guardian:TemporalShield"],"picked":"Guardian:Reroute","floor":2},{"not_picked":["Guardian:Gem_Cyan","Guardian:Gem_Red"],"picked":"Guardian:Harden","floor":3},{"not_picked":["Guardian:ChargeCore","Guardian:Gem_Fragmented"],"picked":"Guardian:VentSteam","floor":4},{"not_picked":["Guardian:Gem_Lightblue","Guardian:BronzeOrb"],"picked":"Guardian:Preprogram","floor":5},{"not_picked":["Guardian:WalkerClaw","Guardian:Incinerate"],"picked":"Guardian:PiercingHide","floor":8},{"not_picked":["Guardian:Reroute","Guardian:Clone"],"picked":"Guardian:TemporalShield","floor":10},{"not_picked":["Guardian:WalkerClaw","Guardian:TemporalStrike"],"picked":"Guardian:Gem_Lightblue","floor":11},{"not_picked":["Guardian:DecasProtection","Guardian:ShieldCharger"],"picked":"Guardian:ArmoredProtocol","floor":12},{"not_picked":["Guardian:SentryBeam","Guardian:Repulse"],"picked":"Guardian:Gem_Cyan","floor":15}],"player_experience":931314,"relics_obtained":[{"floor":7,"key":"Matryoshka"},{"floor":12,"key":"Odd Mushroom"},{"floor":14,"key":"Sundial"},{"floor":14,"key":"War Paint"}],"event_choices":[{"damage_healed":0,"gold_gain":0,"player_choice":"Fought Mushrooms","damage_taken":0,"max_hp_gain":0,"max_hp_loss":0,"event_name":"Mushrooms","floor":12,"gold_loss":0}],"is_beta":false,"boss_relics":[],"items_purged_floors":[],"is_endless":false,"potions_floor_spawned":[2,4,10,15],"killed_by":"DF_ARCHETYPE_STREAMLINE","ascension_level":6}}