{"host":"AZZAM","time":1611893940,"event":{"mods":["BaseMod","Colored Map","Highlight Path","Minty Spire (QoL Compilation)","Relic Stats","Unceasing Turn Reminder"],"gold_per_floor":[115,125,38,38,57,89,89,89,89,89,115,128,144,219,219,314,314,331,331,345,345,345,345,345],"floor_reached":23,"language":"ENG","playtime":662,"items_purged":[],"score":229,"play_id":"754e697d-8eac-4708-8d64-94737bf3a417","local_time":"20210129071900","is_ascension_mode":true,"campfire_choices":[{"floor":7,"key":"DIG"},{"floor":10,"key":"DIG"},{"floor":15,"key":"DIG"}],"circlet_count":0,"master_deck":["Strike_G+1","Strike_G+1","Strike_G+1","Strike_G+1","Defend_G+1","Defend_G+1","Defend_G+1","Defend_G+1","Defend_G+1","Survivor","Blade Dance","Quick Slash","Deadly Poison","Terror","Dagger Throw","Deadly Poison","Noxious Fumes+1","Dodge and Roll","Phantasmal Killer","Well Laid Plans+1","Blade Dance","Catalyst","Bane"],"relics":["Ring of the Snake","NeowsBlessing","Shovel","MealTicket","Frozen Egg 2","Vajra","Art of War","HornCleat","HoveringKite"],"acts_visited":["Exordium","TheCity"],"potions_floor_usage":[6,16,16,23,23],"damage_taken":[{"damage":0,"enemies":"Small Slimes","floor":1,"turns":1},{"damage":0,"enemies":"2 Louse","floor":2,"turns":1},{"damage":0,"enemies":"Jaw Worm","floor":5,"turns":1},{"damage":22,"enemies":"3 Sentries","floor":6,"turns":6},{"damage":13,"enemies":"Gremlin Nob","floor":11,"turns":3},{"damage":4,"enemies":"Looter","floor":12,"turns":3},{"damage":12,"enemies":"3 Louse","floor":13,"turns":3},{"damage":21,"enemies":"The Guardian","floor":16,"turns":9},{"damage":4,"enemies":"3 Byrds","floor":18,"turns":6},{"damage":13,"enemies":"Spheric Guardian","floor":20,"turns":4},{"damage":61,"enemies":"Gremlin Leader","floor":23,"turns":5}],"seed_played":"-37739142158247365","potions_obtained":[{"floor":1,"key":"Swift Potion"},{"floor":2,"key":"Explosive Potion"},{"floor":12,"key":"Regen Potion"},{"floor":13,"key":"Poison Potion"},{"floor":20,"key":"Weak Potion"}],"is_trial":false,"path_per_floor":["M","M","$","?","M","E","R","?","T","R","E","M","M","?","R","B",null,"M","?","M","?","?","E"],"character_chosen":"THE_SILENT","items_purchased":["Deadly Poison","Terror"],"campfire_rested":0,"item_purchase_floors":[3,3],"current_hp_per_floor":[70,70,70,75,75,53,53,53,53,53,40,36,24,13,13,7,75,71,71,58,58,58,0,0],"gold":345,"neow_bonus":"THREE_ENEMY_KILL","is_daily":false,"chose_seed":false,"campfire_upgraded":0,"win_rate":0.0,"timestamp":1611893940,"path_taken":["M","M","$","?","M","E","R","?","T","R","E","M","M","?","R","BOSS","M","?","M","?","?","E"],"items_purchased_type":["Card","Card"],"build_version":"2020-12-18","purchased_purges":0,"victory":false,"max_hp_per_floor":[70,70,70,75,75,75,75,75,75,75,75,75,75,75,75,75,75,75,75,75,75,75,75,75],"relic_stats":{"Shovel":3,"counters":[11,42],"HoveringKite":[4],"MealTicket":0,"Art of War":[7],"obtain_stats":[{"Shovel":6,"HornCleat":15,"NeowsBlessing":0,"Vajra":10,"HoveringKite":17,"MealTicket":7,"Art of War":11,"Frozen Egg 2":8,"Ring of the Snake":0},{"Shovel":4,"HornCleat":7,"NeowsBlessing":0,"Vajra":4,"HoveringKite":8,"MealTicket":4,"Art of War":5,"Frozen Egg 2":4,"Ring of the Snake":0},{"Shovel":9,"HornCleat":18,"NeowsBlessing":0,"Vajra":9,"HoveringKite":27,"MealTicket":9,"Art of War":12,"Frozen Egg 2":9,"Ring of the Snake":0}],"Ring of the Snake":[22]},"card_choices":[{"not_picked":["Endless Agony","Catalyst"],"picked":"Blade Dance","floor":1},{"not_picked":["Deflect","Noxious Fumes"],"picked":"Quick Slash","floor":2},{"not_picked":["Expertise","Slice"],"picked":"Dagger Throw","floor":5},{"not_picked":["Caltrops","Blur"],"picked":"Deadly Poison","floor":6},{"not_picked":["Terror","Dagger Throw","All Out Attack"],"picked":"SKIP","floor":11},{"not_picked":["Choke","Deadly Poison"],"picked":"Noxious Fumes+1","floor":12},{"not_picked":["Deflect","Terror"],"picked":"Dodge and Roll","floor":13},{"not_picked":["A Thousand Cuts+1","Unload"],"picked":"Phantasmal Killer","floor":16},{"not_picked":["Dodge and Roll","Deadly Poison","All Out Attack"],"picked":"SKIP","floor":18},{"not_picked":["Escape Plan","Quick Slash"],"picked":"Blade Dance","floor":20}],"player_experience":64412,"relics_obtained":[{"floor":6,"key":"Shovel"},{"floor":7,"key":"MealTicket"},{"floor":10,"key":"Vajra"},{"floor":11,"key":"Art of War"},{"floor":15,"key":"HornCleat"}],"event_choices":[{"damage_healed":0,"gold_gain":0,"player_choice":"Donut","damage_taken":0,"max_hp_gain":5,"max_hp_loss":0,"event_name":"Big Fish","floor":4,"gold_loss":0},{"damage_healed":0,"gold_gain":0,"player_choice":"Searched \u00272\u0027 times","damage_taken":0,"relics_obtained":["Frozen Egg 2"],"max_hp_gain":0,"max_hp_loss":0,"event_name":"Dead Adventurer","floor":8,"gold_loss":0},{"damage_healed":0,"gold_gain":75,"player_choice":"Gather Gold","damage_taken":11,"max_hp_gain":0,"max_hp_loss":0,"event_name":"World of Goop","floor":14,"gold_loss":0},{"damage_healed":0,"gold_gain":0,"player_choice":"Read","damage_taken":0,"max_hp_gain":0,"max_hp_loss":0,"event_name":"The Library","floor":19,"gold_loss":0,"cards_obtained":["Well Laid Plans"]},{"damage_healed":0,"gold_gain":0,"player_choice":"Simplicity","damage_taken":0,"max_hp_gain":0,"max_hp_loss":0,"event_name":"Back to Basics","floor":21,"gold_loss":0,"cards_upgraded":["Strike_G","Strike_G","Strike_G","Strike_G","Strike_G","Defend_G","Defend_G","Defend_G","Defend_G","Defend_G"]},{"damage_healed":0,"gold_gain":0,"cards_transformed":["Neutralize","Strike_G"],"player_choice":"Became Test Subject","damage_taken":0,"max_hp_gain":0,"max_hp_loss":0,"event_name":"Drug Dealer","floor":22,"gold_loss":0,"cards_obtained":["Catalyst","Bane"]}],"is_beta":true,"boss_relics":[{"not_picked":["Philosopher\u0027s Stone","Calling Bell"],"picked":"HoveringKite"}],"items_purged_floors":[],"is_endless":false,"potions_floor_spawned":[1,2,12,13,20],"killed_by":"Gremlin Leader","ascension_level":3}}