{"host":"zrerxgu8lagrk16e","time":1611878414,"event":{"mods":["AchievementEnabler","BaseMod","Colored Map","Colored Powertips","Minty Spire (QoL Compilation)","Quick Restart","Relic Stats","StSLib","slay the spire mod where everything is the same but ironclad has a cowboy hat"],"gold_per_floor":[114,114,114,127,47,77,95,130,130,157,168,43,43,70,70,173,173,185,185,185,197,28,53,53,83,83,83,100,100,100],"floor_reached":29,"language":"ENG","playtime":1092,"items_purged":[],"score":467,"play_id":"be432580-8f99-4c45-99f7-e7505b4224c7","local_time":"20210128190014","is_ascension_mode":true,"campfire_choices":[{"data":"Limit Break","floor":13.0,"key":"SMITH"},{"data":"Berserk","floor":15.0,"key":"SMITH"},{"data":"Reaper","floor":24.0,"key":"SMITH"},{"data":"J.A.X.","floor":27.0,"key":"SMITH"}],"circlet_count":0,"master_deck":["Strike_R+1","Strike_R+1","Strike_R+1","Strike_R+1","Strike_R+1","Defend_R+1","Defend_R+1","Defend_R+1","Defend_R+1","Bash","Headbutt","Pain","Rampage","Rampage+1","Limit Break+1","Iron Wave","Rupture","Anger","Carnage","Inflame","Anger","Berserk+1","Spot Weakness+1","J.A.X.+1","Pummel","Flex","Reaper+1","Headbutt"],"relics":["Burning Blood","NeowsBlessing","WarpedTongs","Whetstone","Sundial","Centennial Puzzle","Pocketwatch","Meat on the Bone","Philosopher\u0027s Stone","Brimstone","Akabeko","The Courier"],"acts_visited":["Exordium","TheCity"],"potions_floor_usage":[],"damage_taken":[{"damage":0.0,"enemies":"Small Slimes","floor":1.0,"turns":1.0},{"damage":0.0,"enemies":"Jaw Worm","floor":4.0,"turns":1.0},{"damage":0.0,"enemies":"3 Sentries","floor":6.0,"turns":1.0},{"damage":8.0,"enemies":"Cultist","floor":7.0,"turns":3.0},{"damage":20.0,"enemies":"Gremlin Nob","floor":8.0,"turns":3.0},{"damage":6.0,"enemies":"Lagavulin","floor":10.0,"turns":5.0},{"damage":4.0,"enemies":"2 Fungi Beasts","floor":11.0,"turns":3.0},{"damage":28.0,"enemies":"3 Sentries","floor":14.0,"turns":4.0},{"damage":6.0,"enemies":"Slime Boss","floor":16.0,"turns":5.0},{"damage":18.0,"enemies":"Shell Parasite","floor":18.0,"turns":2.0},{"damage":10.0,"enemies":"Spheric Guardian","floor":21.0,"turns":3.0},{"damage":19.0,"enemies":"Gremlin Leader","floor":23.0,"turns":4.0},{"damage":35.0,"enemies":"Slavers","floor":25.0,"turns":4.0},{"damage":19.0,"enemies":"Snecko","floor":28.0,"turns":3.0},{"damage":33,"enemies":"Gremlin Leader","floor":29,"turns":3}],"seed_played":"-39347362912306336","potions_obtained":[{"floor":1.0,"key":"LiquidMemories"},{"floor":6.0,"key":"ColorlessPotion"},{"floor":7.0,"key":"SpeedPotion"},{"floor":16.0,"key":"DistilledChaos"},{"floor":21.0,"key":"SpeedPotion"},{"floor":23.0,"key":"ColorlessPotion"}],"is_trial":false,"path_per_floor":["M","?","?","M","$","E","M","E","T","E","M","$","R","E","R","B",null,"M","?","?","M","$","E","R","E","T","R","M","E"],"character_chosen":"IRONCLAD","items_purchased":["Rampage","Inflame","Anger","Brimstone","Flex"],"campfire_rested":0,"item_purchase_floors":[5,12,12,22,22],"current_hp_per_floor":[80,64,64,70,70,76,74,60,60,60,62,62,62,40,40,52,80,68,68,68,64,64,51,51,34,34,34,33,0,0],"gold":100,"neow_bonus":"THREE_ENEMY_KILL","is_daily":false,"chose_seed":false,"campfire_upgraded":4,"win_rate":0.0,"timestamp":1611878414,"path_taken":["M","?","?","M","$","E","M","E","T","E","M","$","R","E","R","BOSS","M","?","?","M","$","E","R","E","T","R","M","E"],"items_purchased_type":["Card","Card","Card","Relic","Card"],"build_version":"2020-12-22","purchased_purges":0,"victory":false,"max_hp_per_floor":[80,80,80,80,80,80,80,80,80,80,80,80,80,80,80,80,80,80,80,80,80,80,80,80,80,80,80,80,80,80],"relic_stats":{"Centennial Puzzle":[30],"counters":[15,45],"Sundial":[2],"Whetstone":["Strike_R","Rampage"],"obtain_stats":[{"Centennial Puzzle":9,"NeowsBlessing":0,"Sundial":8,"Brimstone":22,"Philosopher\u0027s Stone":17,"The Courier":25,"Whetstone":6,"Burning Blood":0,"Akabeko":23,"WarpedTongs":3,"Pocketwatch":10,"Meat on the Bone":14},{"Centennial Puzzle":5,"NeowsBlessing":0,"Sundial":5,"Brimstone":11,"Philosopher\u0027s Stone":9,"The Courier":13,"Whetstone":3,"Burning Blood":0,"Akabeko":12,"WarpedTongs":1,"Pocketwatch":6,"Meat on the Bone":8},{"Centennial Puzzle":9,"NeowsBlessing":0,"Sundial":9,"Brimstone":31,"Philosopher\u0027s Stone":26,"The Courier":39,"Whetstone":3,"Burning Blood":0,"Akabeko":35,"WarpedTongs":1,"Pocketwatch":14,"Meat on the Bone":21}],"Burning Blood":78,"WarpedTongs":[43],"Pocketwatch":[17],"Meat on the Bone":36},"card_choices":[{"not_picked":["Rage","Havoc"],"picked":"Headbutt","floor":1.0},{"not_picked":["Sword Boomerang","Intimidate"],"picked":"Rampage","floor":4.0},{"not_picked":["Spot Weakness","Burning Pact"],"picked":"Limit Break","floor":6.0},{"not_picked":["Reckless Charge","Heavy Blade"],"picked":"Iron Wave","floor":7.0},{"not_picked":["Fire Breathing","Blood for Blood"],"picked":"Rupture","floor":8.0},{"not_picked":["Shrug It Off","Thunderclap"],"picked":"Anger","floor":10.0},{"not_picked":["Reckless Charge","Headbutt"],"picked":"Carnage","floor":11.0},{"not_picked":["Anger","Feel No Pain"],"picked":"Berserk","floor":14.0},{"not_picked":["Body Slam","Cleave+1"],"picked":"Spot Weakness+1","floor":18.0},{"not_picked":["Clash+1","Rampage"],"picked":"Pummel","floor":21.0},{"not_picked":["Pommel Strike","Clothesline"],"picked":"Reaper","floor":23.0},{"not_picked":["Warcry","Feel No Pain","Havoc"],"picked":"SKIP","floor":25.0},{"not_picked":["Fire Breathing+1","Searing Blow"],"picked":"Headbutt","floor":28.0}],"player_experience":185053,"relics_obtained":[{"floor":6.0,"key":"Whetstone"},{"floor":8.0,"key":"Sundial"},{"floor":9.0,"key":"Centennial Puzzle"},{"floor":10.0,"key":"Pocketwatch"},{"floor":14.0,"key":"Meat on the Bone"},{"floor":23.0,"key":"Akabeko"},{"floor":25.0,"key":"The Courier"}],"event_choices":[{"damage_healed":0.0,"max_hp_gain":0.0,"max_hp_loss":0.0,"gold_gain":0.0,"event_name":"Shining Light","player_choice":"Entered Light","floor":2.0,"gold_loss":0.0,"damage_taken":16.0,"cards_upgraded":["Strike_R","Strike_R"]},{"damage_healed":0.0,"max_hp_gain":0.0,"max_hp_loss":0.0,"gold_gain":0.0,"event_name":"Accursed Blacksmith","player_choice":"Rummage","floor":3.0,"gold_loss":0.0,"damage_taken":0.0,"relics_obtained":["WarpedTongs"],"cards_obtained":["Pain"]},{"damage_healed":0.0,"max_hp_gain":0.0,"max_hp_loss":0.0,"gold_gain":0.0,"event_name":"Back to Basics","player_choice":"Simplicity","floor":19.0,"gold_loss":0.0,"damage_taken":0.0,"cards_upgraded":["Strike_R","Strike_R","Defend_R","Defend_R","Defend_R","Defend_R"]},{"damage_healed":0.0,"max_hp_gain":0.0,"max_hp_loss":0.0,"gold_gain":0.0,"event_name":"Drug Dealer","player_choice":"Obtain J.A.X.","floor":20.0,"gold_loss":0.0,"damage_taken":0.0,"cards_obtained":["J.A.X."]}],"is_beta":false,"boss_relics":[{"not_picked":["Calling Bell","Runic Cube"],"picked":"Philosopher\u0027s Stone"}],"items_purged_floors":[],"is_endless":false,"potions_floor_spawned":[1,6,7,16,21,23],"killed_by":"Gremlin Leader","ascension_level":4}}