{"host":"9slw7l0ws16384qq","time":1611922091,"event":{"mods":["A Penny For Your Troubles","BaseMod","Colored Map","Downfall","Evolution","Hubris","Minty Spire (QoL Compilation)","Replay The Spire","StS++","StSLib"],"gold_per_floor":[99,119,135,135,285,285,285,320,336,336,336,348,258,274,288,385,385,385,195,195,207,220,232,305,317,331,331,351,362,26,37,52,52,52,52],"floor_reached":33,"language":"FRA","playtime":1788,"items_purged":["downfall:Icky","bronze:Defend"],"score":255,"play_id":"834a9c69-9670-4eb4-a4a5-454f0c1920e2","local_time":"20210129130811","is_ascension_mode":false,"campfire_choices":[{"data":"bronze:Goto","floor":1.0,"key":"PURGE"},{"data":"bronze:Flail","floor":11.0,"key":"SMITH"},{"data":"Juggernaut","floor":18.0,"key":"SMITH"},{"data":"bronze:Constructor","floor":27.0,"key":"SMITH"}],"circlet_count":0,"master_deck":["bronze:Strike","bronze:Strike","bronze:Strike","bronze:Defend","bronze:Defend","bronze:Defend","bronze:Replicate","bronze:Constructor+1","bronze:Constructor","bronze:Flail+1","bronze:ChosenStrike","bronze:ChosenStrike","Juggernaut+1","bronze:DarkDash","expansioncontent:QuickStudy","bronze:Verify"],"relics":["EVO:Axolotl","Tiny Chest","m_BronzeBlood","Counterbalance","Replay:Accelerometer","Onion Ring","Velvet Choker","Matryoshka","Medical Kit"],"acts_visited":["Exordium","TheCity"],"potions_floor_usage":[33,33],"damage_taken":[{"damage":1.0,"enemies":"Cultist","floor":2.0,"turns":4.0},{"damage":0.0,"enemies":"Small Slimes","floor":3.0,"turns":3.0},{"damage":16.0,"enemies":"Gremlin Nob","floor":8.0,"turns":6.0},{"damage":6.0,"enemies":"Jaw Worm","floor":9.0,"turns":4.0},{"damage":0.0,"enemies":"Gremlin Gang","floor":12.0,"turns":3.0},{"damage":10.0,"enemies":"downfall:FleeingMerchant","floor":13.0,"turns":4.0},{"damage":1.0,"enemies":"2 Fungi Beasts","floor":14.0,"turns":2.0},{"damage":6.0,"enemies":"Exordium Wildlife","floor":15.0,"turns":4.0},{"damage":29.0,"enemies":"SI_SHIV_ARCHETYPE","floor":16.0,"turns":10.0},{"damage":0.0,"enemies":"downfall:FleeingMerchant","floor":19.0,"turns":4.0},{"damage":0.0,"enemies":"Spheric Guardian","floor":21.0,"turns":3.0},{"damage":19.0,"enemies":"Snake Plant","floor":22.0,"turns":4.0},{"damage":4.0,"enemies":"Cultist and Chosen","floor":23.0,"turns":6.0},{"damage":8.0,"enemies":"Chosen and Byrds","floor":25.0,"turns":6.0},{"damage":12.0,"enemies":"Snecko","floor":26.0,"turns":4.0},{"damage":16.0,"enemies":"Snake Plant","floor":28.0,"turns":3.0},{"damage":7.0,"enemies":"Centurion and Healer","floor":29.0,"turns":4.0},{"damage":0.0,"enemies":"downfall:FleeingMerchant","floor":30.0,"turns":4.0},{"damage":3.0,"enemies":"Snecko","floor":31.0,"turns":3.0},{"damage":13.0,"enemies":"Snake Plant","floor":32.0,"turns":4.0},{"damage":48,"enemies":"DF_ARCHETYPE_CLAW","floor":33,"turns":6}],"seed_played":"3453927672553952075","potions_obtained":[{"floor":3.0,"key":"EssenceOfSteel"},{"floor":8.0,"key":"bronze:FreeFunctionsPotion"},{"floor":9.0,"key":"AttackPotion"},{"floor":16.0,"key":"LifebloodPotion"},{"floor":21.0,"key":"SteroidPotion"}],"is_trial":false,"path_per_floor":["R_BF","M","M","?","?","?","T","E","M","T","R","M","$","M","M","B",null,"R","$","?","M","M","M","T","M","M","R","M","M","$","M","M","B"],"character_chosen":"THE_AUTOMATON","items_purchased":["bronze:DarkDash","Medical Kit","expansioncontent:QuickStudy"],"campfire_rested":0,"item_purchase_floors":[19,30,30],"current_hp_per_floor":[70,69,69,69,69,69,69,59,59,59,59,65,61,66,66,43,70,70,70,70,70,57,59,59,57,51,51,41,40,46,49,42,0,0,0],"gold":52,"neow_bonus":"RANDOM_COMMON_RELIC","is_daily":false,"chose_seed":false,"campfire_upgraded":3,"win_rate":0.0,"timestamp":1611922091,"path_taken":["R_BF","M","M","?","?","?","T","E","M","?","R","M","$","?","M","BOSS","R","$","?","M","M","?","T","M","M","R","M","M","$","M","M","BOSS"],"items_purchased_type":["Card","Relic","Card"],"build_version":"2020-12-22","purchased_purges":2,"victory":false,"max_hp_per_floor":[70,70,70,70,70,70,70,70,70,70,70,70,70,70,70,70,70,70,70,70,70,70,70,70,70,70,70,70,70,70,70,70,70,70,70],"card_choices":[{"not_picked":["bronze:BuggyMess","bronze:DigitalCarnage"],"picked":"bronze:Constructor","floor":2.0},{"not_picked":["bronze:Mutator","bronze:Safeguard"],"picked":"bronze:Constructor","floor":3.0},{"not_picked":["bronze:BitShift","bronze:ForceShield"],"picked":"bronze:Flail","floor":8.0},{"not_picked":["bronze:Iterate","bronze:WhirlingStrike","Fire Breathing"],"picked":"SKIP","floor":9.0},{"not_picked":["bronze:ItsAFeature","bronze:Repulsor","bronze:DelayedSlice"],"picked":"SKIP","floor":12.0},{"not_picked":["Ghostly Armor","bronze:Optimize"],"picked":"bronze:ChosenStrike","floor":13.0},{"not_picked":["bronze:Philosophize","Body Slam"],"picked":"bronze:ChosenStrike","floor":14.0},{"not_picked":["Body Slam","bronze:Constructor","ReplayReversal"],"picked":"SKIP","floor":15.0},{"not_picked":["bronze:Break","bronze:HardenedForm"],"picked":"Juggernaut","floor":16.0},{"not_picked":["bronze:DelayedGuard","bronze:BuggyMess+1","bronze:DelayedSlice"],"picked":"SKIP","floor":19.0},{"not_picked":["bronze:CloningBeam","bronze:BronzeOrb","bronze:Flail"],"picked":"SKIP","floor":21.0},{"not_picked":["bronze:Allocate+1","bronze:Invalidate","bronze:ChildClass"],"picked":"SKIP","floor":22.0},{"not_picked":["bronze:FollowUp+1","bronze:ItsAFeature","bronze:ChildClass"],"picked":"SKIP","floor":23.0},{"not_picked":["bronze:Repulsor","bronze:OilSpill","bronze:Separator"],"picked":"SKIP","floor":25.0},{"not_picked":["bronze:CutThrough","bronze:Turbo","bronze:ForLoop"],"picked":"SKIP","floor":26.0},{"not_picked":["bronze:Frontload+1","bronze:BitShift+1","bronze:FollowUp+1"],"picked":"SKIP","floor":28.0},{"not_picked":["bronze:CutThrough","bronze:Branch","bronze:Deprecate"],"picked":"SKIP","floor":29.0},{"not_picked":["bronze:Format","bronze:Constructor","bronze:CloningBeam"],"picked":"SKIP","floor":30.0},{"not_picked":["bronze:OilSpill+1","bronze:FineTuning","bronze:BronzeOrb"],"picked":"SKIP","floor":31.0},{"not_picked":["bronze:Overheat","bronze:WildBeam+1"],"picked":"bronze:Verify","floor":32.0}],"player_experience":1537055,"relics_obtained":[{"floor":7.0,"key":"Counterbalance"},{"floor":8.0,"key":"Replay:Accelerometer"},{"floor":10.0,"key":"Onion Ring"},{"floor":24.0,"key":"Matryoshka"}],"event_choices":[{"cards_removed":["bronze:Strike"],"damage_healed":0.0,"max_hp_gain":0.0,"max_hp_loss":0.0,"gold_gain":0.0,"event_name":"Bonfire Elementals","player_choice":"Offered Basic","floor":20.0,"gold_loss":0.0,"damage_taken":0.0}],"is_beta":false,"boss_relics":[{"not_picked":["StSpp:CrystalBall","Replay:Drink Me"],"picked":"Velvet Choker"}],"items_purged_floors":[13,19],"is_endless":false,"potions_floor_spawned":[3,8,9,16,21,26,28,31,32],"killed_by":"DF_ARCHETYPE_CLAW","ascension_level":0}}