{"host":"99l0i25nwwr6z99u","time":1611884362,"event":{"mods":["Act Like it!","BaseMod","Colored Map","Colored Powertips","Downfall","Googly Eyes","Minty Spire (QoL Compilation)","Quick Restart","StSLib"],"gold_per_floor":[99,111,130,130,143,172,196,208,231,243,272,284,34,46,60,60,60,60],"floor_reached":16,"language":"ENG","playtime":703,"items_purged":[],"score":104,"play_id":"88d0f9ee-0b35-4d0d-ab7d-29270cb90741","local_time":"20210128203922","is_ascension_mode":false,"campfire_choices":[{"data":"champ:Execute","floor":1,"key":"SMITH"},{"data":"champ:ShieldSlam","floor":8,"key":"SMITH"},{"data":"champ:VampiricStrike","floor":10,"key":"SMITH"}],"circlet_count":0,"master_deck":["champ:Strike","champ:Strike","champ:Strike","champ:Strike","champ:Defend","champ:Defend","champ:Defend","champ:Defend","champ:Execute+1","champ:Taunt","champ:ShieldSlam+1","champ:Shatter","champ:GutPunch","champ:VampiricStrike+1","champ:Haymaker","champ:TornadoPunch","champ:BerserkersShout","expansioncontent:GuardianWhirl","champ:SetATrap"],"relics":["champ:ChampionCrown","Bag of Preparation","Happy Flower","MawBank","Akabeko"],"acts_visited":["Exordium"],"potions_floor_usage":[6,6,16,16],"damage_taken":[{"damage":15,"enemies":"2 Louse","floor":2,"turns":2},{"damage":15,"enemies":"Small Slimes","floor":3,"turns":4},{"damage":11,"enemies":"Jaw Worm","floor":5,"turns":4},{"damage":41,"enemies":"Lagavulin","floor":6,"turns":7},{"damage":0,"enemies":"Red Slaver","floor":9,"turns":3},{"damage":18,"enemies":"Exordium Thugs","floor":11,"turns":5},{"damage":20,"enemies":"downfall:FleeingMerchant","floor":13,"turns":4},{"damage":20,"enemies":"Large Slime","floor":14,"turns":4},{"damage":22,"enemies":"Blue Slaver","floor":15,"turns":2},{"damage":49,"enemies":"SI_SHIV_ARCHETYPE","floor":16,"turns":7}],"seed_played":"-803079444248723630","potions_obtained":[{"floor":3,"key":"champ:UltimateStancePotion"},{"floor":5,"key":"Fire Potion"},{"floor":9,"key":"GamblersBrew"},{"floor":11,"key":"Weak Potion"}],"is_trial":false,"path_per_floor":["R","M","M","?","M","E","T","R","M","R","M","?","$","M","M","B"],"character_chosen":"THE_CHAMP","items_purchased":["Akabeko","expansioncontent:GuardianWhirl"],"campfire_rested":0,"item_purchase_floors":[13,13],"current_hp_per_floor":[90,85,80,85,84,58,58,58,58,58,55,55,55,55,48,0,0,0],"gold":60,"neow_bonus":"RANDOM_COMMON_RELIC","is_daily":false,"chose_seed":false,"campfire_upgraded":3,"win_rate":0.0,"timestamp":1611884362,"path_taken":["R","M","M","?","M","E","T","R","M","R","M","?","$","M","M","BOSS"],"items_purchased_type":["Relic","Card"],"build_version":"2020-12-22","purchased_purges":0,"victory":false,"max_hp_per_floor":[90,90,90,95,95,95,95,95,95,95,95,95,95,95,95,95,95,95],"card_choices":[{"not_picked":["champ:Backstep","champ:StanceDance"],"picked":"champ:ShieldSlam","floor":2},{"not_picked":["champ:Lariat","champ:EnGarde"],"picked":"champ:Shatter","floor":3},{"not_picked":["champ:FaceSlap","champ:CrownThrow"],"picked":"champ:GutPunch","floor":5},{"not_picked":["champ:BerserkersShout","champ:FocusedBerserking"],"picked":"champ:VampiricStrike","floor":6},{"not_picked":["champ:FocusedBerserking","champ:AdrenalArmor"],"picked":"champ:Haymaker","floor":9},{"not_picked":["champ:RisingSlash","champ:Shatter"],"picked":"champ:TornadoPunch","floor":11},{"not_picked":["champ:CrownThrow","champ:Backstep"],"picked":"champ:BerserkersShout","floor":13},{"not_picked":["champ:SwordThrow","champ:Circumvent"],"picked":"champ:SetATrap","floor":14},{"not_picked":["champ:TornadoPunch","champ:AdrenalArmor","champ:EnGarde"],"picked":"SKIP","floor":15}],"player_experience":943373,"relics_obtained":[{"floor":6,"key":"Happy Flower"},{"floor":7,"key":"MawBank"}],"event_choices":[{"damage_healed":0,"gold_gain":0,"player_choice":"Donut","damage_taken":0,"max_hp_gain":5,"max_hp_loss":0,"event_name":"Big Fish","floor":4,"gold_loss":0}],"is_beta":false,"boss_relics":[],"items_purged_floors":[],"is_endless":false,"potions_floor_spawned":[3,5,9,11],"killed_by":"SI_SHIV_ARCHETYPE","ascension_level":0}}