{"host":"l84l8xigz5v5foa2","time":1611885963,"event":{"mods":["2.2 Compatiblity","AchievementEnabler","BaseMod","Better Note","Better Vampires","Card Filter","Colored Map","DeckTracker","Downfall","Gremlin Skip","Highlight Path","Keyboard Shortcuts","Minty Spire (QoL Compilation)","Permanent Neow","Quick Restart","Relic Filter","Relic Stats","StSLib","SuperFastMode","Transform Curses","Unknown Chances"],"gold_per_floor":[110,110,35,48,58,58,85,85,85,85,97,13,13,46,46,46,46],"floor_reached":16,"language":"ENG","playtime":456,"items_purged":[],"score":266,"play_id":"49684c3d-5fcb-415e-b7b8-92afa3062032","local_time":"20210129110603","is_ascension_mode":true,"campfire_choices":[{"data":"Eruption","floor":6.0,"key":"SMITH"},{"data":"ForeignInfluence","floor":8.0,"key":"SMITH"},{"data":"Perseverance","floor":10.0,"key":"SMITH"},{"data":"Adaptation","floor":15.0,"key":"SMITH"}],"circlet_count":0,"master_deck":["AscendersBane","Strike_P+1","Strike_P","Strike_P","Defend_P+1","Defend_P","Defend_P","Eruption+1","Vigilance","WheelKick","Crescendo","EmptyFist","Perseverance+1","ForeignInfluence+1","Sanctity","Adaptation","Adaptation+1"],"relics":["PureWater","Torii","Bottled Flame","Singing Bowl","Eternal Feather"],"acts_visited":["Exordium"],"potions_floor_usage":[],"damage_taken":[{"damage":1.0,"enemies":"Jaw Worm","floor":1.0,"turns":5.0},{"damage":1.0,"enemies":"Small Slimes","floor":4.0,"turns":2.0},{"damage":0.0,"enemies":"2 Louse","floor":5.0,"turns":2.0},{"damage":0.0,"enemies":"Gremlin Nob","floor":7.0,"turns":2.0},{"damage":0.0,"enemies":"2 Fungi Beasts","floor":11.0,"turns":2.0},{"damage":1.0,"enemies":"Lagavulin","floor":14.0,"turns":4.0},{"damage":30,"enemies":"Hexaghost","floor":16,"turns":10}],"seed_played":"5565829011011363013","potions_obtained":[{"floor":5.0,"key":"Energy Potion"},{"floor":14.0,"key":"FearPotion"}],"is_trial":false,"path_per_floor":["M","?","?","M","M","R","E","R","T","R","M","$","?","E","R","B"],"character_chosen":"WATCHER","items_purchased":["Adaptation"],"campfire_rested":0,"item_purchase_floors":[12],"current_hp_per_floor":[42,42,42,41,41,41,41,41,41,41,41,41,21,20,29,0,0],"gold":46,"neow_bonus":"ONE_RARE_RELIC","is_daily":false,"chose_seed":false,"campfire_upgraded":4,"win_rate":0.0,"timestamp":1611885963,"path_taken":["M","?","?","M","M","R","E","R","T","R","M","$","?","E","R","BOSS"],"items_purchased_type":["Card"],"build_version":"2020-12-22","purchased_purges":0,"victory":false,"max_hp_per_floor":[68,68,68,68,68,68,68,68,68,68,68,68,68,68,68,68,68],"relic_stats":{"Torii":11,"Singing Bowl":0,"counters":[7,27],"Eternal Feather":9,"obtain_stats":[{"Bottled Flame":7,"Torii":0,"Singing Bowl":9,"Eternal Feather":14,"PureWater":0},{"Bottled Flame":4,"Torii":0,"Singing Bowl":4,"Eternal Feather":6,"PureWater":0},{"Bottled Flame":11,"Torii":0,"Singing Bowl":11,"Eternal Feather":17,"PureWater":0}]},"card_choices":[{"not_picked":["Evaluate","WindmillStrike"],"picked":"WheelKick","floor":1.0},{"not_picked":["FlurryOfBlows","Crescendo"],"picked":"EmptyFist","floor":4.0},{"not_picked":["JustLucky","BowlingBash"],"picked":"Perseverance","floor":5.0},{"not_picked":["Sanctity","Consecrate"],"picked":"ForeignInfluence","floor":7.0},{"not_picked":["Wireheading","Consecrate"],"picked":"Sanctity","floor":11.0},{"not_picked":["EmptyBody","FlurryOfBlows"],"picked":"Adaptation","floor":14.0}],"player_experience":3476294,"relics_obtained":[{"floor":7.0,"key":"Bottled Flame"},{"floor":9.0,"key":"Singing Bowl"},{"floor":14.0,"key":"Eternal Feather"}],"event_choices":[{"damage_healed":0.0,"max_hp_gain":0.0,"max_hp_loss":0.0,"gold_gain":0.0,"cards_transformed":["Strike_P"],"event_name":"Living Wall","player_choice":"Change","floor":2.0,"gold_loss":0.0,"damage_taken":0.0,"cards_obtained":["Crescendo"]},{"cards_removed":["Defend_P"],"damage_healed":0.0,"max_hp_gain":0.0,"max_hp_loss":0.0,"gold_gain":0.0,"event_name":"The Cleric","player_choice":"Card Removal","floor":3.0,"gold_loss":75.0,"damage_taken":0.0},{"damage_healed":0.0,"max_hp_gain":0.0,"max_hp_loss":0.0,"gold_gain":0.0,"event_name":"Shining Light","player_choice":"Entered Light","floor":13.0,"gold_loss":0.0,"damage_taken":20.0,"cards_upgraded":["Defend_P","Strike_P"]}],"is_beta":false,"boss_relics":[],"items_purged_floors":[],"is_endless":false,"potions_floor_spawned":[5,14],"killed_by":"Hexaghost","ascension_level":20}}