{"host":"rlwsj8oje50c4na7","time":1611900957,"event":{"mods":["2.2 Compatiblity","Act Like it!","Arknights The Spire","Aspiration","BaseMod","Beaked The Cultist","Bestiary","Better Altar","Better Skull","Better Third Choice","BetterRewards","Colored Map","Colored Powertips","Conspire","Defuse TimeMaze Blight","Energized Spire","Friendly Minions","Gensokyo","GifTheSpireLib","GungeonMod","Halation","Hallownest","Hermit","Highlight Path","Hubris","Infinite Spire","Jedi Mod","JesterMod","Jorbs\u0027s Wanderer Trilogy","Mad Scientist","Minty Spire (QoL Compilation)","Quick Restart","Random Character Button","Relic Stats","Reliquary","Reorder Act Four","Replay The Spire","Shade Mod","Shop Mod","Spicy Shops","StSLib","Stuff the Spire","The Administrix","The Blackbeard","The Bladedancer","The Blue Laboratory","The Bug Knight","The Clintock","The Construct","The Cursed","The Disciple","The Exalted","The Forsaken","The Hierophant","The IronCluck","The Judge","The Kombatant","The Marked","The Mystic","The Necromancer","The Runesmith","The Servant 0.9.4","TheSwordswoman","Waifu the Spire","everything is the same but u backflip on backflip","slay the spire mod where everything is the same but ironclad has a cowboy hat"],"gold_per_floor":[119,130,142,67,86,86,98,124,124,124,137,137,156,194,194,298,298,315,330,351,92,92,92,127,127,127,188,205,205,222,285,285,393,493,516,516,373,389,340,374,408,420,432,467,479,527,559,589,601,613,625,307,307,338,338],"floor_reached":56,"language":"ENG","playtime":14443,"items_purged":["hierophant:Strike_Hierophant"],"score":1270,"play_id":"3ea82583-ae46-405d-b475-3524694b69aa","local_time":"20210129081557","is_ascension_mode":false,"campfire_choices":[{"data":"hierophant:RepressedViolence","floor":10.0,"key":"SMITH"},{"floor":15.0,"key":"RECALL"},{"data":"hierophant:Repentance","floor":23.0,"key":"SMITH"},{"data":"hierophant:PristineSoul","floor":25.0,"key":"SMITH"},{"data":"hierophant:DivineIntervention","floor":42.0,"key":"SMITH"},{"data":"StuffTheSpire:BrainWave","floor":45.0,"key":"SMITH"},{"data":"hierophant:PassingBell","floor":49.0,"key":"SMITH"},{"data":"ReplayTheSpireMod:Brewmster","floor":53.0,"key":"SMITH"}],"circlet_count":0,"master_deck":["StuffTheSpire:BrainWave+1","hierophant:Strike_Hierophant","hierophant:Strike_Hierophant","hierophant:Strike_Hierophant+1","hierophant:Punish+1","hierophant:Defend_Hierophant","hierophant:Defend_Hierophant","hierophant:ChurchCoffers+1","hierophant:PassingBell","hierophant:RepressedViolence+1","hierophant:Smite","hierophant:PristineSoul+1","hierophant:PassingBell+1","hierophant:OrnateBuckler","hierophant:Repentance+1","hierophant:DivineIntervention+1","hierophant:HolyVerse+1","hierophant:OrnateBuckler","hierophant:Flagellation+1","ReplayTheSpireMod:Brewmster+1","hierophant:Endure+1"],"relics":["hierophant:PropheticMaskRelic","Bromod:ArcaneAwakening","DemoMod:Antibody","construct:WeddingRing","infinitespire:CheckeredPen","Red Mask","DemoMod:VorpalBullet","jedi:archwizardhat","MealTicket","Replay:Wanted Poster","halation:Komachan","MawBank","reliquary:WeakTea","beaked:ShinyBauble","Centennial Puzzle","hubris:DeckOfHolding"],"acts_visited":["Hallownest:Greenpath","Hallownest:CityofTears","Hallownest:KingdomsEdge","TheEnding"],"potions_floor_usage":[55,55,55,55],"damage_taken":[{"damage":0.0,"enemies":"Hallownest:monsterHuskWarrior","floor":1.0,"turns":2.0},{"damage":0.0,"enemies":"Hallownest:2_Baldur","floor":2.0,"turns":2.0},{"damage":5.0,"enemies":"Hallownest:2_Tiktiks_and_1_Crawlid","floor":3.0,"turns":3.0},{"damage":0.0,"enemies":"Hallownest:2_Tiktiks_1_Baldur_1_Crawlid","floor":5.0,"turns":2.0},{"damage":1.0,"enemies":"Hallownest:monsterMarmu","floor":6.0,"turns":2.0},{"damage":0.0,"enemies":"Hallownest:monsterAspidMother","floor":7.0,"turns":3.0},{"damage":5.0,"enemies":"Hallownest:eliteMossKnight","floor":8.0,"turns":3.0},{"damage":0.0,"enemies":"Hallownest:MossCreep_and_Mosskin","floor":11.0,"turns":2.0},{"damage":0.0,"enemies":"Hallownest:2_Tiktiks_1_Baldur_1_Crawlid","floor":13.0,"turns":1.0},{"damage":0.0,"enemies":"Hallownest:eliteVengeflyKing","floor":14.0,"turns":3.0},{"damage":11.0,"enemies":"Hallownest:BossHornet","floor":16.0,"turns":9.0},{"damage":0.0,"enemies":"Hallownest:Flukemon_and_Top","floor":18.0,"turns":2.0},{"damage":0.0,"enemies":"Hallownest:Guard_and_Sentry","floor":19.0,"turns":2.0},{"damage":1.0,"enemies":"Hallownest:2_Flukemon","floor":20.0,"turns":2.0},{"damage":4.0,"enemies":"Hallownest:eliteSoulWarrior","floor":24.0,"turns":7.0},{"damage":13.0,"enemies":"Hallownest:Glutton_and_Coward","floor":27.0,"turns":3.0},{"damage":0.0,"enemies":"Hallownest:monsterShrumalOgre","floor":28.0,"turns":3.0},{"damage":0.0,"enemies":"Hallownest:2_Husk_Sentries","floor":30.0,"turns":2.0},{"damage":5.0,"enemies":"Hallownest:Glutton_and_Coward","floor":31.0,"turns":3.0},{"damage":33.0,"enemies":"Hallownest:BossGrimm","floor":33.0,"turns":6.0},{"damage":0.0,"enemies":"Hallownest:Shield_Heavy","floor":35.0,"turns":3.0},{"damage":0.0,"enemies":"Hallownest:3_Siblings","floor":38.0,"turns":2.0},{"damage":7.0,"enemies":"Hallownest:eliteHiveKnight","floor":40.0,"turns":5.0},{"damage":0.0,"enemies":"Hallownest:monsterPrimalAspid","floor":41.0,"turns":2.0},{"damage":0.0,"enemies":"Hallownest:2_Wandering_and_1_Horned","floor":44.0,"turns":1.0},{"damage":0.0,"enemies":"Hallownest:StalkingDevout","floor":46.0,"turns":3.0},{"damage":11.0,"enemies":"Hallownest:Slobbering_and_Violent","floor":47.0,"turns":3.0},{"damage":1.0,"enemies":"Hallownest:monsterPrimalAspid","floor":48.0,"turns":2.0},{"damage":32.0,"enemies":"Hallownest:BossGreyPrinceZote","floor":50.0,"turns":6.0},{"damage":10.0,"enemies":"Shield and Spear","floor":54.0,"turns":2.0},{"damage":64,"enemies":"The Heart","floor":55,"turns":8}],"seed_played":"-3756159560685671581","potions_obtained":[{"floor":1.0,"key":"Toxic Potion"},{"floor":5.0,"key":"LiquidMemories"},{"floor":7.0,"key":"AttackPotion"},{"floor":11.0,"key":"Fire Potion"},{"floor":16.0,"key":"Energy Potion"},{"floor":28.0,"key":"LifebloodPotion"},{"floor":41.0,"key":"Fire Potion"}],"is_trial":false,"path_per_floor":["M","M","M","$","M","?","M","E","T","R","M","?","M","E","R","B",null,"M","M","M","$","?","R","E","R","T","M","M","T","M","M","R_BF","B",null,"M","?","$","M","$","E","M","R","T","M","R","E","M","M","R","B",null,"$","R","E","B",null],"character_chosen":"HIEROPHANT","items_purchased":["infinitespire:CheckeredPen","halation:Komachan","hierophant:OrnateBuckler","Centennial Puzzle","ReplayTheSpireMod:Brewmster"],"campfire_rested":0,"item_purchase_floors":[21,37,39,52,52],"current_hp_per_floor":[75,75,70,70,70,69,69,64,64,64,64,51,51,51,51,40,75,75,75,74,74,74,74,70,70,70,57,57,57,57,52,48,15,75,75,75,75,75,75,68,68,68,68,68,68,68,57,56,56,24,75,75,75,65,1],"gold":338,"neow_bonus":"RANDOM_EVENT","is_daily":false,"chose_seed":false,"campfire_upgraded":7,"win_rate":0.0,"timestamp":1611900957,"path_taken":["M","M","M","$","M","?","M","E","T","R","M","?","M","E","R","BOSS","M","?","M","$","?","R","E","R","T","M","M","?","M","M","R_BF","BOSS","M","?","$","?","?","E","M","R","T","M","R","E","M","M","R","BOSS","$","R","E","BOSS"],"items_purchased_type":["Relic","Relic","Card","Relic","Card"],"build_version":"2020-12-22","purchased_purges":1,"victory":true,"max_hp_per_floor":[75,75,75,75,75,75,75,75,75,75,75,75,75,75,75,75,75,75,75,75,75,75,75,75,75,75,75,75,75,75,75,75,75,75,75,75,75,75,75,75,75,75,75,75,75,75,75,75,75,75,75,75,75,75,75],"relic_stats":{"Centennial Puzzle":[6],"counters":[31,99],"MealTicket":0,"MawBank":144,"obtain_stats":[{"beaked:ShinyBauble":46,"construct:WeddingRing":17,"hierophant:PropheticMaskRelic":0,"DemoMod:Antibody":14,"DemoMod:GlassGuonStoneRelic":1,"halation:Komachan":37,"infinitespire:CheckeredPen":21,"reliquary:WeakTea":43,"jedi:archwizardhat":26,"MawBank":40,"Bromod:ArcaneAwakening":8,"Replay:Wanted Poster":34,"Centennial Puzzle":52,"MealTicket":29,"hubris:DeckOfHolding":54,"Red Mask":22,"DemoMod:VorpalBullet":24},{"beaked:ShinyBauble":26,"construct:WeddingRing":11,"hierophant:PropheticMaskRelic":0,"DemoMod:Antibody":10,"DemoMod:GlassGuonStoneRelic":1,"halation:Komachan":21,"infinitespire:CheckeredPen":14,"reliquary:WeakTea":24,"jedi:archwizardhat":15,"MawBank":23,"Bromod:ArcaneAwakening":7,"Replay:Wanted Poster":20,"Centennial Puzzle":29,"MealTicket":17,"hubris:DeckOfHolding":30,"Red Mask":14,"DemoMod:VorpalBullet":15},{"beaked:ShinyBauble":78,"construct:WeddingRing":32,"hierophant:PropheticMaskRelic":0,"DemoMod:Antibody":23,"DemoMod:GlassGuonStoneRelic":2,"halation:Komachan":65,"infinitespire:CheckeredPen":38,"reliquary:WeakTea":74,"jedi:archwizardhat":45,"MawBank":72,"Bromod:ArcaneAwakening":17,"Replay:Wanted Poster":62,"Centennial Puzzle":89,"MealTicket":51,"hubris:DeckOfHolding":91,"Red Mask":38,"DemoMod:VorpalBullet":45}]},"card_choices":[{"not_picked":["hierophant:Martyrdom","hierophant:FieryStrike"],"picked":"hierophant:PassingBell","floor":1.0},{"not_picked":["hierophant:SealAway","hierophant:Zeal"],"picked":"hierophant:HammerAndAnvil","floor":2.0},{"not_picked":["hierophant:DisplayOfPower","hierophant:PassingBell","hierophant:AuricBeam"],"picked":"SKIP","floor":3.0},{"not_picked":["hierophant:Flagellation","hierophant:Exaltation"],"picked":"hierophant:RepressedViolence","floor":5.0},{"not_picked":["hierophant:RecallFunds","hierophant:OrnateJavelin"],"picked":"hierophant:Smite","floor":7.0},{"not_picked":["hierophant:CursedGold","hierophant:HolyVerse"],"picked":"hierophant:PristineSoul","floor":8.0},{"not_picked":["hierophant:Embezzle","hierophant:SealAway"],"picked":"hierophant:PassingBell","floor":11.0},{"not_picked":["hierophant:Dazzle","hierophant:LocustPlague"],"picked":"hierophant:OrnateBuckler","floor":13.0},{"not_picked":["hierophant:MorningPrayer","hierophant:Dazzle"],"picked":"hierophant:Repentance","floor":14.0},{"not_picked":["hierophant:AuricBeam+1","hierophant:RepressedViolence","hierophant:Racketeering"],"picked":"SKIP","floor":18.0},{"not_picked":["hierophant:Community","hierophant:Dazzle","hierophant:Sermon"],"picked":"SKIP","floor":19.0},{"not_picked":["hierophant:MorningPrayer+1","hierophant:Levitation","hierophant:AuricBeam+1"],"picked":"SKIP","floor":20.0},{"not_picked":["hierophant:AuricBeam","hierophant:Flagellation+1","hierophant:HolyVerse"],"picked":"SKIP","floor":24.0},{"not_picked":["hierophant:Purify","hierophant:Prophecy","hierophant:RepressedViolence+1"],"picked":"SKIP","floor":27.0},{"not_picked":["hierophant:RepressedViolence","hierophant:DisplayOfPower","hierophant:MorningPrayer+1"],"picked":"SKIP","floor":28.0},{"not_picked":["hierophant:Purify","hierophant:HammerAndAnvil","hierophant:Mercenaries+1"],"picked":"SKIP","floor":30.0},{"not_picked":["hierophant:Smite","hierophant:Bribe+1","hierophant:OrnateBuckler"],"picked":"SKIP","floor":31.0},{"not_picked":["hierophant:Invocation","hierophant:AuricForm"],"picked":"hierophant:DivineIntervention","floor":33.0},{"not_picked":["hierophant:RepressedViolence+1","hierophant:Martyrdom+1","hierophant:FieryStrike+1"],"picked":"SKIP","floor":35.0},{"not_picked":["hierophant:Remorse+1","hierophant:Encroach"],"picked":"hierophant:HolyVerse+1","floor":38.0},{"not_picked":["hierophant:PassingBell","hierophant:Community"],"picked":"hierophant:Flagellation+1","floor":40.0},{"not_picked":["hierophant:Encroach","hierophant:Repentance","hierophant:Glossolalia+1"],"picked":"SKIP","floor":41.0},{"not_picked":["hierophant:Encroach","hierophant:Repentance","hierophant:Glossolalia+1"],"picked":"SKIP","floor":41.0},{"not_picked":["hierophant:ConvertCurrency","hierophant:CoinFling","hierophant:Mercenaries+1"],"picked":"SKIP","floor":44.0},{"not_picked":["hierophant:Smite+1","hierophant:Doubloon+1","hierophant:SealAway"],"picked":"SKIP","floor":46.0},{"not_picked":["hierophant:Doomsaying","hierophant:Prophecy","hierophant:MorningPrayer"],"picked":"SKIP","floor":47.0},{"not_picked":["hierophant:Doomsaying","hierophant:Prophecy","hierophant:MorningPrayer"],"picked":"SKIP","floor":47.0},{"not_picked":["hierophant:Purify+1","hierophant:RepressedViolence+1","hierophant:ThreeLashes+1"],"picked":"SKIP","floor":48.0},{"not_picked":["hierophant:SealAway+1","hierophant:FlamingChariot"],"picked":"hierophant:Endure+1","floor":54.0}],"player_experience":869339,"relics_obtained":[{"floor":8.0,"key":"Bromod:ArcaneAwakening"},{"floor":14.0,"key":"DemoMod:Antibody"},{"floor":24.0,"key":"DemoMod:VorpalBullet"},{"floor":26.0,"key":"jedi:archwizardhat"},{"floor":29.0,"key":"MealTicket"},{"floor":40.0,"key":"MawBank"},{"floor":43.0,"key":"reliquary:WeakTea"},{"floor":46.0,"key":"beaked:ShinyBauble"},{"floor":54.0,"key":"hubris:DeckOfHolding"}],"event_choices":[{"damage_healed":0.0,"max_hp_gain":0.0,"max_hp_loss":0.0,"gold_gain":0.0,"event_name":"betterSkull:BetterSkull","player_choice":"UP ","floor":12.0,"gold_loss":0.0,"damage_taken":15.0,"cards_upgraded":["hierophant:ChurchCoffers"],"relics_obtained":[]}],"is_beta":false,"boss_relics":[{"not_picked":["theForsaken:PaleLantern","ReplayTheSpireMod:SealedPack"],"picked":"construct:WeddingRing"},{"not_picked":["jesterMod:MachoBrace","halation:PinkAlligatorPlush"],"picked":"Replay:Wanted Poster"}],"items_purged_floors":[4],"is_endless":false,"potions_floor_spawned":[1,5,6,7,11,16,18,28,31,33,35,41,44,48],"ascension_level":0}}