{"host":"ooa7gbxz3ilj1hm6","time":1611892499,"event":{"mods":["BaseMod","Colored Map","Downfall","Highlight Path","Minty Spire (QoL Compilation)","StSLib"],"gold_per_floor":[99,113,113,131,131,158,158,67,67,78,88,99,99,119,137,137,137,137],"floor_reached":16,"language":"ENG","playtime":964,"items_purged":[],"score":104,"play_id":"a0ef4646-42fe-4905-b968-19a50b1cd3b6","local_time":"20210128205459","is_ascension_mode":false,"campfire_choices":[{"data":"Guardian:CurlUp","floor":1,"key":"SMITH"},{"data":"Guardian:TwinSlam","floor":9,"key":"SMITH"},{"floor":13,"key":"REST"}],"circlet_count":0,"master_deck":["Guardian:Strike_Guardian","Guardian:Strike_Guardian","Guardian:Strike_Guardian","Guardian:Strike_Guardian","Guardian:Defend_Guardian","Guardian:Defend_Guardian","Guardian:Defend_Guardian","Guardian:Defend_Guardian","Guardian:CurlUp+1","Guardian:TwinSlam+1","Guardian:Incinerate","Guardian:ShieldSpikes","Guardian:CrystalBeam","Guardian:EvasiveProtocol","Guardian:SpikerProtocol","Guardian:Harden","Guardian:Gem_Purple","Guardian:Reroute"],"relics":["Guardian:ModeShifter","downfall:ShatteredFragment","Mercury Hourglass","Sundial"],"acts_visited":["Exordium"],"potions_floor_usage":[],"damage_taken":[{"damage":3,"enemies":"Jaw Worm","floor":2,"turns":5},{"damage":4,"enemies":"2 Louse","floor":4,"turns":2},{"damage":18,"enemies":"Gremlin Nob","floor":6,"turns":5},{"damage":0,"enemies":"downfall:FleeingMerchant","floor":8,"turns":4},{"damage":0,"enemies":"Cultist","floor":10,"turns":3},{"damage":3,"enemies":"Lots of Slimes","floor":11,"turns":3},{"damage":0,"enemies":"Large Slime","floor":12,"turns":5},{"damage":0,"enemies":"2 Fungi Beasts","floor":14,"turns":2},{"damage":3,"enemies":"Gremlin Gang","floor":15,"turns":3},{"damage":56,"enemies":"SI_SHIV_ARCHETYPE","floor":16,"turns":11}],"seed_played":"-1285203141296642820","potions_obtained":[{"floor":4,"key":"SteroidPotion"},{"floor":10,"key":"Energy Potion"},{"floor":12,"key":"SkillPotion"}],"is_trial":false,"path_per_floor":["R","M","?","M","?","E","T","$","R","M","M","M","R","M","M","B"],"character_chosen":"GUARDIAN","items_purchased":["Guardian:EvasiveProtocol"],"campfire_rested":1,"item_purchase_floors":[8],"current_hp_per_floor":[88,85,79,75,51,33,33,33,33,33,30,30,56,56,53,0,0,0],"gold":137,"neow_bonus":"TEN_PERCENT_HP_BONUS","is_daily":false,"chose_seed":false,"campfire_upgraded":2,"win_rate":0.0,"timestamp":1611892499,"path_taken":["R","M","?","M","?","E","T","$","R","?","M","M","R","M","M","BOSS"],"items_purchased_type":["Card"],"build_version":"2020-12-22","purchased_purges":0,"victory":false,"max_hp_per_floor":[88,88,88,88,88,88,88,88,88,88,88,88,88,88,88,88,88,88],"card_choices":[{"not_picked":["Guardian:Suspension","Guardian:Recover"],"picked":"Guardian:Gem_Lightblue","floor":2},{"not_picked":["Guardian:MultiBeam","Guardian:TemporalStrike"],"picked":"Guardian:Incinerate","floor":4},{"not_picked":["Guardian:PolyBeam","Guardian:Gem_Cyan"],"picked":"Guardian:ShieldSpikes","floor":6},{"not_picked":["Guardian:MultiBeam","Guardian:TemporalStrike"],"picked":"Guardian:CrystalBeam","floor":8},{"not_picked":["Guardian:Gem_Yellow","Guardian:ShieldCharger"],"picked":"Guardian:SpikerProtocol","floor":10},{"not_picked":["Guardian:GuardianWhirl","Guardian:WalkerClaw"],"picked":"Guardian:Harden","floor":11},{"not_picked":["Guardian:ExploitGems","Guardian:PiercingHide","Guardian:ShieldSpikes"],"picked":"SKIP","floor":12},{"not_picked":["Guardian:Emergency","Guardian:Planning"],"picked":"Guardian:Gem_Purple","floor":14},{"not_picked":["Guardian:Incinerate","Guardian:TemporalStrike"],"picked":"Guardian:Reroute","floor":15}],"player_experience":49249,"relics_obtained":[{"floor":6,"key":"Mercury Hourglass"},{"floor":7,"key":"Sundial"}],"event_choices":[],"is_beta":false,"boss_relics":[],"items_purged_floors":[],"is_endless":false,"potions_floor_spawned":[4,10,12,14],"killed_by":"SI_SHIV_ARCHETYPE","ascension_level":0}}