{"host":"ooods2gf71idc86d","time":1611947631,"event":{"mods":["AchievementEnabler","BaseMod","Downfall","Marisa????????","Minty Spire (QoL Compilation)","Replay The Spire","StSLib","The Cursed","The Necromancer","The Servant 0.9.4"],"gold_per_floor":[99,117,292,567,582,129,180,211,223,252,265,165,157,157,183,279,279,279,297,297,312,52,119,165,184,184,184,184,202,223,223,234,344,344,344,7,7,7,31,48,82,82,102,2,37,59,79,79],"floor_reached":49,"language":"ENG","playtime":13910,"items_purged":["Regret","Doubt","ReplayTheSpireMod:Doomed"],"score":755,"play_id":"f25d62b2-89c6-48f1-93c6-9c916715085b","local_time":"20210129211351","is_ascension_mode":false,"campfire_choices":[{"data":"Blood_Curse","floor":12.0,"key":"SMITH"},{"data":"sneckomod:UnknownRarePower","floor":18.0,"key":"SMITH"},{"data":"BestPractice","floor":27,"key":"SMITH"},{"data":"champ:HeavySlash","floor":35,"key":"SMITH"},{"floor":42,"key":"REST"},{"data":"Blood_Curse","floor":44,"key":"SMITH"}],"circlet_count":0,"master_deck":["hexamod:Defend","hexamod:Defend","hexamod:Defend","hexamod:Defend","hexamod:Sear","hexamod:Float","hexamod:RainOfEmbers","hexamod:Firestarter","hexamod:BurningTouch","hexamod:SkipABeat+1","Blood_Curse+1","TheCursedMod:SurpriseAttack","DoubleSpark","Rewind","hexamod:FirstSeal","hexamod:SecondSeal","BestPractice+1","sneckomod:UnknownRarePower+1","hexamod:SwordOfDarkness","TheCursedMod:SoulReap","hexamod:FirstSeal","hexamod:ThermalTransfer+1","hexamod:FlamesFromBeyond","Beam Cell","Coolheaded","Slimebound:Tackle+1","Slimebound:Tackle+1","Slimebound:Tackle+1","Blood_Curse+1","champ:HeavySlash+1","sneckomod:RainOfDice","expansioncontent:StudyTheSpire","hexamod:RadiantFlame","hexamod:RadiantFlame","hexamod:AdvancingGuard","Guardian:ChargeUp","bronze:Turbo+1","Time Bomb"],"relics":["hexamod:SpiritBrand","Boot","Guardian:PocketSentry","PrismaticShard","Oddly Smooth Stone","Torii","Sundial","downfall:HeartBlessingGreen","Potion Belt","Philosopher\u0027s Stone","Vajra","Nunchaku","bronze:MakeshiftBattery","Bag of Preparation","Toy Ornithopter","ReplayTheSpireMod:CursedCoin","downfall:TeleportStone","ReplayTheSpireMod:Lightbulb","downfall:HeartBlessingBlue","Replay:Wax Seal"],"acts_visited":["Exordium","TheCity","TheBeyond"],"potions_floor_usage":[25,25,30,33,33,33,41,45,48,48,48,48,48],"damage_taken":[{"damage":0.0,"enemies":"2 Louse","floor":2.0,"turns":2.0},{"damage":4.0,"enemies":"Small Slimes","floor":5.0,"turns":3.0},{"damage":14.0,"enemies":"downfall:FleeingMerchant","floor":6.0,"turns":4.0},{"damage":7.0,"enemies":"Replay:BlueRogue","floor":8.0,"turns":4.0},{"damage":0.0,"enemies":"Cultist","floor":9.0,"turns":3.0},{"damage":1.0,"enemies":"Gremlin Nob","floor":10.0,"turns":3.0},{"damage":1.0,"enemies":"2 Fungi Beasts","floor":11.0,"turns":3.0},{"damage":1.0,"enemies":"Large Slime","floor":15.0,"turns":4.0},{"damage":1.0,"enemies":"SI_SHIV_ARCHETYPE","floor":16.0,"turns":7.0},{"damage":7.0,"enemies":"3 Byrds","floor":19.0,"turns":6.0},{"damage":13.0,"enemies":"Centurion and Healer","floor":21.0,"turns":5.0},{"damage":4.0,"enemies":"downfall:FleeingMerchant","floor":22.0,"turns":4.0},{"damage":18,"enemies":"Snake Plant","floor":25,"turns":3},{"damage":0,"enemies":"Sentry and Sphere","floor":29,"turns":3},{"damage":2,"enemies":"Centurion and Healer","floor":30,"turns":4},{"damage":0,"enemies":"Snecko","floor":32,"turns":3},{"damage":33,"enemies":"IC_MUSHROOM_ARCHETYPE","floor":33,"turns":5},{"damage":4,"enemies":"downfall:FleeingMerchant","floor":36,"turns":3},{"damage":36,"enemies":"3 Shapes","floor":40,"turns":5},{"damage":48,"enemies":"Reptomancer","floor":41,"turns":6},{"damage":0,"enemies":"Orb Walker","floor":43,"turns":2},{"damage":0,"enemies":"Nemesis","floor":45,"turns":5},{"damage":0,"enemies":"Transient","floor":46,"turns":5},{"damage":13,"enemies":"Maw","floor":47,"turns":6},{"damage":39,"enemies":"DF_ARCHETYPE_ORBS","floor":48,"turns":7}],"seed_played":"-7782774712654344675","potions_obtained":[{"floor":1.0,"key":"FearPotion"},{"floor":1.0,"key":"LiquidMemories"},{"floor":5.0,"key":"champ:CounterPotion"},{"floor":9.0,"key":"SkillPotion"},{"floor":16.0,"key":"ColorlessPotion"},{"floor":20.0,"key":"CultistPotion"},{"floor":23.0,"key":"DuplicationPotion"},{"floor":23.0,"key":"hexamod:InfernoChargePotion"},{"floor":25,"key":"Fruit Juice"},{"floor":32,"key":"Strength Potion"},{"floor":33,"key":"Weak Potion"},{"floor":43,"key":"SkillPotion"},{"floor":47,"key":"Block Potion"}],"is_trial":false,"path_per_floor":["R","M","?","?","M","$","T","E","M","E","M","R","?","T","M","B",null,"R","M","?","M","$","?","T","M","?","R","?","M","M","?","M","B",null,"R","$","?","?","T","M","E","R","M","R","E","M","M","B",null],"character_chosen":"THE_SPIRIT","items_purchased":["Guardian:PocketSentry","PrismaticShard","hexamod:SkipABeat+1","hexamod:FirstSeal","hexamod:ThermalTransfer+1","hexamod:FlamesFromBeyond","expansioncontent:StudyTheSpire","hexamod:RadiantFlame","Bag of Preparation","Toy Ornithopter","ReplayTheSpireMod:CursedCoin","hexamod:AdvancingGuard","hexamod:SoulburnPotion","LiquidBronze"],"campfire_rested":1,"item_purchase_floors":[6,6,6,22,22,22,36,36,36,36,36,36,36,36],"current_hp_per_floor":[70,70,70,70,66,52,52,45,45,44,43,43,36,36,42,48,70,70,63,63,57,65,37,37,37,62,62,62,69,74,74,75,56,75,75,71,71,71,71,49,32,54,70,80,85,85,85,57],"gold":79,"neow_bonus":"RANDOM_COMMON_RELIC","is_daily":false,"chose_seed":false,"campfire_upgraded":5,"win_rate":0.0,"timestamp":1611947631,"path_taken":["R","M","?","?","?","$","T","E","M","E","M","R","?","?","M","BOSS","R","M","?","M","$","?","T","M","?","R","?","M","M","?","M","BOSS","R","$","?","?","T","M","E","R","M","R","E","M","M","BOSS"],"items_purchased_type":["Relic","Relic","Card","Card","Card","Card","Card","Card","Relic","Relic","Relic","Card","Potion","Potion"],"build_version":"2020-12-22","purchased_purges":3,"victory":true,"max_hp_per_floor":[70,70,70,70,70,70,70,70,70,70,70,70,70,70,70,70,70,70,70,70,70,70,70,70,75,75,75,75,75,75,75,75,75,75,75,75,75,75,75,75,75,75,75,85,85,85,85,85],"card_choices":[{"not_picked":["hexamod:SpectersWail","hexamod:HauntingEcho"],"picked":"hexamod:RainOfEmbers","floor":2.0},{"not_picked":["hexamod:AdvancingGuard","hexamod:SpectralAdrenaline"],"picked":"hexamod:Firestarter","floor":5.0},{"not_picked":["hexamod:NightmareStrike","hexamod:HauntingEcho"],"picked":"hexamod:BurningTouch","floor":6.0},{"not_picked":["hexamod:FlamesFromBeyond","Redo"],"picked":"Blood_Curse","floor":8.0},{"not_picked":["Second Wind","JustLucky"],"picked":"TheCursedMod:SurpriseAttack","floor":9.0},{"not_picked":["Guardian:MultiBeam","TheCursedMod:Mangle"],"picked":"DoubleSpark","floor":10.0},{"not_picked":["Slimebound:OozeBath","Guardian:Recover"],"picked":"Rewind","floor":11.0},{"not_picked":["Consume_Illness","Slimebound:LivingWall"],"picked":"BestPractice","floor":15.0},{"not_picked":["Feed","Crow Ritual"],"picked":"sneckomod:UnknownRarePower","floor":16.0},{"not_picked":["sneckomod:DefensiveFlair","sneckomod:UnknownClassMARISA_DERIVATIONS"],"picked":"hexamod:SwordOfDarkness","floor":19.0},{"not_picked":["Singularity","Scrape"],"picked":"TheCursedMod:SoulReap","floor":21.0},{"not_picked":["SignatureMove","bronze:Iterate","TheCursedMod:CircleOfFocus+1"],"picked":"SKIP","floor":22.0},{"not_picked":["Slice","Slimebound:SamplingLick"],"picked":"Beam Cell","floor":23.0},{"not_picked":["Recycle+1","bronze:HardenedForm"],"picked":"Coolheaded","floor":25},{"not_picked":["Rewind+1","Bones_to_Steel","WitchOfGreed"],"picked":"SKIP","floor":29},{"not_picked":["Slimebound:ComboTackle","Reckless Charge","champ:FocusedBerserking"],"picked":"SKIP","floor":30},{"not_picked":["Slimebound:FinishingTackle","Slimebound:BestDefense"],"picked":"Blood_Curse","floor":32},{"not_picked":["Exhume","Multi-Cast"],"picked":"champ:HeavySlash","floor":33},{"not_picked":["Underhanded Strike+1","PowerUp+1"],"picked":"sneckomod:RainOfDice","floor":36},{"not_picked":["Guardian:PrimingBeam+1","Bane+1","TheCursedMod:RapidMovement+1"],"picked":"SKIP","floor":40},{"not_picked":["champ:TripleStrike","Guardian:Gem_Yellow"],"picked":"Guardian:ChargeUp","floor":41},{"not_picked":["Slimebound:Dissolve+1","GravityBeat","Chill_Blood+1"],"picked":"SKIP","floor":43},{"not_picked":["hexamod:Again+1","Swift Strike+1"],"picked":"bronze:Turbo+1","floor":45},{"not_picked":["TheCursedMod:CircleOfCorruption+1","FlurryOfBlows+1","BasicCrystalCard"],"picked":"SKIP","floor":46},{"not_picked":["Hologram","Scare"],"picked":"Time Bomb","floor":47}],"player_experience":1022646,"relics_obtained":[{"floor":7.0,"key":"Oddly Smooth Stone"},{"floor":8.0,"key":"Torii"},{"floor":10.0,"key":"Sundial"},{"floor":14.0,"key":"Potion Belt"},{"floor":23.0,"key":"Vajra"},{"floor":24,"key":"Nunchaku"},{"floor":41,"key":"ReplayTheSpireMod:Lightbulb"},{"floor":45,"key":"Replay:Wax Seal"}],"event_choices":[{"damage_healed":25,"gold_gain":0,"player_choice":"Heal","damage_taken":0,"max_hp_gain":0,"max_hp_loss":0,"event_name":"The Library","floor":26,"gold_loss":0}],"is_beta":false,"boss_relics":[{"not_picked":["Calling Bell","SacredBark"],"picked":"Philosopher\u0027s Stone"},{"not_picked":["Coffee Dripper","Abe\u0027s Treasure"],"picked":"bronze:MakeshiftBattery"}],"items_purged_floors":[6,22,36],"is_endless":false,"potions_floor_spawned":[5,9,16,25,32,33,40,43,47],"ascension_level":0}}