{"host":"c44ey07ufggfw2m8","time":1611935802,"event":{"mods":["2.2 Compatiblity","BaseMod","Colored Map","DeckTracker","Highlight Path","Keyboard Shortcuts","Minty Spire (QoL Compilation)","Permanent Neow","Quick Restart","StSLib","SuperFastMode","UnlockEverythingMod"],"gold_per_floor":[111,111,126,145,70,104,104,135,135,135,35,35,71,87,87,216,216,232,271,291,314,314,314,353,353,353,386,410,410,410,446,446,575,575,591,591,81,104,119,119,134,170,170,185,221,221,245,280,280,280],"floor_reached":51,"language":"KOR","playtime":3613,"items_purged":["Normality","Strike_P","Judgement"],"score":1004,"play_id":"898bd00c-90ea-4191-8247-f2b3cb787a8b","local_time":"20210130005642","is_ascension_mode":true,"campfire_choices":[{"data":"Eruption","floor":7.0,"key":"SMITH"},{"data":"Blasphemy","floor":10.0,"key":"SMITH"},{"data":"Meditate","floor":15.0,"key":"SMITH"},{"data":"Devotion","floor":23.0,"key":"SMITH"},{"data":"DeusExMachina","floor":25.0,"key":"SMITH"},{"data":"Conclude","floor":29.0,"key":"SMITH"},{"data":"WindmillStrike","floor":32.0,"key":"SMITH"},{"data":"Vault","floor":40.0,"key":"SMITH"},{"data":"Omniscience","floor":46,"key":"SMITH"},{"data":"MentalFortress","floor":49,"key":"SMITH"}],"circlet_count":0,"master_deck":["Defend_P","Eruption+1","Vigilance","Blasphemy+1","Sanctity","EmptyFist","Prostrate","Meditate+1","Protect","Conclude+1","FlyingSleeves","Perseverance","CutThroughFate","DeusExMachina+1","Devotion+1","Indignation","EmptyMind","WindmillStrike+1","WheelKick","WaveOfTheHand","Halt+1","Vault+1","Tantrum","MentalFortress+1","InnerPeace+1","Halt+1","Tantrum+1","Omniscience+1","Wireheading+1","FearNoEvil+1"],"relics":["HolyWater","Golden Idol","Incense Burner","Bottled Lightning","CloakClasp","Darkstone Periapt","Runic Pyramid","Red Mask","Matryoshka","TeardropLocket","Bottled Flame","MealTicket","Ornamental Fan","TungstenRod","Smiling Mask","Juzu Bracelet","Toy Ornithopter","Pantograph","StrikeDummy"],"acts_visited":["Exordium","TheCity","TheBeyond"],"potions_floor_usage":[45,45,50],"damage_taken":[{"damage":7.0,"enemies":"Jaw Worm","floor":1.0,"turns":7.0},{"damage":0.0,"enemies":"Small Slimes","floor":3.0,"turns":5.0},{"damage":0.0,"enemies":"2 Louse","floor":4.0,"turns":1.0},{"damage":12.0,"enemies":"3 Sentries","floor":6.0,"turns":12.0},{"damage":4.0,"enemies":"Gremlin Nob","floor":8.0,"turns":3.0},{"damage":0.0,"enemies":"3 Sentries","floor":13.0,"turns":4.0},{"damage":2.0,"enemies":"Large Slime","floor":14.0,"turns":5.0},{"damage":5.0,"enemies":"The Guardian","floor":16.0,"turns":12.0},{"damage":0.0,"enemies":"Chosen","floor":18.0,"turns":4.0},{"damage":0.0,"enemies":"Masked Bandits","floor":19.0,"turns":2.0},{"damage":2.0,"enemies":"Shell Parasite","floor":20.0,"turns":6.0},{"damage":10.0,"enemies":"Snake Plant","floor":21.0,"turns":3.0},{"damage":3.0,"enemies":"Slavers","floor":24.0,"turns":4.0},{"damage":7.0,"enemies":"Book of Stabbing","floor":27.0,"turns":4.0},{"damage":0.0,"enemies":"3 Cultists","floor":28.0,"turns":2.0},{"damage":3.0,"enemies":"Gremlin Leader","floor":31.0,"turns":4.0},{"damage":0.0,"enemies":"Automaton","floor":33.0,"turns":6.0},{"damage":0.0,"enemies":"3 Darklings","floor":35.0,"turns":3.0},{"damage":0.0,"enemies":"Orb Walker","floor":38.0,"turns":3.0},{"damage":0.0,"enemies":"Transient","floor":39.0,"turns":6.0},{"damage":2.0,"enemies":"Writhing Mass","floor":41.0,"turns":6.0},{"damage":0.0,"enemies":"Reptomancer","floor":42.0,"turns":2.0},{"damage":0.0,"enemies":"Maw","floor":44.0,"turns":7.0},{"damage":34,"enemies":"Giant Head","floor":45,"turns":9},{"damage":0,"enemies":"Transient","floor":47,"turns":6},{"damage":0,"enemies":"Reptomancer","floor":48,"turns":4},{"damage":19,"enemies":"Awakened One","floor":50,"turns":10}],"seed_played":"-6541637626688488530","potions_obtained":[{"floor":1.0,"key":"GamblersBrew"},{"floor":8.0,"key":"Ambrosia"},{"floor":13.0,"key":"GamblersBrew"},{"floor":24.0,"key":"Fire Potion"},{"floor":28.0,"key":"PowerPotion"},{"floor":33.0,"key":"AttackPotion"},{"floor":38.0,"key":"SneckoOil"},{"floor":41.0,"key":"Block Potion"},{"floor":48,"key":"SneckoOil"}],"is_trial":false,"path_per_floor":["M","?","M","M","$","E","R","E","T","R","$","?","E","M","R","B",null,"M","?","M","M","?","R","E","R","T","E","M","R","?","E","R","B",null,"M","?","$","M","M","R","M","E","T","M","E","R","M","E","R","B",null],"character_chosen":"WATCHER","items_purchased":["MentalFortress","TungstenRod"],"campfire_rested":0,"item_purchase_floors":[37,37],"current_hp_per_floor":[65,65,65,65,65,53,53,49,49,49,49,49,49,47,47,42,67,67,67,65,55,55,55,52,52,52,45,45,45,45,42,42,42,67,67,67,67,67,67,67,65,65,65,65,38,38,38,38,38,48],"gold":280,"neow_bonus":"TRANSFORM_TWO_CARDS","is_daily":false,"chose_seed":false,"campfire_upgraded":10,"win_rate":0.0,"timestamp":1611935802,"path_taken":["M","?","M","M","$","E","R","E","T","R","$","?","E","M","R","BOSS","M","?","M","M","?","R","E","R","T","E","M","R","?","E","R","BOSS","M","?","$","M","M","R","M","E","T","M","E","R","M","E","R","BOSS"],"items_purchased_type":["Card","Relic"],"build_version":"2020-12-22","purchased_purges":3,"victory":true,"max_hp_per_floor":[72,67,67,67,67,67,67,67,67,67,67,67,67,67,67,67,67,67,67,67,67,67,67,67,67,67,67,67,67,67,67,67,67,67,67,67,67,67,67,67,67,67,67,67,67,67,67,67,67,67],"card_choices":[{"not_picked":["ThirdEye","Crescendo"],"picked":"EmptyFist","floor":1.0},{"not_picked":["Weave","SignatureMove"],"picked":"Prostrate","floor":3.0},{"not_picked":["Wallop","Study"],"picked":"Meditate","floor":4.0},{"not_picked":["WaveOfTheHand","ClearTheMind"],"picked":"Protect","floor":6.0},{"not_picked":["Wish","Nirvana"],"picked":"Conclude","floor":8.0},{"not_picked":["FlyingSleeves","CrushJoints"],"picked":"Perseverance","floor":13.0},{"not_picked":["PathToVictory","Collect"],"picked":"CutThroughFate","floor":14.0},{"not_picked":["Establishment","MasterReality"],"picked":"DeusExMachina","floor":16.0},{"not_picked":["CutThroughFate+1","Protect+1","FlyingSleeves"],"picked":"SKIP","floor":18.0},{"not_picked":["Protect+1","EmptyFist"],"picked":"Devotion","floor":20.0},{"not_picked":["FlurryOfBlows","CarveReality"],"picked":"Indignation","floor":21.0},{"not_picked":["Collect","DeceiveReality+1"],"picked":"EmptyMind","floor":24.0},{"not_picked":["Evaluate+1","Indignation+1"],"picked":"WindmillStrike","floor":27.0},{"not_picked":["SandsOfTime+1","Swivel"],"picked":"WheelKick","floor":28.0},{"not_picked":["ForeignInfluence","EmptyFist"],"picked":"Halt+1","floor":31.0},{"not_picked":["DevaForm","Devotion"],"picked":"Vault","floor":33.0},{"not_picked":["Protect","Prostrate+1"],"picked":"Tantrum","floor":35.0},{"not_picked":["FollowUp+1","CarveReality","Wireheading"],"picked":"SKIP","floor":38.0},{"not_picked":["FollowUp+1","EmptyFist+1","JustLucky"],"picked":"SKIP","floor":39.0},{"not_picked":["FlurryOfBlows+1","Prostrate"],"picked":"InnerPeace+1","floor":41.0},{"not_picked":["FlyingSleeves","EmptyFist"],"picked":"Halt+1","floor":42.0},{"not_picked":["ClearTheMind+1","PathToVictory"],"picked":"Tantrum+1","floor":44.0},{"not_picked":["Nirvana","BowlingBash"],"picked":"Omniscience","floor":45},{"not_picked":["CutThroughFate","Consecrate+1"],"picked":"Wireheading+1","floor":47},{"not_picked":["BowlingBash","Fasting2+1"],"picked":"FearNoEvil+1","floor":48}],"player_experience":83215,"relics_obtained":[{"floor":6.0,"key":"Incense Burner"},{"floor":8.0,"key":"Bottled Lightning"},{"floor":9.0,"key":"CloakClasp"},{"floor":13.0,"key":"Darkstone Periapt"},{"floor":19.0,"key":"Red Mask"},{"floor":24.0,"key":"Matryoshka"},{"floor":26.0,"key":"TeardropLocket"},{"floor":26.0,"key":"Bottled Flame"},{"floor":27.0,"key":"MealTicket"},{"floor":31.0,"key":"Ornamental Fan"},{"floor":42.0,"key":"Smiling Mask"},{"floor":43.0,"key":"Juzu Bracelet"},{"floor":43.0,"key":"Toy Ornithopter"},{"floor":45,"key":"Pantograph"},{"floor":48,"key":"StrikeDummy"}],"event_choices":[{"damage_healed":0.0,"max_hp_gain":0.0,"max_hp_loss":5.0,"gold_gain":0.0,"event_name":"Golden Idol","player_choice":"Lose Max HP","floor":2.0,"gold_loss":0.0,"damage_taken":0.0,"relics_obtained":["Golden Idol"]},{"damage_healed":0.0,"max_hp_gain":0.0,"max_hp_loss":0.0,"gold_gain":0.0,"cards_transformed":["Defend_P"],"event_name":"Living Wall","player_choice":"Change","floor":12.0,"gold_loss":0.0,"damage_taken":0.0,"cards_obtained":["FlyingSleeves"]},{"damage_healed":0.0,"max_hp_gain":0.0,"max_hp_loss":0.0,"gold_gain":0.0,"event_name":"Masked Bandits","player_choice":"Fought Bandits","floor":19.0,"gold_loss":0.0,"damage_taken":0.0},{"cards_removed":["Strike_P"],"damage_healed":0.0,"max_hp_gain":0.0,"max_hp_loss":0.0,"gold_gain":0.0,"event_name":"Back to Basics","player_choice":"Elegance","floor":22.0,"gold_loss":0.0,"damage_taken":0.0},{"damage_healed":0.0,"max_hp_gain":0.0,"max_hp_loss":0.0,"gold_gain":0.0,"cards_transformed":["Strike_P","Defend_P"],"event_name":"Drug Dealer","player_choice":"Became Test Subject","floor":30.0,"gold_loss":0.0,"damage_taken":0.0,"cards_obtained":["WaveOfTheHand","Judgement"]},{"damage_healed":0.0,"max_hp_gain":0.0,"max_hp_loss":0.0,"gold_gain":0.0,"event_name":"SensoryStone","player_choice":"Memory 1","floor":36.0,"gold_loss":0.0,"damage_taken":0.0}],"is_beta":false,"boss_relics":[{"not_picked":["Philosopher\u0027s Stone","Runic Dome"],"picked":"Runic Pyramid"},{"not_picked":["SlaversCollar","Pandora\u0027s Box"],"picked":"HolyWater"}],"items_purged_floors":[5,11,37],"is_endless":false,"potions_floor_spawned":[1,8,13,14,18,24,27,28,31,33,38,39,41,48],"ascension_level":2}}