{"host":"w3znmyy6nqoc7418","time":1611913097,"event":{"mods":["BaseMod","Minty Spire (QoL Compilation)","Replay The Spire","Shop Mod","StSLib"],"gold_per_floor":[112,58,58,70,84,112,112,146,146,166,177,190,190,219,219,320,320,339,353,278,23,23,50,50,85,85,85,112,112,140,154,154,251,251,267,282,292,292,312,312,312,312],"floor_reached":41,"language":"ZHS","playtime":1686,"items_purged":["Parasite","Strike_G"],"score":727,"play_id":"a87943a8-67c2-46a7-9a5c-dac76363303a","local_time":"20210129173817","is_ascension_mode":true,"campfire_choices":[{"data":"All Out Attack","floor":7.0,"key":"SMITH"},{"data":"Replay:Bag of Tricks","floor":13.0,"key":"SMITH"},{"data":"Cloak And Dagger","floor":15.0,"key":"SMITH"},{"data":"1","floor":24.0,"key":"LIFT"},{"data":"2","floor":27.0,"key":"LIFT"},{"data":"Night Terror","floor":32.0,"key":"SMITH"},{"floor":40,"key":"REST"}],"circlet_count":0,"master_deck":["Strike_G+1","Strike_G+1","Defend_G+1","Defend_G+1","Defend_G+1","Defend_G+1","Defend_G+1","Survivor","Neutralize","Blade Dance","Blade Dance","Eviscerate+1","All Out Attack+1","ReplayTheSpireMod:Speed Training","Replay:Poison Smokescreen","Infinite Blades","Replay:Bag of Tricks+1","PiercingWail","Cloak And Dagger+1","Venomology+1","Backstab","Glass Knife","Night Terror+1","After Image+1","Fluid Movement+1","Blade Dance+1"],"relics":["Ring of the Snake","NeowsBlessing","Onion Ring","Matryoshka","Replay:Baseball","Ornamental Fan","ReplayTheSpireMod:CursedCoin","SacredBark","Guide Book","Girya","Quantum Egg","Omamori","Pantograph","Enchiridion","Tiny Chest","Painkiller Herb"],"acts_visited":["Exordium","TheCity","TheBeyond"],"potions_floor_usage":[39,39,41],"damage_taken":[{"damage":0.0,"enemies":"Small Slimes","floor":1.0,"turns":1.0},{"damage":0.0,"enemies":"Cultist","floor":4.0,"turns":1.0},{"damage":0.0,"enemies":"2 Louse","floor":5.0,"turns":1.0},{"damage":20.0,"enemies":"Gremlin Nob","floor":6.0,"turns":4.0},{"damage":18.0,"enemies":"3 Sentries","floor":8.0,"turns":4.0},{"damage":0.0,"enemies":"Gremlin Gang","floor":10.0,"turns":3.0},{"damage":0.0,"enemies":"3 Louse","floor":11.0,"turns":2.0},{"damage":0.0,"enemies":"Blue Slaver","floor":12.0,"turns":2.0},{"damage":36.0,"enemies":"Fading Forest","floor":16.0,"turns":11.0},{"damage":0.0,"enemies":"Chosen","floor":18.0,"turns":4.0},{"damage":2.0,"enemies":"Shell Parasite","floor":19.0,"turns":4.0},{"damage":0.0,"enemies":"Book of Stabbing","floor":23.0,"turns":4.0},{"damage":2.0,"enemies":"Slavers","floor":25.0,"turns":5.0},{"damage":0.0,"enemies":"Gremlin Leader","floor":28.0,"turns":4.0},{"damage":13.0,"enemies":"Slavers","floor":30.0,"turns":3.0},{"damage":0.0,"enemies":"Shelled Parasite and Fungi","floor":31.0,"turns":1.0},{"damage":0.0,"enemies":"Collector","floor":33.0,"turns":4.0},{"damage":9.0,"enemies":"3 Shapes","floor":35.0,"turns":3.0},{"damage":0.0,"enemies":"Orb Walker","floor":36.0,"turns":2.0},{"damage":4.0,"enemies":"Sphere and 2 Shapes","floor":37.0,"turns":5.0},{"damage":31,"enemies":"Writhing Mass","floor":39,"turns":5},{"damage":20,"enemies":"Reptomancer","floor":41,"turns":3}],"seed_played":"-2493437036589664537","potions_obtained":[{"floor":5.0,"key":"Ancient Potion"},{"floor":6.0,"key":"Reflective Coating"},{"floor":10.0,"key":"DuplicationPotion"},{"floor":12.0,"key":"Block Potion"},{"floor":19.0,"key":"EssenceOfSteel"},{"floor":33.0,"key":"LiquidBronze"},{"floor":35.0,"key":"PowerPotion"}],"is_trial":false,"path_per_floor":["M","$","?","M","M","E","R","E","T","M","M","M","R","$","R","B",null,"M","M","?","$","?","E","R","E","T","R","E","?","E","M","R","B",null,"?","?","?","?","?","T","E"],"character_chosen":"THE_SILENT","items_purchased":["Blade Dance","ReplayTheSpireMod:CursedCoin","Cloak And Dagger","Guide Book"],"campfire_rested":1,"item_purchase_floors":[2,14,14,21],"current_hp_per_floor":[70,70,70,70,70,50,50,32,32,32,32,32,32,32,32,12,67,67,65,65,65,65,65,65,63,63,63,63,47,34,34,34,59,67,58,58,54,54,23,43,23,23],"gold":312,"neow_bonus":"THREE_ENEMY_KILL","is_daily":false,"chose_seed":false,"campfire_upgraded":4,"win_rate":0.0,"timestamp":1611913097,"path_taken":["M","$","?","M","?","E","R","E","T","M","M","M","R","?","R","BOSS","M","M","?","$","?","E","R","E","T","R","E","?","E","M","R","BOSS","?","?","?","?","?","T","E"],"items_purchased_type":["Card","Relic","Card","Relic"],"build_version":"2020-12-22","purchased_purges":2,"victory":false,"max_hp_per_floor":[70,70,70,70,70,70,70,70,70,70,70,70,70,67,67,67,67,67,67,67,67,67,67,67,67,67,67,67,67,67,67,67,67,67,67,67,67,67,67,67,67,67],"card_choices":[{"not_picked":["Dagger Spray","Hidden Blade"],"picked":"Blade Dance","floor":1.0},{"not_picked":["Backflip","Adrenaline"],"picked":"Eviscerate","floor":4.0},{"not_picked":["Flechettes","Crippling Poison"],"picked":"All Out Attack","floor":5.0},{"not_picked":["Expertise","Blade Dance"],"picked":"ReplayTheSpireMod:Speed Training","floor":6.0},{"not_picked":["Dagger Throw","ReplayTheSpireMod:The Works"],"picked":"Replay:Poison Smokescreen","floor":8.0},{"not_picked":["Deadly Poison","Acrobatics"],"picked":"Infinite Blades","floor":10.0},{"not_picked":["Flying Knee","Blade Dance"],"picked":"Replay:Bag of Tricks","floor":11.0},{"not_picked":["Leg Sweep","Backflip"],"picked":"PiercingWail","floor":12.0},{"not_picked":["Wraith Form v2","Bullet Time"],"picked":"Venomology","floor":16.0},{"not_picked":["Distraction","Hidden Blade","Dodge and Roll"],"picked":"SKIP","floor":18.0},{"not_picked":["Deadly Poison+1","Underhanded Strike"],"picked":"Backstab","floor":19.0},{"not_picked":["Acrobatics","Dagger Throw"],"picked":"Glass Knife","floor":23.0},{"not_picked":["Flying Knee","Poisoned Stab","Skewer"],"picked":"SKIP","floor":25.0},{"not_picked":["Draining Mist","Poisoned Stab"],"picked":"Night Terror","floor":28.0},{"not_picked":["Slice","Well Laid Plans","Toxin Wave"],"picked":"SKIP","floor":30.0},{"not_picked":["Slice","Well Laid Plans","Toxin Wave"],"picked":"SKIP","floor":30.0},{"not_picked":["Reflex","PiercingWail","Underhanded Strike"],"picked":"SKIP","floor":31.0},{"not_picked":["Atom Bomb","Doppelganger"],"picked":"After Image","floor":33.0},{"not_picked":["Quick Slash","Poisoned Stab","Dagger Spray"],"picked":"SKIP","floor":35.0},{"not_picked":["Sucker Punch","Quick Slash+1"],"picked":"Fluid Movement+1","floor":36.0},{"not_picked":["Riddle With Holes","Heel Hook","Deflect+1"],"picked":"SKIP","floor":37.0},{"not_picked":["Sucker Punch+1","Slice+1"],"picked":"Blade Dance+1","floor":39}],"player_experience":61473,"relics_obtained":[{"floor":6.0,"key":"Onion Ring"},{"floor":8.0,"key":"Matryoshka"},{"floor":9.0,"key":"Replay:Baseball"},{"floor":9.0,"key":"Ornamental Fan"},{"floor":23.0,"key":"Girya"},{"floor":25.0,"key":"Quantum Egg"},{"floor":26.0,"key":"Omamori"},{"floor":28.0,"key":"Pantograph"},{"floor":29.0,"key":"Enchiridion"},{"floor":30.0,"key":"Tiny Chest"}],"event_choices":[{"cards_removed":["Strike_G"],"damage_healed":0.0,"max_hp_gain":0.0,"max_hp_loss":0.0,"gold_gain":0.0,"event_name":"Purifier","player_choice":"Purged","floor":3.0,"gold_loss":0.0,"damage_taken":0.0},{"cards_removed":["Strike_G"],"damage_healed":0.0,"max_hp_gain":0.0,"max_hp_loss":0.0,"gold_gain":0.0,"event_name":"Beggar","player_choice":"Gave Gold","floor":20.0,"gold_loss":75.0,"damage_taken":0.0},{"damage_healed":0.0,"max_hp_gain":0.0,"max_hp_loss":0.0,"gold_gain":0.0,"event_name":"Back to Basics","player_choice":"Simplicity","floor":22.0,"gold_loss":0.0,"damage_taken":0.0,"cards_upgraded":["Strike_G","Strike_G","Defend_G","Defend_G","Defend_G","Defend_G","Defend_G"]},{"damage_healed":0.0,"max_hp_gain":0.0,"max_hp_loss":0.0,"gold_gain":0.0,"event_name":"Cursed Tome","player_choice":"Obtained Book","floor":29.0,"gold_loss":0.0,"damage_taken":16.0},{"damage_healed":0.0,"max_hp_gain":0.0,"max_hp_loss":0.0,"gold_gain":0.0,"event_name":"Accursed Blacksmith","player_choice":"Forge","floor":38.0,"gold_loss":0.0,"damage_taken":0.0,"cards_upgraded":["After Image"]}],"is_beta":false,"boss_relics":[{"not_picked":["Kintsugi","Cursed Key"],"picked":"SacredBark"},{"not_picked":["Snecko Eye","Runic Pyramid"],"picked":"Painkiller Herb"}],"items_purged_floors":[14,21],"is_endless":false,"potions_floor_spawned":[5,6,10,12,16,18,19,30,33,35],"killed_by":"Reptomancer","ascension_level":4}}