{"host":"6jrnojxwearbrjzo","time":1611931057,"event":{"mods":["BaseMod","Conspire","Highlight Path","Marisa（F雨　魔理沙）","Minty Spire (QoL Compilation)","MostiFishMod","Quick Restart","Random Character Button","Shop Mod","Spicy Shops","StSLib","The Construct","The Servant 0.9.4","[功能]功能增强和修复MOD","篝火指南"],"gold_per_floor":[118,2,2,2,77,77,96,129,129,129,147,480,356,384,384,462,462,473,-1060,-1010,-1010,-1010,-981,-963,-904,-904,-904,-904,-877,-877,-804,-804,-691,-691,-679,-679,-679,-679,-614,-542,-457,-424,-424,-389,-389,-301,-301,-301,-301,-301],"floor_reached":51,"language":"ZHS","playtime":1479,"items_purged":["Defend_G","Defend_G","Defend_G","Defend_G","Strike_G","Strike_G","Strike_G"],"score":1917,"play_id":"fc5b799f-8485-436a-9b16-20ca29660ae1","local_time":"20210129223737","is_ascension_mode":true,"campfire_choices":[{"data":"Blade Dance","floor":6,"key":"SMITH"},{"data":"Tactician","floor":10,"key":"SMITH"},{"data":"MostiFishMod:GrandStart","floor":15,"key":"SMITH"},{"data":"HandOfGreedSenior","floor":27,"key":"SMITH"},{"data":"Concentrate","floor":32,"key":"SMITH"},{"data":"Accuracy","floor":49,"key":"SMITH"}],"circlet_count":0,"master_deck":["AscendersBane","Strike_G","Strike_G","Defend_G","Survivor","Neutralize","Prepared","Blade Dance+1","Tactician+1","Accuracy+1","Blade Dance","Choke","MostiFishMod:GrandStart+1","conspire:DoublingDagger+1","HandOfGreedSenior+1","Concentrate+1","Reflex","Finisher","Prepared+1","Trip","conspire:DoublingDagger+1","Tactician+1","Writhe"],"relics":["DaveBox","RhineFirstAidKit","construct:WeddingRing","SynthV:TestCard","StoneCalendar","CombinedTypeHook","DaCapo","FossilizedHelix","Old Coin","Dodecahedron","conspire:TopHat","Happy Flower","ImprovedEquipment","GreenFoldingFan","Shuriken","Matryoshka","SynthV:MejaisSoulstealer","conspire:DeflatedDodgeball","Tingsha","Strawberry","Ornamental Fan","conspire:Flyswatter","Kunai","Ninja Scroll","ChiXiaoBlade","MostiFishMod:Haymaker","Question Card","CatCart","Turnip","Blood Vial","Torii","Juzu Bracelet","SentryEyes","Molten Egg 2","Calipers"],"acts_visited":["Exordium","TheCity","TheBeyond"],"potions_floor_usage":[8,8,16,33,41,41,50],"damage_taken":[{"damage":4,"enemies":"Small Slimes","floor":1,"turns":4},{"damage":0,"enemies":"Jaw Worm","floor":7,"turns":3},{"damage":12,"enemies":"Lagavulin","floor":8,"turns":5},{"damage":0,"enemies":"Cultist","floor":11,"turns":3},{"damage":0,"enemies":"Gremlin Nob","floor":12,"turns":2},{"damage":0,"enemies":"Lagavulin","floor":14,"turns":2},{"damage":0,"enemies":"The Guardian","floor":16,"turns":3},{"damage":0,"enemies":"3 Byrds","floor":18,"turns":1},{"damage":26,"enemies":"Book of Stabbing","floor":23,"turns":3},{"damage":0,"enemies":"Shell Parasite","floor":24,"turns":1},{"damage":8,"enemies":"Gremlin Leader","floor":25,"turns":2},{"damage":0,"enemies":"Slavers","floor":29,"turns":1},{"damage":10,"enemies":"Gremlin Leader","floor":31,"turns":4},{"damage":14,"enemies":"Collector","floor":33,"turns":4},{"damage":0,"enemies":"Orb Walker","floor":35,"turns":1},{"damage":30,"enemies":"Mind Bloom Boss Battle","floor":39,"turns":3},{"damage":41,"enemies":"Nemesis","floor":40,"turns":3},{"damage":2,"enemies":"Orin","floor":41,"turns":2},{"damage":39,"enemies":"Reptomancer","floor":42,"turns":3},{"damage":6,"enemies":"Giant Head","floor":44,"turns":4},{"damage":9,"enemies":"2 Orb Walkers","floor":46,"turns":2},{"damage":19,"enemies":"Awakened One","floor":50,"turns":4}],"seed_played":"-6288572547896258869","potions_obtained":[{"floor":7,"key":"EntropicBrew"},{"floor":8,"key":"CunningPotion"},{"floor":8,"key":"Strength Potion"},{"floor":16,"key":"SteroidPotion"},{"floor":29,"key":"DuplicationPotion"},{"floor":33,"key":"Swift Potion"},{"floor":40,"key":"AttackPotion"},{"floor":40,"key":"LiquidMemories"},{"floor":42,"key":"SteroidPotion"},{"floor":42,"key":"SteroidPotion"},{"floor":44,"key":"FearPotion"},{"floor":46,"key":"DuplicationPotion"}],"is_trial":false,"path_per_floor":["M","$","?","?","?","R","M","E","T","R","M","E","$","E","R","B",null,"M","$","?","?","?","E","M","E","T","R","?","E","?","E","R","B",null,"M","$","?","?","?","E","?","E","T","E","?","?","T","?","R","B",null],"character_chosen":"THE_SILENT","items_purchased":["StoneCalendar","CombinedTypeHook","Blade Dance","Dodecahedron","conspire:TopHat","Happy Flower","Choke","Shuriken","HandOfGreedSenior","Matryoshka","SynthV:MejaisSoulstealer"],"campfire_rested":0,"item_purchase_floors":[2,2,2,13,13,13,13,19,19,19,19],"current_hp_per_floor":[55,55,55,60,49,49,49,37,37,37,37,37,37,37,37,37,63,71,71,71,51,86,70,80,82,89,89,89,93,93,93,93,89,92,93,93,93,88,68,93,93,64,64,70,70,73,73,73,73,66],"gold":-301,"neow_bonus":"BOSS_RELIC","is_daily":false,"chose_seed":false,"campfire_upgraded":6,"win_rate":0.0,"timestamp":1611931057,"path_taken":["M","$","?","?","?","R","?","E","T","R","?","E","?","E","R","BOSS","M","$","?","?","?","E","?","E","T","R","?","E","?","E","R","BOSS","M","$","?","?","?","E","?","E","T","E","?","?","?","?","R","BOSS"],"items_purchased_type":["Relic","Relic","Card","Relic","Relic","Relic","Card","Relic","Card","Relic","Relic"],"build_version":"2020-12-22","purchased_purges":7,"victory":true,"max_hp_per_floor":[66,66,66,71,71,71,71,71,71,71,71,71,71,71,71,71,71,71,71,71,76,86,86,86,86,93,93,93,93,93,93,93,93,93,93,93,93,93,93,93,93,93,93,93,93,93,93,93,93,93],"card_choices":[{"not_picked":["PiercingWail","Cloak And Dagger"],"picked":"Prepared","floor":1},{"not_picked":["Poisoned Stab","Backflip","Dagger Spray","Dagger Throw"],"picked":"Tactician","floor":7},{"not_picked":["Outmaneuver","Caltrops","After Image","Predator"],"picked":"Accuracy","floor":8},{"not_picked":["Backflip","Sucker Punch","Backstab","Infinite Blades"],"picked":"Blade Dance","floor":11},{"not_picked":["Deadly Poison","Masterful Stab","Cloak And Dagger","Poisoned Stab","Dash"],"picked":"SKIP","floor":12},{"not_picked":["Deflect","Tactician","MostiFishMod:WinterMarkForm","Glass Knife"],"picked":"MostiFishMod:GrandStart","floor":14},{"not_picked":["MostiFishMod:LethalBlade","Malaise","MostiFishMod:Neurotoxin","Burst"],"picked":"Storm of Steel","floor":16},{"not_picked":["Underhanded Strike","Dodge and Roll","MostiFishMod:PreservedThorns","Finisher"],"picked":"conspire:DoublingDagger+1","floor":18},{"not_picked":["Prepared","Distraction","Cloak And Dagger","Deadly Poison"],"picked":"Concentrate","floor":23},{"not_picked":["Corpse Explosion","Flying Knee","Riddle With Holes","Prepared","MostiFishMod:VineMother"],"picked":"SKIP","floor":24},{"not_picked":["Crippling Poison","Predator+1","Flying Knee","Deflect","Sucker Punch"],"picked":"SKIP","floor":25},{"not_picked":["Deflect","Backflip","Endless Agony","Dodge and Roll"],"picked":"Reflex","floor":29},{"not_picked":["Well Laid Plans","Poisoned Stab","Dagger Throw","MostiFishMod:HiddenBlade"],"picked":"Finisher","floor":31},{"not_picked":["Deadly Poison","Flying Knee+1","Dagger Spray","MostiFishMod:Listen"],"picked":"Prepared+1","floor":35},{"not_picked":["HandOfGreedSenior","Master of Strategy","Impatience","HandOfGreedLower"],"picked":"Trip","floor":37},{"not_picked":["Terror","Concentrate","MostiFishMod:ThornCasing+1","Prepared+1"],"picked":"conspire:DoublingDagger+1","floor":39},{"not_picked":["Dagger Throw","MostiFishMod:PoisonShield","Dodge and Roll","Prepared+1","MostiFishMod:FrostNova"],"picked":"SKIP","floor":40},{"not_picked":["MostiFishMod:ThornCasing","Dodge and Roll","MostiFishMod:LethalBlade","Infinite Blades","Blade Dance"],"picked":"Tactician+1","floor":42},{"not_picked":["Underhanded Strike","PiercingWail","Flying Knee","Blade Dance","Poisoned Stab","MostiFishMod:ThornCasing"],"picked":"SKIP","floor":44}],"player_experience":125538,"relics_obtained":[{"floor":1,"key":"SynthV:TestCard"},{"floor":8,"key":"DaCapo"},{"floor":9,"key":"FossilizedHelix"},{"floor":12,"key":"Old Coin"},{"floor":14,"key":"ImprovedEquipment"},{"floor":23,"key":"conspire:DeflatedDodgeball"},{"floor":25,"key":"Tingsha"},{"floor":26,"key":"Strawberry"},{"floor":26,"key":"Ornamental Fan"},{"floor":29,"key":"Kunai"},{"floor":31,"key":"Ninja Scroll"},{"floor":39,"key":"MostiFishMod:Haymaker"},{"floor":40,"key":"Question Card"},{"floor":41,"key":"CatCart"},{"floor":42,"key":"Turnip"},{"floor":43,"key":"Blood Vial"},{"floor":43,"key":"Torii"},{"floor":44,"key":"Juzu Bracelet"},{"floor":46,"key":"SentryEyes"},{"floor":47,"key":"Molten Egg 2"}],"event_choices":[{"damage_healed":0,"gold_gain":0,"player_choice":"Donut","damage_taken":0,"max_hp_gain":5,"max_hp_loss":0,"event_name":"Big Fish","floor":4,"gold_loss":0},{"damage_healed":0,"gold_gain":75,"player_choice":"Gather Gold","damage_taken":11,"max_hp_gain":0,"max_hp_loss":0,"event_name":"World of Goop","floor":5,"gold_loss":0},{"damage_healed":0,"gold_gain":50,"player_choice":"Stole From Cult","damage_taken":0,"max_hp_gain":0,"max_hp_loss":0,"event_name":"Nest","floor":20,"gold_loss":0},{"damage_healed":0,"gold_gain":0,"player_choice":"Shed Blood","damage_taken":25,"max_hp_gain":5,"max_hp_loss":0,"event_name":"Forgotten Altar","floor":21,"gold_loss":0},{"cards_removed":["Storm of Steel"],"damage_healed":25,"gold_gain":0,"player_choice":"Offered Rare","damage_taken":0,"max_hp_gain":10,"max_hp_loss":0,"event_name":"Bonfire Elementals","floor":22,"gold_loss":0},{"damage_healed":0,"gold_gain":0,"player_choice":"Stole Relic","damage_taken":0,"relics_obtained":["conspire:Flyswatter"],"max_hp_gain":0,"max_hp_loss":0,"event_name":"Addict","floor":28,"gold_loss":0,"cards_obtained":["Shame"]},{"damage_healed":0,"gold_gain":0,"player_choice":"Ignored","damage_taken":0,"max_hp_gain":0,"max_hp_loss":0,"event_name":"Vampires","floor":30,"gold_loss":0},{"damage_healed":0,"gold_gain":0,"player_choice":"Memory 1","damage_taken":0,"max_hp_gain":0,"max_hp_loss":0,"event_name":"SensoryStone","floor":37,"gold_loss":0},{"damage_healed":0,"gold_gain":0,"player_choice":"Leave","damage_taken":0,"max_hp_gain":0,"max_hp_loss":0,"event_name":"conspire:Investor","floor":38,"gold_loss":0},{"damage_healed":0,"gold_gain":0,"player_choice":"Fight","damage_taken":0,"max_hp_gain":0,"max_hp_loss":0,"event_name":"MindBloom","floor":39,"gold_loss":0},{"damage_healed":0,"gold_gain":0,"player_choice":"Fight","damage_taken":0,"max_hp_gain":0,"max_hp_loss":0,"event_name":"OrinTheCat","floor":41,"gold_loss":0},{"damage_healed":0,"gold_gain":0,"cards_transformed":["Shame"],"player_choice":"Transformed","damage_taken":0,"max_hp_gain":0,"max_hp_loss":0,"event_name":"Transmorgrifier","floor":45,"gold_loss":0,"cards_obtained":["Writhe"]},{"damage_healed":0,"gold_gain":0,"player_choice":"Fight","damage_taken":0,"max_hp_gain":0,"max_hp_loss":0,"event_name":"Mysterious Sphere","floor":46,"gold_loss":0},{"damage_healed":0,"gold_gain":0,"player_choice":"Gave Potion","damage_taken":0,"relics_obtained":["Calipers"],"max_hp_gain":0,"max_hp_loss":0,"event_name":"WeMeetAgain","floor":48,"gold_loss":0}],"is_beta":false,"boss_relics":[{"not_picked":["OneHitWonderSystem","NightmareShop"],"picked":"GreenFoldingFan"},{"not_picked":["RhineCircuit","Fusion Hammer"],"picked":"ChiXiaoBlade"}],"items_purged_floors":[2,13,13,13,13,13,13],"is_endless":false,"potions_floor_spawned":[7,8,8,8,11,11,12,12,12,14,16,16,18,23,23,25,25,29,31,31,31,33,33,35,40,40,40,42,42,44,46],"ascension_level":18}}