{"host":"vca5odlxycr7xk6d","time":1611938894,"event":{"mods":["Act Like it!","BaseMod","Better Note","BetterRewards","Colored Map","Gensokyo","GungeonMod","Hubris","Infinite Spire","Lobotomy","LobotomyExtend","Marisa????????","Minty Spire (QoL Compilation)","Rare Cards Sparkle","Reimu??????","Replay The Spire","Shop Mod","StSLib","The Animator","The Exalted"],"gold_per_floor":[364,19,32,32,46,75,75,104,129,129,144,144,158,178,188,223,223,223,223,287,297,297,331,350,350,450,450,464,509,87,123,123,154,154,154,154,154,154],"floor_reached":27,"language":"ENG","playtime":3410,"items_purged":["ReplayTheSpireMod:Restless Dread"],"score":427,"play_id":"6d2a6bee-9b13-4d7f-827f-e10055155d25","local_time":"20210129234814","is_ascension_mode":false,"campfire_choices":[],"circlet_count":0,"master_deck":["SpecialBullet","SpecialBullet","SpecialBullet","SpecialBullet","SpecialBullet","SpecialBullet","SpecialBullet","SpecialBullet","DisciplinaryCode","ControlCode","InformationCode","InTheNameOfLoveAndHate","OldLady","CrimsonScar","CherryBlossom","QueenOfHatred","Heaven","WelfareCode","Regret_ego+1","Justitia","Bloodbath","Ecstasy","MHz","WristCuter","FourthMatchFlame","RecordCode","SnowQueen","GreenStem","TrainingCode","PunishingBird","TodaysExpression","RapturousDream","CENSORED_ego","NothingThere","Tough","SpecialBullet","BlueStar","ReplayTheSpireMod:Private Reserves","ReplayTheSpireMod:Private Reserves","Mimicry","Hornet","Wraith","Regret_ego","SpecialBullet"],"relics":["CogitoBucket","Blue Doll","MerchantsRug","ReplayTheSpireMod:Lightbulb","Bromod:ArcaneNullifier","Blood Vial","AspirationHeart","LetterFromLob","LuminousBracelet","Lizard Tail","ChewingGum","HellTrain","AtMidnight","Pen Nib","hubris:TinFlute","TungstenRod"],"acts_visited":["Exordium","TheBeyond"],"potions_floor_usage":[8,13,16,19,19,19],"damage_taken":[{"damage":6,"enemies":"Cultist","floor":1,"turns":3},{"damage":4,"enemies":"2 Louse","floor":3,"turns":2},{"damage":11,"enemies":"Jaw Worm","floor":5,"turns":2},{"damage":35,"enemies":"Lagavulin","floor":6,"turns":6},{"damage":16,"enemies":"Gremlin Nob","floor":8,"turns":3},{"damage":28,"enemies":"Small Slimes","floor":1,"turns":3},{"damage":10,"enemies":"Jaw Worm","floor":3,"turns":2},{"damage":6,"enemies":"Cultist","floor":4,"turns":3},{"damage":9,"enemies":"Exordium Thugs","floor":5,"turns":3},{"damage":36,"enemies":"3 Sentries","floor":6,"turns":4},{"damage":41,"enemies":"2 Fungi Beasts","floor":11,"turns":5},{"damage":20,"enemies":"Gremlin Nob","floor":13,"turns":4},{"damage":8,"enemies":"Blue Slaver","floor":14,"turns":2},{"damage":46,"enemies":"Hexaghost","floor":16,"turns":8},{"damage":44,"enemies":"3 Shapes","floor":18,"turns":5},{"damage":33,"enemies":"3 Darklings","floor":19,"turns":19},{"damage":117,"enemies":"Nightmare","floor":23,"turns":6},{"damage":118,"enemies":"4 Shapes","floor":27,"turns":4}],"seed_played":"7676552041896016894","potions_obtained":[{"floor":1,"key":"GrandPatriotsElixir:ReiMu"},{"floor":5,"key":"PowerPotion"},{"floor":1,"key":"Swift Potion"},{"floor":5,"key":"DuplicationPotion"},{"floor":11,"key":"SteroidPotion"},{"floor":13,"key":"ZuzhouPotion:ReiMu"},{"floor":14,"key":"ColorlessPotion"},{"floor":18,"key":"AttackPotion"}],"is_trial":false,"path_per_floor":["M","$","M","?","M","E","R","E","T","R","M","M","?","M","M","M","E","R","?","T","$","M","R","E","M","R","B",null,"M","M","$","$","?","NM","R","$","T","M"],"character_chosen":"Angela","items_purchased":["Blue Doll","MerchantsRug","Pen Nib","ReplayTheSpireMod:Private Reserves","Mimicry","Hornet"],"campfire_rested":0,"item_purchase_floors":[2,2,20,20,20,20],"current_hp_per_floor":[64,64,60,60,49,14,14,9,9,9,60,60,66,80,80,45,45,80,80,80,61,61,44,48,48,44,95,79,85,85,85,85,12,12,12,12,0,0],"gold":154,"neow_bonus":"TWO_FIFTY_GOLD","is_daily":false,"chose_seed":false,"campfire_upgraded":0,"win_rate":0.0,"timestamp":1611938894,"path_taken":["M","$","?","?","M","E","R","E","T","R","?","M","?","?","M","M","E","R","?","T","?","M","R","E","M","R","BOSS","M","M","?","$","?","NM","R","?","T","M"],"items_purchased_type":["Relic","Relic","Relic","Card","Card","Card"],"build_version":"2020-12-22","purchased_purges":1,"victory":false,"max_hp_per_floor":[70,70,70,70,70,70,70,70,70,70,80,80,80,80,80,80,80,80,80,80,95,95,95,95,95,95,95,95,85,85,85,85,85,85,85,85,85,85],"card_choices":[{"not_picked":["RapturousDream"],"picked":"InTheNameOfLoveAndHate","floor":1},{"not_picked":["Scorched","Bloodbath"],"picked":"CherryBlossoms","floor":3},{"not_picked":["Galaxy","Loneliness"],"picked":"SKIP","floor":3},{"not_picked":["Scorched","LaLuna"],"picked":"OldLady","floor":5},{"not_picked":["Laetitia_ego"],"picked":"CrimsonScar","floor":5},{"not_picked":["Laetitia","NakedNest"],"picked":"BigBadWolf","floor":6},{"not_picked":["WristCuter"],"picked":"CherryBlossom","floor":6},{"not_picked":["Murderer","MHz"],"picked":"QueenOfHatred","floor":8},{"not_picked":["Hypocrisy"],"picked":"Heaven","floor":8},{"not_picked":["Spore"],"picked":"Regret_ego","floor":1},{"not_picked":["Noise"],"picked":"Justitia","floor":3},{"not_picked":["LittlePrince","WallGazer"],"picked":"Bloodbath","floor":4},{"not_picked":["Lamp"],"picked":"Ecstasy","floor":4},{"not_picked":["OSAHOGD","FairyFestival"],"picked":"MHz","floor":5},{"not_picked":["Regret_ego"],"picked":"WristCuter","floor":5},{"not_picked":["GoldRush"],"picked":"FourthMatchFlame","floor":6},{"not_picked":["CrumblingArmor","VoidDream"],"picked":"SnowQueen","floor":11},{"not_picked":["WristCuter"],"picked":"GreenStem","floor":11},{"not_picked":["OSAHOGD","BeautyBeast"],"picked":"PunishingBird","floor":13},{"not_picked":["Loneliness"],"picked":"TodaysExpression","floor":13},{"not_picked":["Noise"],"picked":"RapturousDream","floor":14},{"not_picked":["SoundOfStar"],"picked":"CENSORED_ego","floor":16},{"not_picked":["GreedKing","Funeral"],"picked":"NothingThere","floor":18},{"not_picked":["CUTE+1"],"picked":"Tough","floor":18},{"not_picked":["FieryBird","HeroicMonk"],"picked":"BlueStar","floor":19},{"not_picked":["Noise","Penitence"],"picked":"SKIP","floor":19},{"not_picked":["CUTE+1"],"picked":"Regret_ego","floor":23}],"player_experience":504359,"relics_obtained":[{"floor":1,"key":"LetterFromLob"},{"floor":6,"key":"ReplayTheSpireMod:Lightbulb"},{"floor":8,"key":"Bromod:ArcaneNullifier"},{"floor":9,"key":"Blood Vial"},{"floor":1,"key":"LetterFromLob"},{"floor":6,"key":"DemoMod:PoisonVial"},{"floor":9,"key":"Singing Bowl"},{"floor":13,"key":"Lizard Tail"},{"floor":19,"key":"AtMidnight"},{"floor":23,"key":"hubris:TinFlute"},{"floor":26,"key":"TungstenRod"}],"event_choices":[{"cards_removed":["CherryBlossoms"],"damage_healed":0,"gold_gain":0,"player_choice":"Purged","damage_taken":0,"max_hp_gain":0,"max_hp_loss":0,"event_name":"Purifier","floor":4,"gold_loss":0},{"damage_healed":0,"gold_gain":0,"player_choice":"Upgraded","damage_taken":0,"max_hp_gain":0,"max_hp_loss":0,"event_name":"Upgrade Shrine","floor":2,"gold_loss":0,"cards_upgraded":["Regret_ego"]},{"cards_removed":["BigBadWolf"],"damage_healed":35,"gold_gain":0,"player_choice":"Offered Uncommon","damage_taken":0,"max_hp_gain":0,"max_hp_loss":0,"event_name":"Bonfire Elementals","floor":8,"gold_loss":0},{"damage_healed":0,"gold_gain":0,"player_choice":"Ignored","damage_taken":0,"max_hp_gain":0,"max_hp_loss":0,"event_name":"OrinTheCat","floor":22,"gold_loss":0}],"is_beta":false,"boss_relics":[{"not_picked":["hubris:VirtuousBlindfold","Painkiller Herb"],"picked":"ChewingGum"}],"items_purged_floors":[2],"is_endless":false,"potions_floor_spawned":[1,5,1,5,11,13,14,18],"killed_by":"4 Shapes","ascension_level":0}}