{"host":"kzpuingyul43kz0j","time":1611924427,"event":{"mods":["2.2 Compatiblity","BaseMod","Bestiary","Better Skull","BetterRewards","Colored Map","Colored Powertips","Curses Come First","Displayed Cursed Tome","Downfall","Gold Saver","Highlight Path","Keyboard Shortcuts","Minty Spire (QoL Compilation)","Relic Stats","Remove Card Discount Mod","StSLib","Uncapped"],"gold_per_floor":[116,40,40,54,6,34,34,44,69,102,112,112,194,194,194,289,289,307,296,316,316,316],"floor_reached":21,"language":"ENG","playtime":1195,"items_purged":["Defend_B","Strike_B","Strike_B"],"score":214,"play_id":"e6614853-4420-4244-b859-0daf5b2b3b22","local_time":"20210129134707","is_ascension_mode":false,"campfire_choices":[{"data":"Chill","floor":7,"key":"SMITH"},{"data":"Zap","floor":12,"key":"SMITH"},{"floor":15,"key":"RECALL"}],"circlet_count":0,"master_deck":["Strike_B","Strike_B+1","Defend_B","Defend_B","Defend_B+1","Zap+1","Dualcast","Cold Snap+1","Chill+1","Leap","Coolheaded","Conserve Battery","Capacitor","Skim","Sweeping Beam","Creative AI+1","Capacitor+1","Ball Lightning+1","Go for the Eyes"],"relics":["Cracked Core","NeowsBlessing","Toy Ornithopter","Juzu Bracelet","Frozen Egg 2","SacredBark"],"acts_visited":["Exordium","TheCity"],"potions_floor_usage":[10,10,16,21],"damage_taken":[{"damage":0,"enemies":"Cultist","floor":1,"turns":1},{"damage":0,"enemies":"Jaw Worm","floor":4,"turns":1},{"damage":0,"enemies":"Gremlin Nob","floor":6,"turns":1},{"damage":0,"enemies":"2 Louse","floor":8,"turns":3},{"damage":4,"enemies":"Lagavulin","floor":10,"turns":9},{"damage":0,"enemies":"2 Fungi Beasts","floor":11,"turns":4},{"damage":6,"enemies":"The Guardian","floor":16,"turns":13},{"damage":8,"enemies":"Chosen","floor":18,"turns":9},{"damage":8,"enemies":"2 Thieves","floor":19,"turns":5},{"damage":41,"enemies":"Cultist and Chosen","floor":20,"turns":8},{"damage":24,"enemies":"Shelled Parasite and Fungi","floor":21,"turns":5}],"seed_played":"-4034840669979308612","potions_obtained":[{"floor":1,"key":"FocusPotion"},{"floor":4,"key":"Strength Potion"},{"floor":11,"key":"FearPotion"},{"floor":20,"key":"Energy Potion"}],"is_trial":false,"path_per_floor":["M","$","?","M","$","E","R","M","T","E","M","R","T","?","R","B",null,"M","M","M","M"],"character_chosen":"DEFECT","items_purchased":["Chill","Coolheaded"],"campfire_rested":0,"item_purchase_floors":[2,5],"current_hp_per_floor":[75,75,60,60,60,60,60,60,60,66,66,66,66,66,66,65,75,67,59,18,0,0],"gold":316,"neow_bonus":"THREE_ENEMY_KILL","is_daily":false,"chose_seed":false,"campfire_upgraded":2,"win_rate":0.0,"timestamp":1611924427,"path_taken":["M","$","?","M","$","E","R","M","T","E","M","R","?","?","R","BOSS","M","M","M","M"],"items_purchased_type":["Card","Card"],"build_version":"2020-12-22","purchased_purges":3,"victory":false,"max_hp_per_floor":[75,75,75,75,75,75,75,75,75,75,75,75,75,75,75,75,75,75,75,75,75,75],"relic_stats":{"counters":[11,59],"Juzu Bracelet":1,"obtain_stats":[{"NeowsBlessing":0,"SacredBark":17,"Juzu Bracelet":9,"Frozen Egg 2":10,"Cracked Core":0,"Toy Ornithopter":6},{"NeowsBlessing":0,"SacredBark":7,"Juzu Bracelet":4,"Frozen Egg 2":5,"Cracked Core":0,"Toy Ornithopter":3},{"NeowsBlessing":0,"SacredBark":32,"Juzu Bracelet":6,"Frozen Egg 2":15,"Cracked Core":0,"Toy Ornithopter":3}],"Toy Ornithopter":20},"card_choices":[{"not_picked":["BootSequence","Go for the Eyes"],"picked":"Cold Snap","floor":1},{"not_picked":["Doom and Gloom","Double Energy"],"picked":"Leap","floor":4},{"not_picked":["Ball Lightning","Sunder"],"picked":"Conserve Battery","floor":6},{"not_picked":["Compile Driver","Reprogram"],"picked":"Capacitor","floor":8},{"not_picked":["Reprogram","White Noise"],"picked":"Skim","floor":10},{"not_picked":["Cold Snap","Melter"],"picked":"Sweeping Beam","floor":11},{"not_picked":["Meteor Strike","Amplify"],"picked":"Creative AI+1","floor":16},{"not_picked":["Recycle+1","Barrage"],"picked":"Capacitor+1","floor":18},{"not_picked":["Rebound+1","Steam"],"picked":"Ball Lightning+1","floor":19},{"not_picked":["Barrage","FTL"],"picked":"Go for the Eyes","floor":20}],"player_experience":90174,"relics_obtained":[{"floor":6,"key":"Toy Ornithopter"},{"floor":9,"key":"Juzu Bracelet"},{"floor":10,"key":"Frozen Egg 2"}],"event_choices":[{"damage_healed":0,"gold_gain":0,"player_choice":"Entered Light","damage_taken":15,"max_hp_gain":0,"max_hp_loss":0,"event_name":"Shining Light","floor":3,"gold_loss":0,"cards_upgraded":["Defend_B","Strike_B"]},{"damage_healed":0,"gold_gain":0,"player_choice":"Forge","damage_taken":0,"max_hp_gain":0,"max_hp_loss":0,"event_name":"Accursed Blacksmith","floor":14,"gold_loss":0,"cards_upgraded":["Cold Snap"]}],"is_beta":false,"boss_relics":[{"not_picked":["Busted Crown","Astrolabe"],"picked":"SacredBark"}],"items_purged_floors":[2,2,2],"is_endless":false,"potions_floor_spawned":[1,4,11,20],"killed_by":"Shelled Parasite and Fungi","ascension_level":0}}