{"host":"1p8eqzpvl5sxeu5t","time":1611902764,"event":{"mods":["BaseMod","Bestiary","Block Reminder","Colored Map","Colored Powertips","Curses Come First","Downfall","Highlight Path","Minty Spire (QoL Compilation)","Relic Stats","StSLib","The IronCluck","Waifu the Spire","everything is the same but u backflip on backflip","slay the spire mod where everything is the same but ironclad has a cowboy hat"],"gold_per_floor":[0,17,35,50,67,83,110,10,37,56,56,67,67,93,109,109,109,109],"floor_reached":16,"language":"ENG","playtime":687,"items_purged":[],"score":133,"play_id":"3a9e0abf-ffbb-4a26-94a4-32aa00539ee0","local_time":"20210129144604","is_ascension_mode":true,"campfire_choices":[{"data":"bronze:Goto","floor":1,"key":"SMITH"},{"floor":8,"key":"REST"},{"data":"bronze:BuggyMess","floor":11,"key":"SMITH"},{"data":"bronze:Fortify","floor":13,"key":"SMITH"}],"circlet_count":0,"master_deck":["bronze:Strike","bronze:Strike","bronze:Strike","bronze:Strike","bronze:Defend","bronze:Defend","bronze:Defend","bronze:Defend","bronze:Replicate","bronze:Goto+1","bronze:Fortify+1","bronze:BuggyMess+1","bronze:Frontload","bronze:Flail","bronze:Refactor"],"relics":["bronze:BronzeCore","Incense Burner","downfall:HeartBlessingBlue","Happy Flower","Oddly Smooth Stone"],"acts_visited":["Exordium"],"potions_floor_usage":[9,16,16],"damage_taken":[{"damage":0,"enemies":"Cultist","floor":2,"turns":4},{"damage":0,"enemies":"Small Slimes","floor":3,"turns":3},{"damage":9,"enemies":"2 Louse","floor":4,"turns":2},{"damage":24,"enemies":"Lots of Slimes","floor":5,"turns":7},{"damage":8,"enemies":"Red Slaver","floor":6,"turns":5},{"damage":5,"enemies":"3 Sentries","floor":9,"turns":3},{"damage":9,"enemies":"Large Slime","floor":10,"turns":5},{"damage":0,"enemies":"2 Fungi Beasts","floor":12,"turns":2},{"damage":6,"enemies":"Gremlin Nob","floor":14,"turns":4},{"damage":33,"enemies":"Gremlin Gang","floor":15,"turns":4},{"damage":11,"enemies":"IC_STATUS_ARCHETYPE","floor":16,"turns":8}],"seed_played":"8946405651194938002","potions_obtained":[{"floor":2,"key":"bronze:FreeFunctionsPotion"},{"floor":4,"key":"Dexterity Potion"},{"floor":6,"key":"Explosive Potion"},{"floor":9,"key":"EssenceOfSteel"}],"is_trial":false,"path_per_floor":["R","M","M","M","M","M","T","R","E","M","R","M","R","E","M","B"],"character_chosen":"THE_AUTOMATON","items_purchased":[],"campfire_rested":1,"item_purchase_floors":[],"current_hp_per_floor":[70,70,70,61,37,29,29,60,55,46,46,46,46,40,7,0,0,0],"gold":109,"neow_bonus":"ONE_RARE_RELIC","is_daily":false,"chose_seed":false,"campfire_upgraded":3,"win_rate":0.0,"timestamp":1611902764,"path_taken":["R","M","?","M","M","M","T","R","E","M","R","M","R","E","M","BOSS"],"items_purchased_type":[],"build_version":"2020-12-22","purchased_purges":0,"victory":false,"max_hp_per_floor":[70,70,70,70,70,70,70,80,80,80,80,80,80,80,80,80,80,80],"relic_stats":{"Happy Flower":[7],"counters":[11,47],"obtain_stats":[{"bronze:BronzeCore":0,"Happy Flower":9,"downfall:HeartBlessingBlue":8,"Oddly Smooth Stone":14,"Incense Burner":0},{"bronze:BronzeCore":0,"Happy Flower":6,"downfall:HeartBlessingBlue":5,"Oddly Smooth Stone":9,"Incense Burner":0},{"bronze:BronzeCore":0,"Happy Flower":24,"downfall:HeartBlessingBlue":21,"Oddly Smooth Stone":35,"Incense Burner":0}]},"card_choices":[{"not_picked":["bronze:WhirlingStrike","bronze:Deprecate"],"picked":"bronze:Fortify","floor":2},{"not_picked":["bronze:DigitalCarnage","bronze:Deprecate"],"picked":"bronze:BuggyMess","floor":3},{"not_picked":["bronze:Turbo","bronze:Constructor"],"picked":"bronze:Frontload","floor":4},{"not_picked":["bronze:Deprecate","bronze:NullPointer","bronze:Overheat"],"picked":"SKIP","floor":5},{"not_picked":["bronze:ThunderWave","bronze:Iterate"],"picked":"bronze:Flail","floor":6},{"not_picked":["bronze:Shield","bronze:DelayedGuard","bronze:DigitalCarnage"],"picked":"SKIP","floor":9},{"not_picked":["bronze:CutThrough","bronze:Frontload","bronze:BronzeArmor"],"picked":"SKIP","floor":10},{"not_picked":["bronze:ThunderWave","bronze:BuggyMess","bronze:Constructor"],"picked":"SKIP","floor":12},{"not_picked":["bronze:Constructor","bronze:Branch"],"picked":"bronze:Refactor","floor":14},{"not_picked":["bronze:DigitalCarnage","bronze:BuggyMess","bronze:Invalidate"],"picked":"SKIP","floor":15}],"player_experience":871500,"relics_obtained":[{"floor":9,"key":"Happy Flower"},{"floor":14,"key":"Oddly Smooth Stone"}],"event_choices":[],"is_beta":false,"boss_relics":[],"items_purged_floors":[],"is_endless":false,"potions_floor_spawned":[2,4,6,9,12],"killed_by":"IC_STATUS_ARCHETYPE","ascension_level":3}}