{"host":"6xsbn6ynqlzwllfm","time":1611890959,"event":{"mods":["2.2 Compatiblity","BaseMod","Bestiary","Colored Map","Colored Powertips","Curses Come First","Highlight Path","Keyboard Shortcuts","Minty Spire (QoL Compilation)","Relic Stats","Slay the Relics Exporter","StSLib","SuperFastMode"],"gold_per_floor":[112,126,226,245,262,295,295,327,353,380,13,40,40,65,65,172,172,199,210,14,33,42,71,71,112,167,167,167],"floor_reached":27,"language":"ENG","playtime":1556,"items_purged":["Strike_P","Strike_P"],"score":407,"play_id":"b50446ad-07e4-413b-bba7-3d545b46d5e7","local_time":"20210128222919","is_ascension_mode":true,"campfire_choices":[{"data":"Conclude","floor":7.0,"key":"SMITH"},{"floor":13.0,"key":"REST"},{"data":"Worship","floor":15.0,"key":"SMITH"},{"floor":24.0,"key":"REST"}],"circlet_count":0,"master_deck":["Strike_P","Strike_P+1","Defend_P","Defend_P+1","Defend_P","Defend_P","Eruption","Vigilance","Establishment+1","Tantrum","LikeWater","TalkToTheHand+1","Conclude+1","Protect","Halt+1","LessonLearned","SandsOfTime","DeceiveReality","Worship+1","WheelKick","DeusExMachina+1","Wallop+1","TalkToTheHand+1","RitualDagger","ThirdEye+1"],"relics":["PureWater","Dream Catcher","Potion Belt","Smiling Mask","Boot","CeramicFish","Runic Pyramid","Vajra","Incense Burner","Centennial Puzzle","Strawberry"],"acts_visited":["Exordium","TheCity"],"potions_floor_usage":[],"damage_taken":[{"damage":0.0,"enemies":"Cultist","floor":1.0,"turns":3.0},{"damage":0.0,"enemies":"2 Louse","floor":2.0,"turns":2.0},{"damage":0.0,"enemies":"Small Slimes","floor":4.0,"turns":2.0},{"damage":6.0,"enemies":"Exordium Wildlife","floor":5.0,"turns":6.0},{"damage":20.0,"enemies":"3 Sentries","floor":6.0,"turns":4.0},{"damage":10.0,"enemies":"Lagavulin","floor":8.0,"turns":7.0},{"damage":14.0,"enemies":"Gremlin Nob","floor":10.0,"turns":5.0},{"damage":4.0,"enemies":"Lagavulin","floor":12.0,"turns":10.0},{"damage":9.0,"enemies":"3 Louse","floor":14.0,"turns":6.0},{"damage":8.0,"enemies":"Slime Boss","floor":16.0,"turns":8.0},{"damage":11.0,"enemies":"Shell Parasite","floor":18.0,"turns":5.0},{"damage":7.0,"enemies":"2 Thieves","floor":19.0,"turns":4.0},{"damage":3.0,"enemies":"Centurion and Healer","floor":21.0,"turns":5.0},{"damage":8.0,"enemies":"Book of Stabbing","floor":23.0,"turns":5.0},{"damage":21.0,"enemies":"Slavers","floor":25.0,"turns":5.0},{"damage":1,"enemies":"Gremlin Leader","floor":27,"turns":5}],"seed_played":"6564905518766160538","potions_obtained":[{"floor":1.0,"key":"Ancient Potion"},{"floor":2.0,"key":"Fire Potion"},{"floor":5.0,"key":"SpeedPotion"},{"floor":6.0,"key":"Fire Potion"},{"floor":10.0,"key":"Strength Potion"},{"floor":16.0,"key":"AttackPotion"},{"floor":21.0,"key":"Weak Potion"}],"is_trial":false,"path_per_floor":["M","M","?","M","M","E","R","E","T","E","$","E","R","M","R","B",null,"M","M","$","M","?","E","R","E","T","E"],"character_chosen":"WATCHER","items_purchased":["LessonLearned","SandsOfTime","DeceiveReality","Worship","Vajra"],"campfire_rested":2,"item_purchase_floors":[11,11,11,11,20],"current_hp_per_floor":[65,65,65,65,59,39,39,29,29,15,15,11,32,23,23,15,58,47,40,40,37,31,23,44,23,30,29,29],"gold":167,"neow_bonus":"ONE_RANDOM_RARE_CARD","is_daily":false,"chose_seed":false,"campfire_upgraded":2,"win_rate":0.0,"timestamp":1611890959,"path_taken":["M","?","?","M","M","E","R","E","T","E","$","E","R","?","R","BOSS","M","M","$","M","?","E","R","E","T","E"],"items_purchased_type":["Card","Card","Card","Card","Relic"],"build_version":"2020-12-22","purchased_purges":2,"victory":false,"max_hp_per_floor":[72,72,72,72,72,72,72,72,72,72,72,72,72,72,72,72,72,72,72,72,72,72,72,72,72,79,79,79],"relic_stats":{"Dream Catcher":2,"Centennial Puzzle":[3],"counters":[16,82],"CeramicFish":54,"Smiling Mask":75,"Boot":[52],"obtain_stats":[{"Potion Belt":8,"Dream Catcher":6,"Centennial Puzzle":25,"CeramicFish":12,"Strawberry":26,"Vajra":20,"Incense Burner":23,"PureWater":0,"Smiling Mask":9,"Boot":10,"Runic Pyramid":17},{"Potion Belt":6,"Dream Catcher":5,"Centennial Puzzle":15,"CeramicFish":8,"Strawberry":15,"Vajra":12,"Incense Burner":14,"PureWater":0,"Smiling Mask":6,"Boot":7,"Runic Pyramid":10},{"Potion Belt":24,"Dream Catcher":17,"Centennial Puzzle":77,"CeramicFish":39,"Strawberry":77,"Vajra":62,"Incense Burner":72,"PureWater":0,"Smiling Mask":24,"Boot":29,"Runic Pyramid":53}]},"card_choices":[{"not_picked":["FlurryOfBlows","FearNoEvil"],"picked":"Tantrum","floor":1.0},{"not_picked":["Sanctity","Establishment"],"picked":"LikeWater","floor":4.0},{"not_picked":["Halt","Fasting2"],"picked":"TalkToTheHand","floor":5.0},{"not_picked":["SignatureMove","FlyingSleeves"],"picked":"Conclude","floor":6.0},{"not_picked":["ThirdEye","ReachHeaven"],"picked":"Protect","floor":8.0},{"not_picked":["CutThroughFate","SashWhip"],"picked":"Halt","floor":10.0},{"not_picked":["SashWhip","Halt","Collect"],"picked":"SKIP","floor":12.0},{"not_picked":["EmptyMind","ClearTheMind"],"picked":"WheelKick","floor":14.0},{"not_picked":["Establishment","Blasphemy"],"picked":"DeusExMachina","floor":16.0},{"not_picked":["FollowUp+1","LikeWater"],"picked":"Wallop","floor":18.0},{"not_picked":["FlurryOfBlows","Prostrate"],"picked":"TalkToTheHand+1","floor":21.0},{"not_picked":["Sanctity","Wallop"],"picked":"ThirdEye+1","floor":25.0}],"player_experience":1206060,"relics_obtained":[{"floor":6.0,"key":"Dream Catcher"},{"floor":8.0,"key":"Potion Belt"},{"floor":9.0,"key":"Smiling Mask"},{"floor":10.0,"key":"Boot"},{"floor":12.0,"key":"CeramicFish"},{"floor":23.0,"key":"Incense Burner"},{"floor":25.0,"key":"Centennial Puzzle"},{"floor":26.0,"key":"Strawberry"}],"event_choices":[{"damage_healed":0.0,"max_hp_gain":0.0,"max_hp_loss":0.0,"gold_gain":100.0,"event_name":"Golden Shrine","player_choice":"Pray","floor":3.0,"gold_loss":0.0,"damage_taken":0.0},{"damage_healed":0.0,"max_hp_gain":0.0,"max_hp_loss":0.0,"gold_gain":0.0,"event_name":"Nest","player_choice":"Joined the Cult","floor":22.0,"gold_loss":0.0,"damage_taken":6.0,"cards_obtained":["RitualDagger"]}],"is_beta":false,"boss_relics":[{"not_picked":["Busted Crown","HolyWater"],"picked":"Runic Pyramid"}],"items_purged_floors":[11,20],"is_endless":false,"potions_floor_spawned":[1,2,5,6,10,16,21],"killed_by":"Gremlin Leader","ascension_level":9}}