{"host":"t7mx8yfj1no5p62f","time":1611896309,"event":{"mods":["BaseMod","Colored Map","Colored Powertips","Minty Spire (QoL Compilation)","Relic Stats","StSLib"],"gold_per_floor":[117,133,153,167,132,132,159,159,185,30,62,62,62,97,97,97,97],"floor_reached":16,"language":"ENG","playtime":494,"items_purged":["Strike_B"],"score":236,"play_id":"d136997a-3eb3-4f35-8112-e6dac4cd1da7","local_time":"20210128235829","is_ascension_mode":true,"campfire_choices":[{"data":"Sweeping Beam","floor":6,"key":"SMITH"},{"floor":8,"key":"REST"},{"data":"Rip and Tear","floor":13,"key":"SMITH"},{"data":"Lockon","floor":15,"key":"SMITH"}],"circlet_count":0,"master_deck":["AscendersBane","Strike_B","Strike_B","Strike_B","Defend_B","Defend_B","Defend_B","Defend_B","Zap","Dualcast","Lockon+1","Genetic Algorithm","Sweeping Beam+1","Rip and Tear+1","Leap","Self Repair","Cold Snap","Steam"],"relics":["Cracked Core","Smiling Mask","Bag of Preparation","Pen Nib","MealTicket","Thread and Needle"],"acts_visited":["Exordium"],"potions_floor_usage":[16],"damage_taken":[{"damage":6,"enemies":"Cultist","floor":1,"turns":4},{"damage":7,"enemies":"Jaw Worm","floor":2,"turns":3},{"damage":11,"enemies":"Small Slimes","floor":3,"turns":4},{"damage":11,"enemies":"Blue Slaver","floor":4,"turns":4},{"damage":34,"enemies":"Lagavulin","floor":7,"turns":7},{"damage":8,"enemies":"Gremlin Nob","floor":11,"turns":3},{"damage":12,"enemies":"3 Sentries","floor":14,"turns":6},{"damage":22,"enemies":"Hexaghost","floor":16,"turns":9}],"seed_played":"4417365090119164645","potions_obtained":[{"floor":2,"key":"Dexterity Potion"},{"floor":3,"key":"Swift Potion"}],"is_trial":false,"path_per_floor":["M","M","M","M","?","R","E","R","T","$","E","?","R","E","R","B"],"character_chosen":"DEFECT","items_purchased":["Leap","Self Repair"],"campfire_rested":1,"item_purchase_floors":[10,10],"current_hp_per_floor":[58,51,40,29,46,46,12,33,33,33,25,25,25,20,20,0,0],"gold":97,"neow_bonus":"RANDOM_COMMON_RELIC","is_daily":false,"chose_seed":false,"campfire_upgraded":3,"win_rate":0.0,"timestamp":1611896309,"path_taken":["M","M","M","?","?","R","E","R","T","$","E","?","R","E","R","BOSS"],"items_purchased_type":["Card","Card"],"build_version":"2020-12-22","purchased_purges":1,"victory":false,"max_hp_per_floor":[71,71,71,71,71,71,71,71,71,71,71,71,71,71,71,71,71],"relic_stats":{"counters":[8,40],"MealTicket":0,"Pen Nib":[2],"Bag of Preparation":[6],"Smiling Mask":25,"obtain_stats":[{"MealTicket":11,"Thread and Needle":14,"Pen Nib":9,"Bag of Preparation":7,"Cracked Core":0,"Smiling Mask":0},{"MealTicket":6,"Thread and Needle":7,"Pen Nib":5,"Bag of Preparation":5,"Cracked Core":0,"Smiling Mask":0},{"MealTicket":25,"Thread and Needle":31,"Pen Nib":22,"Bag of Preparation":22,"Cracked Core":0,"Smiling Mask":0}]},"card_choices":[{"not_picked":["Steam","Leap"],"picked":"Lockon","floor":1},{"not_picked":["Go for the Eyes","Chill"],"picked":"Genetic Algorithm","floor":2},{"not_picked":["Force Field","Redo","Turbo"],"picked":"SKIP","floor":3},{"not_picked":["Reinforced Body","Blizzard"],"picked":"Sweeping Beam","floor":4},{"not_picked":["Beam Cell","Barrage"],"picked":"Rip and Tear","floor":7},{"not_picked":["Sunder","Aggregate"],"picked":"Cold Snap","floor":11},{"not_picked":["Leap","Double Energy"],"picked":"Steam","floor":14}],"player_experience":1881308,"relics_obtained":[{"floor":7,"key":"Bag of Preparation"},{"floor":9,"key":"Pen Nib"},{"floor":11,"key":"MealTicket"},{"floor":14,"key":"Thread and Needle"}],"event_choices":[{"damage_healed":17,"gold_gain":0,"player_choice":"Healed","damage_taken":0,"max_hp_gain":0,"max_hp_loss":0,"event_name":"The Cleric","floor":5,"gold_loss":35},{"damage_healed":0,"gold_gain":0,"player_choice":"0 cards matched","damage_taken":0,"max_hp_gain":0,"max_hp_loss":0,"event_name":"Match and Keep!","floor":12,"gold_loss":0,"cards_obtained":[]}],"is_beta":false,"boss_relics":[],"items_purged_floors":[10],"is_endless":false,"potions_floor_spawned":[2,3],"killed_by":"Hexaghost","ascension_level":20}}