{"host":"bxn2em57qlx5u4i0","time":1611958460,"event":{"mods":["BaseMod","Colored Map","Colored Powertips","Highlight Path","Minty Spire (QoL Compilation)","Random Character Button","Relic Sorter","Relic Stats","StSLib","SuperFastMode"],"gold_per_floor":[111,91,104,29,39,69,69,101,127,127,202,221,221,255,255,255,255],"floor_reached":16,"language":"ENG","playtime":370,"items_purged":[],"score":236,"play_id":"a4856a39-b6b1-43b8-93a3-9e5c5dc77d4d","local_time":"20210129171420","is_ascension_mode":true,"campfire_choices":[{"data":"All Out Attack","floor":7.0,"key":"SMITH"},{"data":"Glass Knife","floor":10.0,"key":"SMITH"},{"data":"Neutralize","floor":13.0,"key":"SMITH"},{"data":"Deadly Poison","floor":15.0,"key":"SMITH"}],"circlet_count":0,"master_deck":["AscendersBane","Strike_G","Strike_G","Strike_G","Strike_G","Defend_G","Defend_G","Defend_G","Defend_G+1","Defend_G","Survivor","Neutralize+1","Bullet Time","Deadly Poison+1","All Out Attack+1","Glass Knife+1","Calculated Gamble+1","Backflip","Blur"],"relics":["Ring of the Snake","Vajra","Blood Vial","War Paint","Toy Ornithopter"],"acts_visited":["Exordium"],"potions_floor_usage":[],"damage_taken":[{"damage":0.0,"enemies":"2 Louse","floor":1.0,"turns":4.0},{"damage":0.0,"enemies":"Cultist","floor":3.0,"turns":4.0},{"damage":0.0,"enemies":"Small Slimes","floor":5.0,"turns":3.0},{"damage":23.0,"enemies":"Lagavulin","floor":6.0,"turns":8.0},{"damage":3.0,"enemies":"Gremlin Nob","floor":8.0,"turns":3.0},{"damage":0.0,"enemies":"3 Louse","floor":12.0,"turns":1.0},{"damage":3.0,"enemies":"3 Sentries","floor":14.0,"turns":7.0},{"damage":10,"enemies":"Hexaghost","floor":16,"turns":9}],"seed_played":"6174531859476110939","potions_obtained":[{"floor":1.0,"key":"EssenceOfSteel"},{"floor":2.0,"key":"CunningPotion"},{"floor":12.0,"key":"Dexterity Potion"}],"is_trial":false,"path_per_floor":["M","?","M","?","M","E","R","E","T","R","?","M","R","E","R","B"],"character_chosen":"THE_SILENT","items_purchased":[],"campfire_rested":0,"item_purchase_floors":[],"current_hp_per_floor":[44,44,44,44,44,21,21,18,18,18,7,9,9,8,8,0,0],"gold":255,"neow_bonus":"THREE_RARE_CARDS","is_daily":false,"chose_seed":false,"campfire_upgraded":4,"win_rate":0.0,"timestamp":1611958460,"path_taken":["M","?","?","?","M","E","R","E","T","R","?","M","R","E","R","BOSS"],"items_purchased_type":[],"build_version":"2020-12-22","purchased_purges":0,"victory":false,"max_hp_per_floor":[66,66,66,66,66,66,66,66,66,66,66,66,66,66,66,66,66],"relic_stats":{"Blood Vial":6,"counters":[8,39],"War Paint":["Defend_G","Calculated Gamble"],"obtain_stats":[{"Blood Vial":8,"Vajra":6,"War Paint":9,"Toy Ornithopter":14,"Ring of the Snake":0},{"Blood Vial":5,"Vajra":4,"War Paint":5,"Toy Ornithopter":7,"Ring of the Snake":0},{"Blood Vial":22,"Vajra":19,"War Paint":22,"Toy Ornithopter":30,"Ring of the Snake":0}],"Toy Ornithopter":0,"Ring of the Snake":[16]},"card_choices":[{"not_picked":["A Thousand Cuts","Envenom"],"picked":"Bullet Time","floor":0.0},{"not_picked":["Underhanded Strike","Backstab"],"picked":"Deadly Poison","floor":1.0},{"not_picked":["Bane","Underhanded Strike"],"picked":"All Out Attack","floor":3.0},{"not_picked":["PiercingWail","Deflect"],"picked":"Glass Knife","floor":5.0},{"not_picked":["Dagger Throw","Sucker Punch"],"picked":"Calculated Gamble","floor":6.0},{"not_picked":["Underhanded Strike","Sucker Punch"],"picked":"Backflip","floor":8.0},{"not_picked":["Masterful Stab","Blade Dance","PiercingWail"],"picked":"SKIP","floor":12.0},{"not_picked":["Finisher","Slice"],"picked":"Blur","floor":14.0}],"player_experience":2959692,"relics_obtained":[{"floor":6.0,"key":"Vajra"},{"floor":8.0,"key":"Blood Vial"},{"floor":9.0,"key":"War Paint"},{"floor":14.0,"key":"Toy Ornithopter"}],"event_choices":[{"damage_healed":0.0,"max_hp_gain":0.0,"max_hp_loss":0.0,"gold_gain":0.0,"event_name":"The Woman in Blue","player_choice":"Bought 1 Potion","floor":2.0,"gold_loss":0.0,"damage_taken":0.0},{"cards_removed":["Strike_G"],"damage_healed":0.0,"max_hp_gain":0.0,"max_hp_loss":0.0,"gold_gain":0.0,"event_name":"The Cleric","player_choice":"Card Removal","floor":4.0,"gold_loss":75.0,"damage_taken":0.0},{"damage_healed":0.0,"max_hp_gain":0.0,"max_hp_loss":0.0,"gold_gain":75.0,"event_name":"World of Goop","player_choice":"Gather Gold","floor":11.0,"gold_loss":0.0,"damage_taken":11.0}],"is_beta":false,"boss_relics":[],"items_purged_floors":[],"is_endless":false,"potions_floor_spawned":[1,12],"killed_by":"Hexaghost","ascension_level":20}}