{"host":"vfg9szunmpjwj08o","time":1611954962,"event":{"mods":["Act Like it!","BaseMod","Challenge The Spire","Colored Map","Colored Powertips","Conspire","Dark Map","Minty Spire (QoL Compilation)","Relic Stats","StSLib","Waifu the Spire"],"gold_per_floor":[111,111,35,35,11,11,31,57,57,90,107,124,137,164,164,261,261,277,316,316,328,236,236,236,236,304,339,339,370,370,380,380,380,380],"floor_reached":33,"language":"ENG","playtime":1474,"items_purged":[],"score":551,"play_id":"90f00522-8f70-4809-99f0-1eba780ede34","local_time":"20210129221602","is_ascension_mode":true,"campfire_choices":[{"data":"Eruption","floor":6.0,"key":"SMITH"},{"data":"Devotion","floor":15,"key":"SMITH"},{"data":"MentalFortress","floor":23,"key":"SMITH"},{"data":"PathToVictory","floor":25,"key":"SMITH"},{"floor":32,"key":"RECALL"}],"circlet_count":0,"master_deck":["conspire:GhostlyStrike","conspire:GhostlyStrike","conspire:GhostlyStrike","conspire:GhostlyDefend","conspire:GhostlyDefend","conspire:GhostlyDefend","conspire:GhostlyDefend","Eruption+1","Vigilance","PathToVictory+1","MentalFortress+1","Evaluate","PathToVictory","Halt","EmptyBody","TalkToTheHand","WheelKick","DevaForm","Study","EmptyBody","CutThroughFate","Vengeance","Adaptation","Perseverance+1","WheelKick"],"relics":["PureWater","NeowsBlessing","PreservedInsect","Anchor","Pen Nib","Sundial","conspire:SeveredTorchhead","Tiny Chest","Mummified Hand","MealTicket","Bag of Preparation","Toy Ornithopter"],"acts_visited":["Exordium","TheCity"],"potions_floor_usage":[14,16,33],"damage_taken":[{"damage":0.0,"enemies":"Small Slimes","floor":1.0,"turns":1.0},{"damage":0.0,"enemies":"Jaw Worm","floor":7.0,"turns":1.0},{"damage":0.0,"enemies":"Gremlin Nob","floor":8.0,"turns":1.0},{"damage":0.0,"enemies":"Lagavulin","floor":10.0,"turns":4.0},{"damage":0.0,"enemies":"2 Louse","floor":11.0,"turns":2.0},{"damage":0.0,"enemies":"Exordium Thugs","floor":12.0,"turns":4.0},{"damage":4,"enemies":"Large Slime","floor":13,"turns":4},{"damage":0,"enemies":"Gremlin Nob","floor":14,"turns":3},{"damage":7,"enemies":"The Guardian","floor":16,"turns":7},{"damage":22,"enemies":"Spheric Guardian","floor":18,"turns":5},{"damage":31,"enemies":"conspire:MimicChest","floor":19,"turns":6},{"damage":22,"enemies":"3 Byrds","floor":21,"turns":6},{"damage":6,"enemies":"Gremlin Leader","floor":27,"turns":7},{"damage":11,"enemies":"conspire:SneckoGhost","floor":29,"turns":5},{"damage":12,"enemies":"Snecko","floor":31,"turns":6},{"damage":54,"enemies":"Automaton","floor":33,"turns":6}],"seed_played":"9089970986419086285","potions_obtained":[{"floor":10.0,"key":"BottledMiracle"},{"floor":12,"key":"Explosive Potion"},{"floor":13,"key":"Weak Potion"},{"floor":19,"key":"Fire Potion"},{"floor":27,"key":"SmokeBomb"}],"is_trial":false,"path_per_floor":["M","?","$","?","$","R","M","E","T","E","M","M","M","E","R","B",null,"M","?","?","M","$","R","?","R","T","E","T","E","?","M","R","B"],"character_chosen":"WATCHER","items_purchased":["MentalFortress","Evaluate","CutThroughFate","Vengeance"],"campfire_rested":0,"item_purchase_floors":[3,5,22,22],"current_hp_per_floor":[65,58,58,58,58,58,58,58,58,58,58,58,54,54,54,47,66,44,13,82,60,60,60,60,60,60,54,54,43,43,31,31,0,0],"gold":380,"neow_bonus":"THREE_ENEMY_KILL","is_daily":false,"chose_seed":false,"campfire_upgraded":4,"win_rate":0.0,"timestamp":1611954962,"path_taken":["M","?","$","?","?","R","M","E","T","E","M","M","M","E","R","BOSS","M","?","?","?","$","R","?","R","T","E","?","E","?","M","R","BOSS"],"items_purchased_type":["Card","Card","Card","Card"],"build_version":"2020-12-22","purchased_purges":0,"victory":false,"max_hp_per_floor":[72,72,72,72,72,72,72,72,72,72,72,72,72,72,72,72,72,72,72,82,82,82,82,82,82,82,82,82,82,82,82,82,82,82],"relic_stats":{"counters":[16,68],"Sundial":[14],"Mummified Hand":[17],"Tiny Chest":1,"MealTicket":0,"PreservedInsect":136,"Pen Nib":[8],"Bag of Preparation":[6],"obtain_stats":[{"conspire:SeveredTorchhead":17,"Anchor":9,"NeowsBlessing":0,"Sundial":14,"Mummified Hand":26,"Tiny Chest":19,"MealTicket":27,"PreservedInsect":8,"Pen Nib":10,"Bag of Preparation":28,"PureWater":0,"Toy Ornithopter":29},{"conspire:SeveredTorchhead":9,"Anchor":3,"NeowsBlessing":0,"Sundial":8,"Mummified Hand":12,"Tiny Chest":11,"MealTicket":13,"PreservedInsect":3,"Pen Nib":4,"Bag of Preparation":13,"PureWater":0,"Toy Ornithopter":14},{"conspire:SeveredTorchhead":27,"Anchor":3,"NeowsBlessing":0,"Sundial":20,"Mummified Hand":44,"Tiny Chest":38,"MealTicket":51,"PreservedInsect":3,"Pen Nib":7,"Bag of Preparation":51,"PureWater":0,"Toy Ornithopter":56}],"Toy Ornithopter":5},"card_choices":[{"not_picked":["ClearTheMind","FlyingSleeves"],"picked":"PathToVictory","floor":1.0},{"not_picked":["Wireheading","Halt"],"picked":"PathToVictory","floor":7.0},{"not_picked":["Nirvana","Protect"],"picked":"Devotion","floor":8.0},{"not_picked":["FlyingSleeves","Crescendo"],"picked":"Halt","floor":10.0},{"not_picked":["EmptyFist","Evaluate"],"picked":"EmptyBody","floor":11.0},{"not_picked":["Crescendo","Halt"],"picked":"TalkToTheHand","floor":12},{"not_picked":["Nirvana","FlyingSleeves"],"picked":"WheelKick","floor":13},{"not_picked":["FollowUp","Fasting2","PathToVictory"],"picked":"SKIP","floor":14},{"not_picked":["DeusExMachina","Wish"],"picked":"DevaForm","floor":16},{"not_picked":["Evaluate","Halt"],"picked":"Study","floor":18},{"not_picked":["Worship","PathToVictory"],"picked":"EmptyBody","floor":19},{"not_picked":["ForeignInfluence","Consecrate","FollowUp"],"picked":"SKIP","floor":21},{"not_picked":["SashWhip+1","ThirdEye"],"picked":"Adaptation","floor":27},{"not_picked":["WaveOfTheHand+1","Tantrum"],"picked":"Perseverance+1","floor":29},{"not_picked":["BowlingBash","DevaForm"],"picked":"WheelKick","floor":31}],"player_experience":1086315,"relics_obtained":[{"floor":8.0,"key":"PreservedInsect"},{"floor":9.0,"key":"Anchor"},{"floor":10.0,"key":"Pen Nib"},{"floor":14,"key":"Sundial"},{"floor":19,"key":"Tiny Chest"},{"floor":26,"key":"Mummified Hand"},{"floor":27,"key":"MealTicket"},{"floor":28,"key":"Bag of Preparation"},{"floor":29,"key":"Toy Ornithopter"}],"event_choices":[{"cards_removed":["Strike_P"],"damage_healed":0.0,"max_hp_gain":0.0,"max_hp_loss":0.0,"gold_gain":0.0,"event_name":"Golden Wing","player_choice":"Card Removal","floor":2.0,"gold_loss":0.0,"damage_taken":7.0},{"damage_healed":0.0,"max_hp_gain":0.0,"max_hp_loss":0.0,"gold_gain":0.0,"event_name":"conspire:LoneGhost","player_choice":"Agree","floor":4.0,"gold_loss":0.0,"damage_taken":0.0},{"cards_removed":["Devotion"],"damage_healed":59,"gold_gain":0,"player_choice":"Offered Rare","damage_taken":0,"max_hp_gain":10,"max_hp_loss":0,"event_name":"Bonfire Elementals","floor":20,"gold_loss":0},{"damage_healed":0,"gold_gain":0,"player_choice":"Leave","damage_taken":0,"max_hp_gain":0,"max_hp_loss":0,"event_name":"conspire:Investor","floor":24,"gold_loss":0},{"damage_healed":0,"gold_gain":0,"player_choice":"Ignored","damage_taken":0,"max_hp_gain":0,"max_hp_loss":0,"event_name":"Vampires","floor":30,"gold_loss":0}],"is_beta":false,"boss_relics":[{"not_picked":["conspire:SpecialSausage","Pandora\u0027s Box"],"picked":"conspire:SeveredTorchhead"}],"items_purged_floors":[],"is_endless":false,"potions_floor_spawned":[10,12,13,19,27,31],"killed_by":"Automaton","ascension_level":8}}