{"host":"juoup3p5tvzzktl5","time":1611900871,"event":{"mods":["ATMod(∞¢Ë™Mod)","Aspiration","BaseMod","Better Vampires","BetterRewards","Colored Map","Colored Powertips","Friendly Minions","GifTheSpireLib","Hermit","Hubris","Infinite Spire","KinomotoSakuraMod(ƒæ÷Æ±æ”£)","Koishi","KomeijiMod","Marisa£®ÏF”Í°°ƒß¿Ì…≥£©","Minty Spire (QoL Compilation)","Quick Restart","Reimu£®≤©¿ˆ¡È√Œ£©","Relic Filter Mod","Reliquary","Replay The Spire","Shop Mod","StSLib","The Administrix","The Alterego","The Bug Knight","The Construct","The Cursed","The Jungle","The Mystic","The Runesmith","The Senshi","Youmu£®ªÍ∆«—˝√Œ£©","Yuyuko"],"gold_per_floor":[112,112,112,127,138,169,169,169,169,196,246,281,297,309,309,388,388,400,420,467,480,500,527,3,3,3,37,37,37,52,84,84,157,157,186,208,241,274,303,349,349,32,87,87,87,87],"floor_reached":45,"language":"ZHS","playtime":2413,"items_purged":["Defend_R","Strike_R"],"score":1650,"play_id":"545b80ce-b389-4b78-8946-0a47b529a7cb","local_time":"20210129151431","is_ascension_mode":true,"campfire_choices":[{"data":"Feel No Pain","floor":7.0,"key":"SMITH"},{"data":"Fire Breathing","floor":15.0,"key":"SMITH"},{"data":"Armaments","floor":25.0,"key":"SMITH"},{"data":"Dark Embrace","floor":32.0,"key":"SMITH"},{"data":"AT_FamilyPortrait","floor":41,"key":"SMITH"},{"data":"ReplayTheSpireMod:Muscle Training","floor":44,"key":"SMITH"}],"circlet_count":0,"master_deck":["AscendersBane","Strike_R","Strike_R","Defend_R","Defend_R","Defend_R","Bash","AT_FamilyPortrait+1","Second Wind","Pommel Strike","Feel No Pain+1","Shrug It Off","True Grit","Fire Breathing+1","Flex","Fiend Fire","Flex","Dark Embrace+1","Defy Death","ReplayTheSpireMod:Muscle Training","ReplayTheSpireMod:Muscle Training+1","Evolve","Reckless Charge","Armaments+1","AT_BodySlamDance","Ghostly","Ghostly","Ghostly","Flex","Body Slam+1","Warcry+1","AT_BodySlamDance"],"relics":["Burning Blood","AT_ATBox","HollowMod:PaleOreRelic","TheAbacus","infinitespire:CheckeredPen","Paper Frog","AT_BellowingDragoncrestRing","hubris:BottledRain","Another Sword","AT_GuinsooRageblade","hubris:RunicObelisk","The Courier","Garlic","Replay:Bottled Flurry","Replay:Baseball","hubris:Spice","infinitespire:EvilPickle","aspiration:SecretTechniqueScroll","Molten Egg 2","Membership Card","reliquary:TatteredRug"],"acts_visited":["Exordium","TheCity","TheBeyond"],"potions_floor_usage":[],"damage_taken":[{"damage":1.0,"enemies":"2 Louse","floor":1.0,"turns":2.0},{"damage":4.0,"enemies":"Small Slimes","floor":4.0,"turns":3.0},{"damage":1.0,"enemies":"Cultist","floor":5.0,"turns":3.0},{"damage":6.0,"enemies":"3 Sentries","floor":6.0,"turns":8.0},{"damage":17.0,"enemies":"Gremlin Nob","floor":10.0,"turns":4.0},{"damage":2.0,"enemies":"3 Sentries","floor":12.0,"turns":7.0},{"damage":3.0,"enemies":"Gremlin Gang","floor":13.0,"turns":5.0},{"damage":0.0,"enemies":"Large Slime","floor":14.0,"turns":5.0},{"damage":2.0,"enemies":"Hexaghost","floor":16.0,"turns":7.0},{"damage":11.0,"enemies":"Spheric Guardian","floor":18.0,"turns":3.0},{"damage":0.0,"enemies":"Chosen","floor":19.0,"turns":3.0},{"damage":12.0,"enemies":"Snecko","floor":21.0,"turns":4.0},{"damage":0.0,"enemies":"Cultist and Chosen","floor":22.0,"turns":4.0},{"damage":35.0,"enemies":"Gremlin Leader","floor":23.0,"turns":5.0},{"damage":30.0,"enemies":"Book of Stabbing","floor":27.0,"turns":4.0},{"damage":7.0,"enemies":"Centurion and Healer","floor":30.0,"turns":3.0},{"damage":2.0,"enemies":"Gremlin Leader","floor":31.0,"turns":3.0},{"damage":6.0,"enemies":"Pondfish","floor":33.0,"turns":6.0},{"damage":1.0,"enemies":"3 Shapes","floor":35.0,"turns":2.0},{"damage":2.0,"enemies":"3 Darklings","floor":36.0,"turns":3.0},{"damage":1.0,"enemies":"Maw","floor":37.0,"turns":3.0},{"damage":4.0,"enemies":"Transient","floor":38.0,"turns":6.0},{"damage":0.0,"enemies":"4 Shapes","floor":39.0,"turns":3.0},{"damage":2.0,"enemies":"Nemesis","floor":40.0,"turns":3.0},{"damage":3,"enemies":"infinitespire:Three Voidlings","floor":45,"turns":3},{"damage":46,"enemies":"Nightmare_Alpha","floor":45,"turns":5}],"seed_played":"2942744841322654252","potions_obtained":[{"floor":4.0,"key":"construct:ShiftPotion"},{"floor":5.0,"key":"Energy Potion"},{"floor":12.0,"key":"SpeedPotion"},{"floor":27.0,"key":"Strength Potion"},{"floor":30.0,"key":"SkillPotion"},{"floor":33.0,"key":"PowerPotion"},{"floor":38.0,"key":"Energy Potion"}],"is_trial":false,"path_per_floor":["M","?","?","M","M","E","R","?","T","E","?","E","M","M","R","B",null,"M","M","?","M","M","E","$","R","T","E","?","$","M","E","R","B",null,"M","M","M","M","M","E","R","$","T","R","?"],"character_chosen":"IRONCLAD","items_purchased":["HollowMod:PaleOreRelic","TheAbacus","Paper Frog","Garlic","ReplayTheSpireMod:Muscle Training","Evolve","Reckless Charge","Armaments","Membership Card","reliquary:TatteredRug","hubris:Spice"],"campfire_rested":0,"item_purchase_floors":[0,0,0,24,24,24,24,24,42,42,42],"current_hp_per_floor":[38,38,38,40,45,45,45,45,45,34,34,38,41,47,47,51,65,60,66,66,60,66,37,37,37,37,13,13,13,12,24,24,24,38,43,43,43,43,43,43,43,51,43,43,0,0],"gold":87,"neow_bonus":"","is_daily":false,"chose_seed":false,"campfire_upgraded":6,"win_rate":0.0,"timestamp":1611900871,"path_taken":["M","?","?","?","?","E","R","?","T","E","?","E","?","M","R","BOSS","M","M","?","M","M","E","$","R","T","E","?","?","M","E","R","BOSS","M","?","M","M","M","E","R","?","T","R","?"],"items_purchased_type":["Relic","Relic","Relic","Relic","Card","Card","Card","Card","Relic","Relic","Relic"],"build_version":"2020-12-22","purchased_purges":2,"victory":false,"max_hp_per_floor":[70,70,70,70,70,70,70,70,70,70,70,70,70,70,70,70,70,70,70,70,70,70,70,70,70,70,70,35,35,35,43,43,43,43,43,43,43,43,43,43,43,51,43,43,43,43],"card_choices":[{"not_picked":["Ghostly Armor","Havoc","Iron Wave"],"picked":"SKIP","floor":1.0},{"not_picked":["Body Slam","AT_DrawKnifeCut"],"picked":"Pommel Strike","floor":4.0},{"not_picked":["Sword Boomerang","Second Wind"],"picked":"Feel No Pain","floor":5.0},{"not_picked":["Thunderclap","Headbutt"],"picked":"Shrug It Off","floor":6.0},{"not_picked":["Berserk","Flame Barrier","Dropkick"],"picked":"SKIP","floor":10.0},{"not_picked":["Warcry","Iron Wave"],"picked":"True Grit","floor":12.0},{"not_picked":["hubris:ReadiedAction","Reckless Charge"],"picked":"Fire Breathing","floor":13.0},{"not_picked":["AT_Dispersion","Metallicize"],"picked":"Flex","floor":14.0},{"not_picked":["Brutality","Limit Break"],"picked":"Fiend Fire","floor":16.0},{"not_picked":["Blood for Blood","Dropkick","Replay:Undeath\u0027s Touch"],"picked":"SKIP","floor":18.0},{"not_picked":["Infernal Blade","ReplayTheSpireMod:Stacked"],"picked":"Flex","floor":19.0},{"not_picked":["Iron Wave","Heavy Blade+1"],"picked":"Dark Embrace","floor":20.0},{"not_picked":["Blood for Blood","Perfected Strike"],"picked":"Defy Death","floor":21.0},{"not_picked":["Battle Trance","Infernal Blade","Cleave"],"picked":"SKIP","floor":22.0},{"not_picked":["Pommel Strike","Rampage","Bloodletting"],"picked":"SKIP","floor":23.0},{"not_picked":["Brutality","Ghostly Armor"],"picked":"AT_BodySlamDance","floor":27.0},{"not_picked":["Thunderclap","Sword Boomerang","Disarm"],"picked":"SKIP","floor":30.0},{"not_picked":["hubris:SharpeningStone","Armaments+1","AT_IchimonjiDouble"],"picked":"SKIP","floor":31.0},{"not_picked":["Warcry","Replay:Undeath\u0027s Touch"],"picked":"Flex","floor":35.0},{"not_picked":["Sword Boomerang","Clothesline"],"picked":"Body Slam+1","floor":36.0},{"not_picked":["AT_IchimonjiDouble","Fire Breathing","Searing Blow"],"picked":"SKIP","floor":37.0},{"not_picked":["hubris:SharpeningStone","Demon Form"],"picked":"Warcry+1","floor":38.0},{"not_picked":["Replay:Undeath\u0027s Touch","Heavy Blade"],"picked":"AT_BodySlamDance","floor":39.0},{"not_picked":["Clothesline+1","hubris:SharpeningStone","Sword Boomerang+1"],"picked":"SKIP","floor":40.0}],"player_experience":1092782,"relics_obtained":[{"floor":6.0,"key":"AT_BellowingDragoncrestRing"},{"floor":9.0,"key":"hubris:BottledRain"},{"floor":10.0,"key":"Another Sword"},{"floor":12.0,"key":"AT_GuinsooRageblade"},{"floor":23.0,"key":"The Courier"},{"floor":26.0,"key":"Replay:Bottled Flurry"},{"floor":27.0,"key":"Replay:Baseball"},{"floor":31.0,"key":"hubris:Spice"},{"floor":40.0,"key":"Molten Egg 2"},{"floor":43,"key":"hubris:Spice"}],"event_choices":[{"damage_healed":0.0,"max_hp_gain":0.0,"max_hp_loss":0.0,"gold_gain":0.0,"event_name":"Liars Game","player_choice":"Ignored","floor":2.0,"gold_loss":0.0,"damage_taken":0.0},{"damage_healed":0.0,"max_hp_gain":0.0,"max_hp_loss":0.0,"gold_gain":0.0,"cards_transformed":["Strike_R"],"event_name":"Transmorgrifier","player_choice":"Transformed","floor":3.0,"gold_loss":0.0,"damage_taken":0.0,"cards_obtained":["Second Wind"]},{"damage_healed":0.0,"max_hp_gain":0.0,"max_hp_loss":0.0,"gold_gain":50.0,"event_name":"Golden Shrine","player_choice":"Pray","floor":11.0,"gold_loss":0.0,"damage_taken":0.0},{"damage_healed":0.0,"max_hp_gain":0.0,"max_hp_loss":35.0,"gold_gain":0.0,"event_name":"Ghosts","player_choice":"Became a Ghost","floor":28.0,"gold_loss":0.0,"damage_taken":0.0,"cards_obtained":["Ghostly","Ghostly","Ghostly"]}],"is_beta":false,"boss_relics":[{"not_picked":["reliquary:RedPaperclip","construct:ClawGrip"],"picked":"hubris:RunicObelisk"},{"not_picked":["hubris:Backtick","hubris:CrackedHourglass"],"picked":"aspiration:SecretTechniqueScroll"}],"items_purged_floors":[0,24],"is_endless":false,"potions_floor_spawned":[4,5,12,14,19,22,27,30,33,38,39,40,45],"killed_by":"Nightmare_Alpha","ascension_level":20}}