{"host":"u7lm8z2rvb4dg2oo","time":1611900678,"event":{"mods":["AchievementEnabler","BaseMod","Bestiary","Block Reminder","Colored Map","Colored Powertips","Curses Come First","DeckTracker","Googly Eyes","Highlight Path","Minty Spire (QoL Compilation)","Quick Restart","StSLib"],"gold_per_floor":[13,25,25,100,100,100,111,111,160,185,205,55,55,55],"floor_reached":13,"language":"ENG","playtime":508,"items_purged":["Strike_G"],"score":125,"play_id":"0afe9524-f241-48d8-b48b-cad2d0fb0c2d","local_time":"20210129011118","is_ascension_mode":true,"campfire_choices":[{"floor":6.0,"key":"REST"},{"data":"Magnetism","floor":8.0,"key":"SMITH"}],"circlet_count":0,"master_deck":["AscendersBane","Strike_G","Strike_G","Strike_G","Strike_G","Defend_G+1","Defend_G+1","Defend_G","Defend_G","Defend_G","Survivor","Neutralize","Magnetism+1","Deadly Poison","Noxious Fumes","Phantasmal Killer","Caltrops"],"relics":["Ring of the Snake","Happy Flower","Pen Nib","Centennial Puzzle"],"acts_visited":["Exordium"],"potions_floor_usage":[10],"damage_taken":[{"damage":9.0,"enemies":"Cultist","floor":1.0,"turns":6.0},{"damage":0.0,"enemies":"2 Louse","floor":2.0,"turns":1.0},{"damage":6.0,"enemies":"Small Slimes","floor":7.0,"turns":4.0},{"damage":22,"enemies":"Gremlin Nob","floor":10,"turns":4},{"damage":1,"enemies":"2 Fungi Beasts","floor":11,"turns":3},{"damage":20,"enemies":"Lagavulin","floor":13,"turns":6}],"seed_played":"3090244101239767791","potions_obtained":[{"floor":1.0,"key":"Explosive Potion"},{"floor":2.0,"key":"FearPotion"}],"is_trial":false,"path_per_floor":["M","M","?","?","?","R","M","R","T","E","M","$","E"],"character_chosen":"THE_SILENT","items_purchased":["Caltrops"],"campfire_rested":1,"item_purchase_floors":[12],"current_hp_per_floor":[54,54,47,36,22,43,37,37,37,15,14,14,0,0],"gold":55,"neow_bonus":"RANDOM_COLORLESS_2","is_daily":false,"chose_seed":false,"campfire_upgraded":1,"win_rate":0.0,"timestamp":1611900678,"path_taken":["M","?","?","?","?","R","M","R","T","E","M","?","E"],"items_purchased_type":["Card"],"build_version":"2020-12-22","purchased_purges":1,"victory":false,"max_hp_per_floor":[70,70,70,70,70,70,70,70,70,70,70,70,70,70],"card_choices":[{"not_picked":["Thinking Ahead","Secret Weapon"],"picked":"Magnetism","floor":0.0},{"not_picked":["Dagger Throw","Backflip"],"picked":"Deadly Poison","floor":1.0},{"not_picked":["Dagger Spray","All Out Attack","Tactician"],"picked":"SKIP","floor":2.0},{"not_picked":["Prepared","Acrobatics"],"picked":"Noxious Fumes","floor":7.0},{"not_picked":["Riddle With Holes","Deflect"],"picked":"Phantasmal Killer","floor":10},{"not_picked":["Prepared","Quick Slash","Finisher"],"picked":"SKIP","floor":11}],"player_experience":1049034,"relics_obtained":[{"floor":9.0,"key":"Pen Nib"},{"floor":10,"key":"Centennial Puzzle"}],"event_choices":[{"damage_healed":0.0,"max_hp_gain":0.0,"max_hp_loss":0.0,"gold_gain":0.0,"event_name":"Scrap Ooze","player_choice":"Success","floor":3.0,"gold_loss":0.0,"damage_taken":7.0,"relics_obtained":["Happy Flower"]},{"damage_healed":0.0,"max_hp_gain":0.0,"max_hp_loss":0.0,"gold_gain":75.0,"event_name":"World of Goop","player_choice":"Gather Gold","floor":4.0,"gold_loss":0.0,"damage_taken":11.0},{"damage_healed":0.0,"max_hp_gain":0.0,"max_hp_loss":0.0,"gold_gain":0.0,"event_name":"Shining Light","player_choice":"Entered Light","floor":5.0,"gold_loss":0.0,"damage_taken":14.0,"cards_upgraded":["Defend_G","Defend_G"]}],"is_beta":false,"boss_relics":[],"items_purged_floors":[12],"is_endless":false,"potions_floor_spawned":[1,2],"killed_by":"Lagavulin","ascension_level":10}}