{"host":"johnydays","time":1611927257,"event":{"mods":["BaseMod","Bestiary","Block Reminder","Colored Map","Colored Powertips","DeckTracker","Highlight Path","Minty Spire (QoL Compilation)","Relic Stats","Slay-I","StSLib","SuperFastMode"],"gold_per_floor":[118,118,83,101,276,307,307,339,388,414,414,414],"floor_reached":11,"language":"ENG","playtime":355,"items_purged":[],"score":130,"play_id":"4bb1c34f-e2dd-4984-bf76-8d1e9ec60652","local_time":"20210129133417","is_ascension_mode":true,"campfire_choices":[{"floor":7,"key":"REST"}],"circlet_count":0,"master_deck":["AscendersBane","Strike_G","Strike_G","Strike_G","Strike_G","Defend_G","Defend_G","Defend_G","Defend_G","Defend_G","Survivor","Neutralize","Noxious Fumes","Deadly Poison","Doubt","Burst","Escape Plan"],"relics":["SacredBark","Boot","Gremlin Horn","CeramicFish"],"acts_visited":["Exordium"],"potions_floor_usage":[6,11,11],"damage_taken":[{"damage":4,"enemies":"2 Louse","floor":1,"turns":2},{"damage":8,"enemies":"Jaw Worm","floor":4,"turns":7},{"damage":43,"enemies":"Gremlin Nob","floor":6,"turns":6},{"damage":30,"enemies":"Lagavulin","floor":8,"turns":8},{"damage":2,"enemies":"Small Slimes","floor":10,"turns":5},{"damage":22,"enemies":"Gremlin Nob","floor":11,"turns":4}],"seed_played":"7567447366983261095","potions_obtained":[{"floor":4,"key":"BlessingOfTheForge"},{"floor":8,"key":"BlessingOfTheForge"},{"floor":10,"key":"GhostInAJar"}],"is_trial":false,"path_per_floor":["M","?","?","M","?","E","R","E","T","M","E"],"character_chosen":"THE_SILENT","items_purchased":[],"campfire_rested":1,"item_purchase_floors":[],"current_hp_per_floor":[59,52,69,61,61,18,39,9,9,7,0,0],"gold":414,"neow_bonus":"BOSS_RELIC","is_daily":false,"chose_seed":false,"campfire_upgraded":0,"win_rate":0.0,"timestamp":1611927257,"path_taken":["M","?","?","M","?","E","R","E","T","M","E"],"items_purchased_type":[],"build_version":"2020-12-18","purchased_purges":0,"victory":false,"max_hp_per_floor":[70,70,70,70,70,70,70,70,70,70,70,70],"relic_stats":{"Gremlin Horn":[1,1],"counters":[6,32],"CeramicFish":9,"Boot":[20],"obtain_stats":[{"Gremlin Horn":8,"SacredBark":0,"CeramicFish":9,"Boot":6,"Ring of the Snake":0},{"Gremlin Horn":4,"SacredBark":0,"CeramicFish":4,"Boot":3,"Ring of the Snake":0},{"Gremlin Horn":23,"SacredBark":0,"CeramicFish":23,"Boot":15,"Ring of the Snake":0}]},"card_choices":[{"not_picked":["Outmaneuver","Prepared"],"picked":"Noxious Fumes","floor":1},{"not_picked":["Dodge and Roll","Outmaneuver"],"picked":"Deadly Poison","floor":4},{"not_picked":["Outmaneuver","Deflect","Expertise"],"picked":"SKIP","floor":6},{"not_picked":["Distraction","Dodge and Roll"],"picked":"Burst","floor":8},{"not_picked":["Deflect","Predator"],"picked":"Escape Plan","floor":10}],"player_experience":476131,"relics_obtained":[{"floor":6,"key":"Boot"},{"floor":8,"key":"Gremlin Horn"},{"floor":9,"key":"CeramicFish"}],"event_choices":[{"cards_removed":["Strike_G"],"damage_healed":0,"gold_gain":0,"player_choice":"Card Removal","damage_taken":7,"max_hp_gain":0,"max_hp_loss":0,"event_name":"Golden Wing","floor":2,"gold_loss":0},{"damage_healed":17,"gold_gain":0,"player_choice":"Healed","damage_taken":0,"max_hp_gain":0,"max_hp_loss":0,"event_name":"The Cleric","floor":3,"gold_loss":35},{"damage_healed":0,"gold_gain":175,"player_choice":"AGREE","damage_taken":0,"max_hp_gain":0,"max_hp_loss":0,"event_name":"Liars Game","floor":5,"gold_loss":0,"cards_obtained":["Doubt"]}],"is_beta":true,"boss_relics":[],"items_purged_floors":[],"is_endless":false,"potions_floor_spawned":[4,8,10],"killed_by":"Gremlin Nob","ascension_level":12}}