{"host":"1ekl8hlbnopmdapi","time":1611898296,"event":{"mods":["AchievementEnabler","BaseMod","Colored Map","Colored Powertips","DeckTracker","Googly Eyes","Highlight Path","Minty Spire (QoL Compilation)","Relic Sorter","StSLib","Synergy Search"],"gold_per_floor":[119,135,135,202,220,255,255,305,305,340,340,359,376,394,394,494,494,512,562,469,484,174,174,204,281,281,331,331],"floor_reached":27,"language":"ENG","playtime":649,"items_purged":[],"score":316,"play_id":"b76c0d5f-9b7d-42b2-902b-47d8aee9013c","local_time":"20210129003136","is_ascension_mode":true,"campfire_choices":[{"floor":7,"key":"RECALL"},{"floor":11,"key":"REST"},{"floor":15,"key":"REST"},{"data":"Infinite Blades","floor":23,"key":"SMITH"}],"circlet_count":0,"master_deck":["Strike_G","Strike_G","Strike_G","Strike_G","Strike_G","Defend_G","Defend_G","Defend_G","Defend_G","Defend_G","Survivor","Neutralize","Accuracy","Quick Slash","Cloak And Dagger","Dodge and Roll","Choke","Corpse Explosion","All Out Attack","Cloak And Dagger","Storm of Steel","CurseOfTheBell","Dagger Spray+1","After Image","Infinite Blades+1","Flash of Steel","Choke"],"relics":["Sozu","SsserpentHead","Pantograph","Singing Bowl","Shuriken","Calling Bell","PreservedInsect","Paper Crane","Tingsha","MealTicket","Membership Card","Vajra","Tiny Chest","StrikeDummy"],"acts_visited":["Exordium","TheCity"],"potions_floor_usage":[],"damage_taken":[{"damage":0,"enemies":"2 Louse","floor":1,"turns":2},{"damage":1,"enemies":"Cultist","floor":2,"turns":4},{"damage":0,"enemies":"Small Slimes","floor":4,"turns":3},{"damage":5,"enemies":"Exordium Thugs","floor":5,"turns":5},{"damage":18,"enemies":"3 Sentries","floor":6,"turns":11},{"damage":21,"enemies":"Lagavulin","floor":10,"turns":8},{"damage":14,"enemies":"Exordium Wildlife","floor":12,"turns":4},{"damage":0,"enemies":"Large Slime","floor":13,"turns":5},{"damage":4,"enemies":"Blue Slaver","floor":14,"turns":3},{"damage":26,"enemies":"The Guardian","floor":16,"turns":11},{"damage":31,"enemies":"Shell Parasite","floor":18,"turns":7},{"damage":6,"enemies":"3 Byrds","floor":21,"turns":3},{"damage":34,"enemies":"Slavers","floor":24,"turns":3},{"damage":12,"enemies":"3 Cultists","floor":27,"turns":3}],"seed_played":"-8191612063433484803","potions_obtained":[],"is_trial":false,"path_per_floor":["M","M","?","M","M","E","R","?","T","E","R","M","M","M","R","B",null,"M","?","$","M","$","R","E","T","T","M"],"character_chosen":"THE_SILENT","items_purchased":["MealTicket","Membership Card","Vajra","Infinite Blades","Flash of Steel"],"campfire_rested":2,"item_purchase_floors":[20,22,22,22,22],"current_hp_per_floor":[63,62,62,62,57,39,39,39,39,18,39,25,27,23,44,43,65,34,34,34,28,43,43,9,9,9,0,0],"gold":331,"neow_bonus":"BOSS_RELIC","is_daily":false,"chose_seed":false,"campfire_upgraded":1,"win_rate":0.0,"timestamp":1611898296,"path_taken":["M","M","?","?","M","E","R","?","T","E","R","M","M","M","R","BOSS","M","?","?","M","$","R","E","?","T","?"],"items_purchased_type":["Relic","Relic","Relic","Card","Card"],"build_version":"2020-12-22","purchased_purges":0,"victory":false,"max_hp_per_floor":[70,70,70,70,70,70,70,70,70,70,70,70,72,72,72,72,72,72,72,72,72,72,72,72,72,72,72,72],"card_choices":[{"not_picked":["Underhanded Strike","Acrobatics"],"picked":"Accuracy","floor":1},{"not_picked":["Masterful Stab","Tactician"],"picked":"Quick Slash","floor":2},{"not_picked":["Blur","Bane"],"picked":"Cloak And Dagger","floor":4},{"not_picked":["PiercingWail","Poisoned Stab"],"picked":"Dodge and Roll","floor":5},{"not_picked":["Terror","Bane"],"picked":"Choke","floor":6},{"not_picked":["Storm of Steel","Backstab"],"picked":"Corpse Explosion","floor":10},{"not_picked":["Slice","Flying Knee"],"picked":"All Out Attack","floor":12},{"not_picked":["Dagger Spray","PiercingWail","Tactician"],"picked":"Singing Bowl","floor":13},{"not_picked":["Poisoned Stab","Dash"],"picked":"Cloak And Dagger","floor":14},{"not_picked":["Glass Knife","Malaise"],"picked":"Storm of Steel","floor":16},{"not_picked":["All Out Attack","Backstab"],"picked":"Dagger Spray+1","floor":18},{"not_picked":["Cloak And Dagger","Outmaneuver+1"],"picked":"After Image","floor":21},{"not_picked":["Night Terror","Masterful Stab"],"picked":"Choke","floor":24}],"player_experience":509279,"relics_obtained":[{"floor":6,"key":"Pantograph"},{"floor":9,"key":"Singing Bowl"},{"floor":10,"key":"Shuriken"},{"floor":17,"key":"PreservedInsect"},{"floor":17,"key":"Paper Crane"},{"floor":17,"key":"Tingsha"},{"floor":24,"key":"Tiny Chest"},{"floor":26,"key":"StrikeDummy"}],"event_choices":[{"damage_healed":0,"gold_gain":0,"player_choice":"Trade","damage_taken":0,"relics_obtained":["SsserpentHead"],"max_hp_gain":0,"max_hp_loss":0,"event_name":"FaceTrader","floor":3,"gold_loss":0},{"damage_healed":0,"gold_gain":0,"player_choice":"Ignored","damage_taken":0,"max_hp_gain":0,"max_hp_loss":0,"event_name":"Shining Light","floor":8,"gold_loss":0},{"damage_healed":0,"gold_gain":0,"player_choice":"0 cards matched","damage_taken":0,"max_hp_gain":0,"max_hp_loss":0,"event_name":"Match and Keep!","floor":19,"gold_loss":0,"cards_obtained":[]}],"is_beta":false,"boss_relics":[{"not_picked":["SlaversCollar","Fusion Hammer"],"picked":"Calling Bell"}],"items_purged_floors":[],"is_endless":false,"potions_floor_spawned":[1,5,10,13,24],"killed_by":"3 Cultists","ascension_level":6}}