{"host":"dlre6nluqh4zuhws","time":1611933495,"event":{"mods":["BaseMod","Downfall","Minty Spire (QoL Compilation)","StSLib"],"gold_per_floor":[99,111,111,129,38,38,38,38,38,52,383,383,393,393,409,409,409,409],"floor_reached":16,"language":"ENG","playtime":1528,"items_purged":[],"score":100,"play_id":"39d539c9-9bb8-492c-88cd-c8e7185724ef","local_time":"20210129221815","is_ascension_mode":false,"campfire_choices":[{"data":"Guardian:TwinSlam","floor":1,"key":"SMITH"},{"data":"Guardian:ShieldSpikes","floor":6,"key":"SMITH"},{"data":"Guardian:CurlUp","floor":8,"key":"SMITH"},{"data":"Guardian:BronzeArmor","floor":12,"key":"SMITH"}],"circlet_count":0,"master_deck":["Guardian:Strike_Guardian","Guardian:Strike_Guardian","Guardian:Strike_Guardian","Guardian:Defend_Guardian","Guardian:Defend_Guardian","Guardian:Defend_Guardian","Guardian:Defend_Guardian","Guardian:CurlUp+1","Guardian:TwinSlam+1","Guardian:ShieldSpikes+1","Guardian:ExploitGems","Guardian:BodySlam","Guardian:EvasiveProtocol","Guardian:PrimingBeam","Guardian:BronzeArmor+1","Guardian:Recover","Guardian:Gem_Blue","Guardian:Gem_Red","Guardian:Gem_White","Guardian:DecasProtection"],"relics":["Guardian:ModeShifter","TungstenRod","Old Coin","Guardian:PickAxe"],"acts_visited":["Exordium"],"potions_floor_usage":[16,16],"damage_taken":[{"damage":4,"enemies":"Small Slimes","floor":2,"turns":5},{"damage":5,"enemies":"Cultist","floor":4,"turns":6},{"damage":10,"enemies":"downfall:FleeingMerchant","floor":5,"turns":4},{"damage":0,"enemies":"Jaw Worm","floor":10,"turns":5},{"damage":12,"enemies":"Gremlin Nob","floor":11,"turns":5},{"damage":1,"enemies":"2 Fungi Beasts","floor":13,"turns":4},{"damage":2,"enemies":"2 Fungi Beasts","floor":14,"turns":5},{"damage":1,"enemies":"Blue Slaver","floor":15,"turns":3},{"damage":97,"enemies":"DF_ARCHETYPE_STREAMLINE","floor":16,"turns":14}],"seed_played":"2311897240866218595","potions_obtained":[{"floor":2,"key":"SkillPotion"},{"floor":4,"key":"hexamod:SoulburnPotion"},{"floor":13,"key":"bronze:BurnAndBuffPotion"}],"is_trial":false,"path_per_floor":["R","M","?","M","$","R","T","R","?","M","E","R","M","?","M","B"],"character_chosen":"GUARDIAN","items_purchased":["Guardian:EvasiveProtocol"],"campfire_rested":0,"item_purchase_floors":[5],"current_hp_per_floor":[88,84,84,79,69,69,69,69,69,69,57,57,56,54,53,0,0,0],"gold":409,"neow_bonus":"TEN_PERCENT_HP_BONUS","is_daily":false,"chose_seed":false,"campfire_upgraded":4,"win_rate":0.0,"timestamp":1611933495,"path_taken":["R","M","?","?","?","R","T","R","?","M","E","R","M","?","M","BOSS"],"items_purchased_type":["Card"],"build_version":"2020-12-13","purchased_purges":0,"victory":false,"max_hp_per_floor":[88,88,88,88,88,88,88,88,88,88,88,88,88,88,88,88,88,88],"card_choices":[{"not_picked":["Guardian:Preprogram","Guardian:Recover"],"picked":"Guardian:ShieldSpikes","floor":2},{"not_picked":["Guardian:ShieldCharger","Guardian:Planning"],"picked":"Guardian:Gem_Lightblue","floor":4},{"not_picked":["Guardian:PrismaticBeam","Guardian:Gem_Blue"],"picked":"Guardian:BodySlam","floor":5},{"not_picked":["Guardian:RollAttack","Guardian:WalkerClaw"],"picked":"Guardian:PrimingBeam","floor":10},{"not_picked":["Guardian:PrismaticBeam","Guardian:SphericShield"],"picked":"Guardian:BronzeArmor","floor":11},{"not_picked":["Guardian:CrystalBeam","Guardian:ShieldCharger"],"picked":"Guardian:Recover","floor":13},{"not_picked":["Guardian:Gem_Red","Guardian:RollAttack"],"picked":"Guardian:DecasProtection","floor":15}],"player_experience":31547,"relics_obtained":[{"floor":7,"key":"TungstenRod"},{"floor":11,"key":"Old Coin"}],"event_choices":[],"is_beta":false,"boss_relics":[],"items_purged_floors":[],"is_endless":false,"potions_floor_spawned":[2,4,13,15],"killed_by":"DF_ARCHETYPE_STREAMLINE","ascension_level":0}}