{"host":"8rqsnaeml9gxb0kp","time":1611897624,"event":{"mods":["AchievementEnabler","BaseMod","Dark Map","Minty Spire (QoL Compilation)","Relic Stats","Replay The Spire","StSLib","slay the spire mod where everything is the same but ironclad has a cowboy hat"],"gold_per_floor":[111,128,142,154,79,109,121,139,139,139,157,176,176,202,202,202,202],"floor_reached":16,"language":"ENG","playtime":842,"items_purged":["Defend_R"],"score":116,"play_id":"50dec3f3-aba5-4bdf-a348-ef6cb930f5ab","local_time":"20210128212024","is_ascension_mode":false,"campfire_choices":[{"floor":10,"key":"REST"},{"data":"Bash","floor":13,"key":"SMITH"},{"floor":15,"key":"REST"}],"circlet_count":0,"master_deck":["Strike_R","Strike_R","Strike_R","Strike_R","Strike_R","Defend_R","Defend_R","Defend_R","Bash+1","ReplayTheSpireMod:LeadingStrike","Flame Barrier","Power Through","Seeing Red","ReplayTheSpireMod:Stacked","Power Through","Battle Trance","Pommel Strike"],"relics":["Burning Blood","Garlic","Torii","Prayer Wheel"],"acts_visited":["Exordium"],"potions_floor_usage":[14],"damage_taken":[{"damage":6,"enemies":"Cultist","floor":1,"turns":3},{"damage":7,"enemies":"2 Louse","floor":2,"turns":3},{"damage":8,"enemies":"Jaw Worm","floor":3,"turns":3},{"damage":24,"enemies":"Blue Slaver","floor":4,"turns":5},{"damage":9,"enemies":"Replay:BlueRogue","floor":6,"turns":10},{"damage":47,"enemies":"Exordium Thugs","floor":7,"turns":9},{"damage":14,"enemies":"Red Slaver","floor":8,"turns":3},{"damage":0,"enemies":"3 Louse","floor":11,"turns":4},{"damage":1,"enemies":"Blue Slaver","floor":12,"turns":4},{"damage":36,"enemies":"Lagavulin","floor":14,"turns":9},{"damage":0,"enemies":"Fading Forest","floor":16,"turns":3}],"seed_played":"-229415024592681439","potions_obtained":[{"floor":2,"key":"Adrenaline Potion"},{"floor":6,"key":"LiquidBronze"},{"floor":7,"key":"Toxic Potion"}],"is_trial":false,"path_per_floor":["M","M","M","M","$","E","M","M","T","R","M","M","R","E","R","B"],"character_chosen":"IRONCLAD","items_purchased":[],"campfire_rested":2,"item_purchase_floors":[],"current_hp_per_floor":[88,87,85,67,67,64,23,15,15,41,47,52,52,22,48,48,48],"gold":202,"neow_bonus":"TEN_PERCENT_HP_BONUS","is_daily":false,"chose_seed":false,"campfire_upgraded":1,"win_rate":0.0,"timestamp":1611897624,"path_taken":["M","M","?","M","$","E","M","M","T","R","M","M","R","E","R","BOSS"],"items_purchased_type":[],"build_version":"2020-12-22","purchased_purges":1,"victory":false,"max_hp_per_floor":[88,88,88,88,88,88,88,88,88,88,88,88,88,88,88,88,88],"relic_stats":{"Torii":1,"counters":[11,56],"Prayer Wheel":0,"obtain_stats":[{"Torii":9,"Prayer Wheel":14,"Garlic":6,"Burning Blood":0},{"Torii":7,"Prayer Wheel":10,"Garlic":5,"Burning Blood":0},{"Torii":36,"Prayer Wheel":53,"Garlic":24,"Burning Blood":0}],"Burning Blood":60},"card_choices":[{"not_picked":["Pommel Strike","ReplayTheSpireMod:Muscle Training"],"picked":"ReplayTheSpireMod:LeadingStrike","floor":1},{"not_picked":["Havoc","Wild Strike"],"picked":"Flame Barrier","floor":2},{"not_picked":["Armaments","Twin Strike"],"picked":"Power Through","floor":3},{"not_picked":["Combust","Flex","Anger"],"picked":"SKIP","floor":4},{"not_picked":["Heavy Blade","Feel No Pain"],"picked":"Seeing Red","floor":6},{"not_picked":["Shrug It Off","Eclipse"],"picked":"ReplayTheSpireMod:Stacked","floor":7},{"not_picked":["Sever Soul","Anger"],"picked":"Power Through","floor":8},{"not_picked":["Ghostly Armor","Warcry"],"picked":"Battle Trance","floor":11},{"not_picked":["Twin Strike","Wild Strike","Warcry"],"picked":"SKIP","floor":12},{"not_picked":["Feel No Pain","Clash"],"picked":"Pommel Strike","floor":14}],"player_experience":164013,"relics_obtained":[{"floor":6,"key":"Garlic"},{"floor":9,"key":"Torii"},{"floor":14,"key":"Prayer Wheel"}],"event_choices":[],"is_beta":false,"boss_relics":[],"items_purged_floors":[5],"is_endless":false,"potions_floor_spawned":[2,6,7,12],"killed_by":"Fading Forest","ascension_level":0}}