{"host":"xz7n3qy1zq36rzpg","time":1611961468,"event":{"mods":["BaseMod","Colored Map","Colored Powertips","Highlight Path","Minty Spire (QoL Compilation)","Quick Restart","Shop Mod"],"gold_per_floor":[119,5,22,22,35,65,65,15,67,85,16,16,29,48,48,48,48],"floor_reached":16,"language":"ENG","playtime":1185,"items_purged":["Parasite"],"score":122,"play_id":"158d5f7f-8992-4efd-b379-097a64dadaa1","local_time":"20210130000428","is_ascension_mode":true,"campfire_choices":[{"floor":7,"key":"REST"},{"floor":15,"key":"REST"}],"circlet_count":0,"master_deck":["Strike_G","Strike_G","Strike_G","Strike_G","Defend_G","Defend_G","Defend_G","Defend_G","Survivor","Neutralize","PiercingWail","Caltrops","All Out Attack","Blade Dance","Cloak And Dagger","Sucker Punch","Accuracy","Crippling Poison","Distraction"],"relics":["Ring of the Snake","Calipers","MealTicket","Nunchaku"],"acts_visited":["Exordium"],"potions_floor_usage":[16,16],"damage_taken":[{"damage":1,"enemies":"2 Louse","floor":1,"turns":3},{"damage":4,"enemies":"Small Slimes","floor":3,"turns":4},{"damage":2,"enemies":"Jaw Worm","floor":5,"turns":5},{"damage":27,"enemies":"3 Sentries","floor":6,"turns":6},{"damage":23,"enemies":"Large Slime","floor":10,"turns":7},{"damage":3,"enemies":"3 Louse","floor":13,"turns":2},{"damage":30,"enemies":"Exordium Thugs","floor":14,"turns":5},{"damage":27,"enemies":"The Guardian","floor":16,"turns":14}],"seed_played":"-3806266655738769969","potions_obtained":[{"floor":5,"key":"EssenceOfSteel"},{"floor":6,"key":"SneckoOil"},{"floor":10,"key":"SmokeBomb"}],"is_trial":false,"path_per_floor":["M","$","M","?","M","E","R","?","T","M","$","?","M","M","R","B"],"character_chosen":"THE_SILENT","items_purchased":["Caltrops","Accuracy"],"campfire_rested":2,"item_purchase_floors":[2,11],"current_hp_per_floor":[69,67,63,56,54,27,47,47,47,24,39,39,36,6,26,0,0],"gold":48,"neow_bonus":"ONE_RARE_RELIC","is_daily":false,"chose_seed":false,"campfire_upgraded":0,"win_rate":0.0,"timestamp":1611961468,"path_taken":["M","$","M","?","M","E","R","?","T","M","$","?","M","M","R","BOSS"],"items_purchased_type":["Card","Card"],"build_version":"2020-12-22","purchased_purges":1,"victory":false,"max_hp_per_floor":[70,67,67,67,67,67,67,67,67,67,67,67,67,67,67,67,67],"card_choices":[{"not_picked":["Finisher","Setup"],"picked":"PiercingWail","floor":1},{"not_picked":["Cloak And Dagger","Flying Knee"],"picked":"All Out Attack","floor":3},{"not_picked":["Blur","Bouncing Flask"],"picked":"Blade Dance","floor":5},{"not_picked":["Blade Dance","Prepared"],"picked":"Cloak And Dagger","floor":6},{"not_picked":["Quick Slash","Masterful Stab"],"picked":"Sucker Punch","floor":10},{"not_picked":["Reflex","Cloak And Dagger"],"picked":"Crippling Poison","floor":13},{"not_picked":["Choke","Setup"],"picked":"Distraction","floor":14}],"player_experience":358541,"relics_obtained":[{"floor":6,"key":"MealTicket"},{"floor":9,"key":"Nunchaku"}],"event_choices":[{"cards_removed":["Defend_G"],"damage_healed":0,"gold_gain":0,"player_choice":"Card Removal","damage_taken":7,"max_hp_gain":0,"max_hp_loss":0,"event_name":"Golden Wing","floor":4,"gold_loss":0},{"cards_removed":["Strike_G"],"damage_healed":0,"gold_gain":0,"player_choice":"Card Removal","damage_taken":0,"max_hp_gain":0,"max_hp_loss":0,"event_name":"The Cleric","floor":8,"gold_loss":50},{"damage_healed":0,"gold_gain":0,"player_choice":"Ignored","damage_taken":0,"max_hp_gain":0,"max_hp_loss":0,"event_name":"Liars Game","floor":12,"gold_loss":0}],"is_beta":false,"boss_relics":[],"items_purged_floors":[2],"is_endless":false,"potions_floor_spawned":[5,6,10],"killed_by":"The Guardian","ascension_level":4}}