{"host":"8is2j71l4wmybkoi","time":1611903694,"event":{"mods":["AchievementEnabler","BaseMod","Colored Map","Minty Spire (QoL Compilation)","Rare Cards Sparkle","StSLib","SuperFastMode"],"gold_per_floor":[116,116,134,134,145,145,162,492,492,492,492,133,58,83,83,179,179,192,462,475,24,39,39,58,58,128,128,128],"floor_reached":27,"language":"KOR","playtime":921,"items_purged":["Strike_B","Strike_B"],"score":373,"play_id":"69343c92-de11-4d33-8e84-8af579e755de","local_time":"20210129160134","is_ascension_mode":true,"campfire_choices":[{"floor":6,"key":"REST"},{"data":"Coolheaded","floor":10,"key":"SMITH"},{"data":"Blizzard","floor":15,"key":"SMITH"},{"data":"Recycle","floor":23,"key":"SMITH"},{"floor":25,"key":"REST"}],"circlet_count":0,"master_deck":["AscendersBane","Strike_B+1","Defend_B","Defend_B","Zap+1","Dualcast","Good Instincts","Glacier","FTL","Coolheaded+1","Chill","Blizzard+1","Cold Snap","Core Surge","Recycle+1","Double Energy"],"relics":["Cracked Core","Bag of Preparation","Old Coin","StrikeDummy","Golden Idol","Question Card","Empty Cage","FossilizedHelix","HornCleat"],"acts_visited":["Exordium","TheCity"],"potions_floor_usage":[16,27],"damage_taken":[{"damage":0,"enemies":"2 Louse","floor":1,"turns":2},{"damage":8,"enemies":"Small Slimes","floor":3,"turns":4},{"damage":0,"enemies":"Cultist","floor":5,"turns":3},{"damage":0,"enemies":"2 Fungi Beasts","floor":7,"turns":3},{"damage":5,"enemies":"Lagavulin","floor":8,"turns":9},{"damage":0,"enemies":"Blue Slaver","floor":14,"turns":3},{"damage":4,"enemies":"Slime Boss","floor":16,"turns":9},{"damage":0,"enemies":"Shell Parasite","floor":18,"turns":6},{"damage":0,"enemies":"Chosen","floor":20,"turns":4},{"damage":0,"enemies":"3 Cultists","floor":22,"turns":5},{"damage":8,"enemies":"Snake Plant","floor":24,"turns":5},{"damage":44,"enemies":"Gremlin Leader","floor":27,"turns":7}],"seed_played":"1450297932517975864","potions_obtained":[{"floor":5,"key":"Swift Potion"},{"floor":7,"key":"SkillPotion"},{"floor":14,"key":"Explosive Potion"},{"floor":24,"key":"CultistPotion"}],"is_trial":false,"path_per_floor":["M","?","M","?","M","R","M","E","T","R","?","$","?","M","R","B",null,"M","?","M","$","M","R","M","R","T","E"],"character_chosen":"DEFECT","items_purchased":["Blizzard","Question Card","FossilizedHelix","Double Energy"],"campfire_rested":2,"item_purchase_floors":[12,12,21,21],"current_hp_per_floor":[64,43,35,24,24,45,45,40,40,40,40,40,40,40,40,36,57,57,24,24,24,24,24,16,35,35,0,0],"gold":128,"neow_bonus":"RANDOM_COLORLESS","is_daily":false,"chose_seed":false,"campfire_upgraded":3,"win_rate":0.0,"timestamp":1611903694,"path_taken":["M","?","M","?","M","R","M","E","T","R","?","$","?","M","R","BOSS","M","?","?","$","M","R","M","R","T","E"],"items_purchased_type":["Card","Relic","Relic","Card"],"build_version":"2020-12-22","purchased_purges":2,"victory":false,"max_hp_per_floor":[71,71,71,71,71,71,71,71,71,71,64,64,64,64,64,64,64,64,64,64,64,64,64,64,64,64,64,64],"card_choices":[{"not_picked":["Forethought","Enlightenment"],"picked":"Good Instincts","floor":0},{"not_picked":["Redo","Storm","Go for the Eyes"],"picked":"SKIP","floor":1},{"not_picked":["Redo","Storm","Go for the Eyes"],"picked":"SKIP","floor":1},{"not_picked":["Ball Lightning","Consume"],"picked":"Glacier","floor":3},{"not_picked":["Conserve Battery","Turbo"],"picked":"FTL","floor":5},{"not_picked":["FTL","Turbo"],"picked":"Coolheaded","floor":7},{"not_picked":["Rebound","Redo"],"picked":"Chill","floor":8},{"not_picked":["Melter","Aggregate","Hologram"],"picked":"Cold Snap","floor":14},{"not_picked":["Amplify","Rainbow","Echo Form"],"picked":"Core Surge","floor":16},{"not_picked":["Ball Lightning","Streamline","Beam Cell","Chaos"],"picked":"SKIP","floor":18},{"not_picked":["Barrage","Blizzard+1","Cold Snap"],"picked":"Recycle","floor":20},{"not_picked":["Compile Driver","Sunder","Go for the Eyes","Barrage"],"picked":"SKIP","floor":22},{"not_picked":["Recycle","Genetic Algorithm","Rebound","Compile Driver"],"picked":"SKIP","floor":24}],"player_experience":825930,"relics_obtained":[{"floor":8,"key":"Old Coin"},{"floor":9,"key":"StrikeDummy"},{"floor":26,"key":"HornCleat"}],"event_choices":[{"damage_healed":0,"gold_gain":0,"player_choice":"Entered Light","damage_taken":21,"max_hp_gain":0,"max_hp_loss":0,"event_name":"Shining Light","floor":2,"gold_loss":0,"cards_upgraded":["Strike_B","Zap"]},{"damage_healed":0,"gold_gain":0,"player_choice":"Success","damage_taken":11,"relics_obtained":["Bag of Preparation"],"max_hp_gain":0,"max_hp_loss":0,"event_name":"Scrap Ooze","floor":4,"gold_loss":0},{"damage_healed":0,"gold_gain":0,"player_choice":"Lose Max HP","damage_taken":0,"relics_obtained":["Golden Idol"],"max_hp_gain":0,"max_hp_loss":7,"event_name":"Golden Idol","floor":11,"gold_loss":0},{"cards_removed":["Defend_B"],"damage_healed":0,"gold_gain":0,"player_choice":"Card Removal","damage_taken":0,"max_hp_gain":0,"max_hp_loss":0,"event_name":"The Cleric","floor":13,"gold_loss":75},{"damage_healed":0,"gold_gain":270,"player_choice":"POTION GOLD GOLD GOLD ","damage_taken":33,"max_hp_gain":0,"max_hp_loss":0,"event_name":"Knowing Skull","floor":19,"potions_obtained":["SkillPotion"],"gold_loss":0,"cards_obtained":[]}],"is_beta":false,"boss_relics":[{"not_picked":["Runic Dome","Calling Bell"],"picked":"Empty Cage"}],"items_purged_floors":[12,21],"is_endless":false,"potions_floor_spawned":[5,7,14,24],"killed_by":"Gremlin Leader","ascension_level":15}}