{"host":"zk71suw73lg2r165","time":1611952218,"event":{"mods":["BaseMod","Colored Map","Minty Spire (QoL Compilation)","Permanent Neow","Relic Stats","StSLib"],"gold_per_floor":[114,132,151,165,240,240,271,289,314,314,347,359,359,378,378,378,378],"floor_reached":16,"language":"ENG","playtime":546,"items_purged":[],"score":228,"play_id":"cbf58a34-29b7-449a-a4e9-351298153a6e","local_time":"20210129153018","is_ascension_mode":true,"campfire_choices":[{"data":"Blade Dance","floor":6.0,"key":"SMITH"},{"floor":10.0,"key":"REST"},{"floor":15.0,"key":"REST"}],"circlet_count":0,"master_deck":["AscendersBane","Strike_G","Strike_G","Strike_G","Strike_G","Strike_G+1","Defend_G","Defend_G","Defend_G","Defend_G","Defend_G","Survivor","Neutralize+1","Cloak And Dagger","Blade Dance+1","Backflip","Leg Sweep","Predator","Dash","Deadly Poison","Terror"],"relics":["WristBlade","Happy Flower","Juzu Bracelet","Lantern"],"acts_visited":["Exordium"],"potions_floor_usage":[16],"damage_taken":[{"damage":7.0,"enemies":"Small Slimes","floor":1.0,"turns":4.0},{"damage":3.0,"enemies":"2 Louse","floor":2.0,"turns":3.0},{"damage":0.0,"enemies":"Jaw Worm","floor":3.0,"turns":3.0},{"damage":7.0,"enemies":"Exordium Wildlife","floor":4.0,"turns":5.0},{"damage":10.0,"enemies":"Lagavulin","floor":7.0,"turns":6.0},{"damage":0.0,"enemies":"Looter","floor":8.0,"turns":2.0},{"damage":10.0,"enemies":"3 Sentries","floor":11.0,"turns":7.0},{"damage":0.0,"enemies":"Lots of Slimes","floor":12.0,"turns":3.0},{"damage":0.0,"enemies":"3 Louse","floor":14.0,"turns":4.0},{"damage":34,"enemies":"Slime Boss","floor":16,"turns":8}],"seed_played":"-4143929445785366229","potions_obtained":[{"floor":1.0,"key":"SpeedPotion"},{"floor":2.0,"key":"Weak Potion"},{"floor":12.0,"key":"GamblersBrew"},{"floor":14.0,"key":"SmokeBomb"}],"is_trial":false,"path_per_floor":["M","M","M","M","?","R","E","M","T","R","E","M","?","M","R","B"],"character_chosen":"THE_SILENT","items_purchased":[],"campfire_rested":2,"item_purchase_floors":[],"current_hp_per_floor":[52,49,49,42,31,31,21,21,21,40,30,30,10,10,29,0,0],"gold":378,"neow_bonus":"BOSS_RELIC","is_daily":false,"chose_seed":false,"campfire_upgraded":1,"win_rate":0.0,"timestamp":1611952218,"path_taken":["M","M","M","M","?","R","E","M","T","R","E","M","?","M","R","BOSS"],"items_purchased_type":[],"build_version":"2020-12-22","purchased_purges":0,"victory":false,"max_hp_per_floor":[66,66,66,66,66,66,66,66,66,66,66,66,66,66,66,66,66],"relic_stats":{"Happy Flower":[8],"counters":[10,45],"Juzu Bracelet":0,"obtain_stats":[{"Lantern":11,"WristBlade":0,"Happy Flower":7,"Juzu Bracelet":9,"Ring of the Snake":0},{"Lantern":7,"WristBlade":0,"Happy Flower":5,"Juzu Bracelet":6,"Ring of the Snake":0},{"Lantern":30,"WristBlade":0,"Happy Flower":21,"Juzu Bracelet":23,"Ring of the Snake":0}]},"card_choices":[{"not_picked":["Outmaneuver","Dagger Spray"],"picked":"Cloak And Dagger","floor":1.0},{"not_picked":["Bouncing Flask","Storm of Steel"],"picked":"Blade Dance","floor":2.0},{"not_picked":["Blur","Tactician"],"picked":"Backflip","floor":3.0},{"not_picked":["PiercingWail","Cloak And Dagger"],"picked":"Leg Sweep","floor":4.0},{"not_picked":["Grand Finale","Flying Knee"],"picked":"Predator","floor":7.0},{"not_picked":["Deflect","Dagger Spray"],"picked":"Dash","floor":8.0},{"not_picked":["All Out Attack","Flying Knee"],"picked":"Deadly Poison","floor":11.0},{"not_picked":["Dodge and Roll","Underhanded Strike"],"picked":"Terror","floor":12.0},{"not_picked":["Predator","Sucker Punch","Prepared"],"picked":"SKIP","floor":14.0}],"player_experience":1421797,"relics_obtained":[{"floor":7.0,"key":"Happy Flower"},{"floor":9.0,"key":"Juzu Bracelet"},{"floor":11.0,"key":"Lantern"}],"event_choices":[{"damage_healed":0.0,"max_hp_gain":0.0,"max_hp_loss":0.0,"gold_gain":75.0,"event_name":"World of Goop","player_choice":"Gather Gold","floor":5.0,"gold_loss":0.0,"damage_taken":11.0},{"damage_healed":0.0,"max_hp_gain":0.0,"max_hp_loss":0.0,"gold_gain":0.0,"event_name":"Shining Light","player_choice":"Entered Light","floor":13.0,"gold_loss":0.0,"damage_taken":20.0,"cards_upgraded":["Neutralize","Strike_G"]}],"is_beta":false,"boss_relics":[],"items_purged_floors":[],"is_endless":false,"potions_floor_spawned":[1,2,3,8,12,14],"killed_by":"Slime Boss","ascension_level":20}}