{"host":"Jedit","time":1611964308,"event":{"mods":["BaseMod","Minty Spire (QoL Compilation)","Relic Stats","StSLib"],"gold_per_floor":[116,116,15,15,26,26,26,59,59,92,92,102,118,152,152,152,152],"floor_reached":16,"language":"ENG","playtime":632,"items_purged":[],"score":261,"play_id":"0513a02c-16ad-4d95-a06f-b96d04fc281d","local_time":"20210129235148","is_ascension_mode":true,"campfire_choices":[{"floor":7.0,"key":"REST"},{"data":"Meditate","floor":15.0,"key":"SMITH"}],"circlet_count":0,"master_deck":["AscendersBane","Strike_P","Strike_P","Strike_P","Strike_P","Defend_P","Defend_P","Defend_P","Eruption","Vigilance","FollowUp","Meditate+1","FlyingSleeves","FlurryOfBlows","JustLucky","Decay","ClearTheMind","SashWhip","WaveOfTheHand"],"relics":["Cursed Key","Blood Vial","Damaru","Tiny Chest","Pear"],"acts_visited":["Exordium"],"potions_floor_usage":[16],"damage_taken":[{"damage":0.0,"enemies":"2 Louse","floor":1.0,"turns":4.0},{"damage":0.0,"enemies":"Small Slimes","floor":5.0,"turns":2.0},{"damage":6.0,"enemies":"Gremlin Nob","floor":8.0,"turns":3.0},{"damage":37.0,"enemies":"3 Sentries","floor":10.0,"turns":8.0},{"damage":0.0,"enemies":"Cultist","floor":12.0,"turns":3.0},{"damage":12.0,"enemies":"Red Slaver","floor":13.0,"turns":2.0},{"damage":26.0,"enemies":"Lagavulin","floor":14.0,"turns":6.0},{"damage":76,"enemies":"The Guardian","floor":16,"turns":14}],"seed_played":"-2679823090790827421","potions_obtained":[{"floor":5.0,"key":"BlessingOfTheForge"},{"floor":12.0,"key":"ColorlessPotion"},{"floor":14.0,"key":"Block Potion"}],"is_trial":false,"path_per_floor":["M","?","$","?","M","?","R","E","T","E","?","M","M","E","R","B"],"character_chosen":"WATCHER","items_purchased":["Meditate","FlyingSleeves"],"campfire_rested":1,"item_purchase_floors":[3,3],"current_hp_per_floor":[61,26,26,26,28,21,41,37,37,2,78,78,66,52,52,0,0],"gold":152,"neow_bonus":"BOSS_RELIC","is_daily":false,"chose_seed":false,"campfire_upgraded":1,"win_rate":0.0,"timestamp":1611964308,"path_taken":["M","?","$","?","M","?","R","E","T","E","?","?","M","E","R","BOSS"],"items_purchased_type":["Card","Card"],"build_version":"2020-12-18","purchased_purges":0,"victory":false,"max_hp_per_floor":[68,68,68,68,68,68,68,68,68,68,78,78,78,88,88,88,88],"relic_stats":{"Blood Vial":10,"counters":[8,42],"Tiny Chest":0,"Cursed Key":1,"obtain_stats":[{"Blood Vial":2,"Pear":14,"Damaru":8,"Tiny Chest":10,"PureWater":0,"Cursed Key":0},{"Blood Vial":1,"Pear":7,"Damaru":3,"Tiny Chest":4,"PureWater":0,"Cursed Key":0},{"Blood Vial":4,"Pear":28,"Damaru":9,"Tiny Chest":17,"PureWater":0,"Cursed Key":0}]},"card_choices":[{"not_picked":["SashWhip","Worship"],"picked":"FollowUp","floor":1.0},{"not_picked":["Weave","Swivel"],"picked":"FlurryOfBlows","floor":5.0},{"not_picked":["PathToVictory","CutThroughFate"],"picked":"JustLucky","floor":8.0},{"not_picked":["Protect","SashWhip"],"picked":"DeusExMachina","floor":10.0},{"not_picked":["PathToVictory","Evaluate"],"picked":"ClearTheMind","floor":12.0},{"not_picked":["FlyingSleeves","SpiritShield"],"picked":"SashWhip","floor":13.0},{"not_picked":["Conclude","CutThroughFate"],"picked":"WaveOfTheHand","floor":14.0}],"player_experience":3461949,"relics_obtained":[{"floor":8.0,"key":"Damaru"},{"floor":10.0,"key":"Tiny Chest"},{"floor":14.0,"key":"Pear"}],"event_choices":[{"damage_healed":0.0,"max_hp_gain":0.0,"max_hp_loss":0.0,"gold_gain":0.0,"event_name":"Scrap Ooze","player_choice":"Success","floor":2.0,"gold_loss":0.0,"damage_taken":35.0,"relics_obtained":["Blood Vial"]},{"damage_healed":0.0,"max_hp_gain":0.0,"max_hp_loss":0.0,"gold_gain":0.0,"event_name":"Shining Light","player_choice":"Ignored","floor":4.0,"gold_loss":0.0,"damage_taken":0.0},{"cards_removed":["Defend_P"],"damage_healed":0.0,"max_hp_gain":0.0,"max_hp_loss":0.0,"gold_gain":0.0,"event_name":"Golden Wing","player_choice":"Card Removal","floor":6.0,"gold_loss":0.0,"damage_taken":7.0},{"cards_removed":["DeusExMachina"],"damage_healed":66.0,"max_hp_gain":10.0,"max_hp_loss":0.0,"gold_gain":0.0,"event_name":"Bonfire Elementals","player_choice":"Offered Rare","floor":11.0,"gold_loss":0.0,"damage_taken":0.0}],"is_beta":true,"boss_relics":[],"items_purged_floors":[],"is_endless":false,"potions_floor_spawned":[5,12,14],"killed_by":"The Guardian","ascension_level":20}}