{"host":"oz0i1fpezyhy8r2h","time":1611908058,"event":{"mods":["ATMod(°¢èªMod)","Act Like it!","Arknights The Spire","BaseMod","KinomotoSakuraMod(Ä¾Ö®±¾Ó£)","Minty Spire (QoL Compilation)","Reimu£¨²©ÀöÁéÃÎ£©","Remilia£¨ÀÙÃ×ÀòÑÇ£©","StSLib","The Bug Knight","¡¾ÒÅÎï¿¨ÅÆ¡¿REMEMod"],"gold_per_floor":[215,57,72,82,82,82,118,137,137,158,197,211,230,270,270,395,395,413,427,342,166,184,184,220,235,260,220,220,258,133,154,154,280,280,304,319,382,382,79,119,144,180,249,249,282,296,309,134,134,134,134,134,134,172,172],"floor_reached":56,"language":"ZHS","playtime":4141,"items_purged":["ClowCardTheShield","ClowCardTheShield","ClowCardTheShield","ClowCardTheShield","ClowCardTheFloat"],"score":1855,"play_id":"eee8c344-dfc6-4ffa-878d-83aecdb2197a","local_time":"20210129161418","is_ascension_mode":true,"campfire_choices":[{"data":"AT_LightSaberMaster","floor":6.0,"key":"SMITH"},{"data":"ClowCardTheFloat","floor":15.0,"key":"SMITH"},{"data":"ClowCardTheFloat","floor":23.0,"key":"SMITH"},{"data":"ClowCardTheLight","floor":28.0,"key":"SMITH"},{"data":"ClowCardTheFly","floor":32.0,"key":"SMITH"},{"data":"ClowCardTheBig","floor":44,"key":"SMITH"},{"floor":49,"key":"RECALL"},{"data":"ClowCardTheFly","floor":52,"key":"SMITH"}],"circlet_count":0,"master_deck":["SakuraCardTheFlower+","SakuraCardTheSong+","SakuraCardTheTime+","SakuraCardTheStorm+","ClowCardTheSword","ClowCardTheSword","ClowCardTheSword+1","ClowCardTheSword+1","SpellCardSeal","SpellCardRelease","AT_LightSaberMaster+1","ClowCardTheFloat+1","ClowCardTheWave","ClowCardTheLight+1","ClowCardTheBig+1","ClowCardTheFly+1","ClowCardTheFloat+1","ClowCardTheFloat+1","ClowCardTheDash","ClowCardTheFly+1","ClowCardTheBig+1"],"relics":["KSMOD_SealedBook","KSMOD_SealedWand","AT_ATBox","REME_ComplimentaryCards","Golden Idol","AT_GoldPhoenixTree","CaptainsWheel","Incense Burner","Toy Ornithopter","AT_TrinityForce","AT_Manta","KSMOD_Yue","ZunR:ReiMu","KSMOD_SwordJade","KSMOD_DarknessWand","Mango","AT_PhaseBoots","AT_Kusabimaru","Whetstone","HornCleat","Orichalcum","Bag of Preparation"],"acts_visited":["Exordium","TheCity","TheBeyond","TheEnding"],"potions_floor_usage":[],"damage_taken":[{"damage":3.0,"enemies":"2 Louse","floor":1.0,"turns":3.0},{"damage":8.0,"enemies":"Small Slimes","floor":3.0,"turns":2.0},{"damage":0.0,"enemies":"Cultist","floor":4.0,"turns":6.0},{"damage":10.0,"enemies":"Gremlin Nob","floor":7.0,"turns":4.0},{"damage":0.0,"enemies":"Gremlin Gang","floor":8.0,"turns":5.0},{"damage":10.0,"enemies":"Exordium Thugs","floor":10.0,"turns":4.0},{"damage":12.0,"enemies":"3 Sentries","floor":11.0,"turns":7.0},{"damage":8.0,"enemies":"3 Louse","floor":12.0,"turns":3.0},{"damage":0.0,"enemies":"2 Fungi Beasts","floor":13.0,"turns":3.0},{"damage":0.0,"enemies":"Gremlin Nob","floor":14.0,"turns":4.0},{"damage":0.0,"enemies":"Hexaghost","floor":16.0,"turns":10.0},{"damage":0.0,"enemies":"Spheric Guardian","floor":18.0,"turns":3.0},{"damage":0.0,"enemies":"3 Byrds","floor":19.0,"turns":4.0},{"damage":0.0,"enemies":"Cultist and Chosen","floor":22.0,"turns":5.0},{"damage":0.0,"enemies":"Slavers","floor":24.0,"turns":4.0},{"damage":0.0,"enemies":"Centurion and Healer","floor":25.0,"turns":4.0},{"damage":0.0,"enemies":"Book of Stabbing","floor":29.0,"turns":3.0},{"damage":0.0,"enemies":"3 Cultists","floor":31.0,"turns":4.0},{"damage":0.0,"enemies":"Automaton","floor":33.0,"turns":4.0},{"damage":0.0,"enemies":"3 Darklings","floor":35.0,"turns":3.0},{"damage":0.0,"enemies":"Orb Walker","floor":36.0,"turns":1.0},{"damage":0.0,"enemies":"Mind Bloom Boss Battle","floor":37.0,"turns":1.0},{"damage":0,"enemies":"Giant Head","floor":40,"turns":9},{"damage":0,"enemies":"4 Shapes","floor":41,"turns":4},{"damage":0,"enemies":"Nemesis","floor":42,"turns":7},{"damage":0,"enemies":"HollowMod:StalkingDevout","floor":45,"turns":2},{"damage":0,"enemies":"3 Darklings","floor":46,"turns":2},{"damage":0,"enemies":"Writhing Mass","floor":47,"turns":1},{"damage":0,"enemies":"Awakened One","floor":50,"turns":3},{"damage":0,"enemies":"Shield and Spear","floor":54,"turns":1},{"damage":9,"enemies":"The Heart","floor":55,"turns":3}],"seed_played":"5189607514380310615","potions_obtained":[{"floor":3.0,"key":"FairyPotion"},{"floor":7.0,"key":"PowerPotion"},{"floor":8.0,"key":"PowerPotion"},{"floor":11.0,"key":"DuplicationPotion"},{"floor":13.0,"key":"SkillPotion"},{"floor":18.0,"key":"FearPotion"},{"floor":31.0,"key":"KSMOD_MagickBottle"},{"floor":36.0,"key":"GrandPatriotsElixir:ReiMu"},{"floor":54,"key":"DuplicationPotion"}],"is_trial":false,"path_per_floor":["M","$","M","M","?","R","E","M","T","M","E","M","M","E","R","B",null,"M","M","?","$","M","R","E","M","T","?","R","E","$","M","R","B",null,"M","M","?","?","$","E","M","E","T","R","E","M","M","$","R","B",null,"R","$","E","B",null],"character_chosen":"KINOMOTOSAKURA","items_purchased":["AT_LightSaberMaster","ClowCardTheFloat","AT_SpeedBoots"],"campfire_rested":0,"item_purchase_floors":[2,21,39],"current_hp_per_floor":[67,67,59,59,42,42,32,32,32,22,10,2,2,2,2,2,70,70,70,70,70,70,70,70,70,70,70,70,70,70,70,70,70,70,70,70,84,84,84,84,84,84,84,84,84,84,84,84,84,84,84,84,84,84,75],"gold":172,"neow_bonus":"HUNDRED_GOLD","is_daily":false,"chose_seed":false,"campfire_upgraded":7,"win_rate":0.0,"timestamp":1611908058,"path_taken":["M","$","M","M","?","R","E","M","T","M","E","M","M","E","R","BOSS","M","M","?","$","M","R","E","M","T","?","R","E","$","M","R","BOSS","M","M","?","?","$","E","M","E","T","R","E","M","?","$","R","BOSS","R","$","E","BOSS"],"items_purchased_type":["Card","Card","Relic"],"build_version":"2020-12-22","purchased_purges":5,"victory":true,"max_hp_per_floor":[70,70,70,70,70,70,70,70,70,70,70,70,70,70,70,70,70,70,70,70,70,70,70,70,70,70,70,70,70,70,70,70,70,70,70,70,84,84,84,84,84,84,84,84,84,84,84,84,84,84,84,84,84,84,84],"card_choices":[{"not_picked":["ClowCardTheDream","ClowCardTheBig","ClowCardTheVoice"],"picked":"SKIP","floor":1.0},{"not_picked":["ClowCardTheLittle","ClowCardTheSilent"],"picked":"ClowCardTheFloat","floor":3.0},{"not_picked":["ClowCardTheLibra","ClowCardTheSweet"],"picked":"ClowCardTheStorm","floor":4.0},{"not_picked":["ClowCardTheMirror","ClowCardTheDream"],"picked":"ClowCardTheWave","floor":7.0},{"not_picked":["ClowCardTheIllusion","ClowCardTheSong","ClowCardTheFreeze"],"picked":"SKIP","floor":8.0},{"not_picked":["ClowCardTheMist","ClowCardTheShot","ClowCardTheSong"],"picked":"SKIP","floor":10.0},{"not_picked":["ClowCardTheJump","ClowCardTheChange","ClowCardTheMirror"],"picked":"SKIP","floor":11.0},{"not_picked":["ClowCardTheArrow","ClowCardTheIllusion"],"picked":"ClowCardTheLight","floor":12.0},{"not_picked":["ClowCardTheBubbles","ClowCardTheLibra"],"picked":"ClowCardTheBig","floor":13.0},{"not_picked":["ClowCardTheWave","ClowCardTheEarthy","ClowCardTheFirey"],"picked":"SKIP","floor":14.0},{"not_picked":["ClowCardTheDark","ClowCardTheThrough"],"picked":"ClowCardTheTime","floor":16.0},{"not_picked":["ClowCardTheRain","ClowCardTheMove"],"picked":"ClowCardTheFly","floor":18.0},{"not_picked":["ClowCardTheWave","ClowCardTheSand","ClowCardTheRain"],"picked":"SKIP","floor":19.0},{"not_picked":["ClowCardTheChange","ClowCardTheMist","ClowCardTheSweet+1"],"picked":"SKIP","floor":22.0},{"not_picked":["ClowCardTheSand","ClowCardTheThrough","ClowCardTheShot"],"picked":"SKIP","floor":24.0},{"not_picked":["ClowCardTheSand","ClowCardTheLoop+1"],"picked":"ClowCardTheFloat","floor":25.0},{"not_picked":["ClowCardTheBig","ClowCardTheShot"],"picked":"ClowCardTheFloat+1","floor":29.0},{"not_picked":["ClowCardTheLibra+1","ClowCardTheGlow+1"],"picked":"ClowCardTheSong","floor":31.0},{"not_picked":["ClowCardTheTwin","ClowCardTheLight"],"picked":"ClowCardTheDash","floor":33.0},{"not_picked":["ClowCardTheLibra+1","ClowCardTheFirey","ClowCardTheArrow+1"],"picked":"SKIP","floor":35.0},{"not_picked":["ClowCardTheFirey+1","ClowCardTheSand","ClowCardTheMaze"],"picked":"SKIP","floor":36.0},{"not_picked":["ClowCardTheMist","ClowCardTheErase","ClowCardTheSnow"],"picked":"SKIP","floor":40},{"not_picked":["ClowCardTheLoop","ClowCardTheRain+1","ClowCardTheErase"],"picked":"SKIP","floor":41},{"not_picked":["ClowCardTheThunder","ClowCardTheSand+1","ClowCardTheChange"],"picked":"SKIP","floor":42},{"not_picked":["ClowCardTheSleep","ClowCardTheSand+1"],"picked":"ClowCardTheFlower+1","floor":45},{"not_picked":["ClowCardTheShot","ClowCardTheDream","ClowCardTheLittle"],"picked":"SKIP","floor":46},{"not_picked":["ClowCardTheRain","ClowCardTheFloat"],"picked":"ClowCardTheFly","floor":47},{"not_picked":["ClowCardTheLibra+1","ClowCardTheFloat+1"],"picked":"ClowCardTheBig+1","floor":54}],"player_experience":191095,"relics_obtained":[{"floor":7.0,"key":"AT_GoldPhoenixTree"},{"floor":9.0,"key":"CaptainsWheel"},{"floor":11.0,"key":"Incense Burner"},{"floor":14.0,"key":"Toy Ornithopter"},{"floor":24.0,"key":"KSMOD_Yue"},{"floor":29.0,"key":"KSMOD_SwordJade"},{"floor":37.0,"key":"Mango"},{"floor":40,"key":"AT_Kusabimaru"},{"floor":42,"key":"Whetstone"},{"floor":43,"key":"HornCleat"},{"floor":45,"key":"Orichalcum"},{"floor":54,"key":"Bag of Preparation"}],"event_choices":[{"damage_healed":0.0,"max_hp_gain":0.0,"max_hp_loss":0.0,"gold_gain":0.0,"event_name":"Golden Idol","player_choice":"Take Damage","floor":5.0,"gold_loss":0.0,"damage_taken":17.0,"relics_obtained":["Golden Idol"]},{"damage_healed":0.0,"max_hp_gain":0.0,"max_hp_loss":0.0,"gold_gain":0.0,"event_name":"Addict","player_choice":"Obtained Relic","floor":20.0,"gold_loss":85.0,"damage_taken":0.0,"relics_obtained":["AT_Manta"]},{"damage_healed":0.0,"max_hp_gain":0.0,"max_hp_loss":0.0,"gold_gain":0.0,"event_name":"ZunEvent","player_choice":"¹ºÂòÉñ¾Æ","floor":27.0,"gold_loss":40.0,"damage_taken":0.0,"relics_obtained":["ZunR:ReiMu"]},{"damage_healed":0.0,"max_hp_gain":0.0,"max_hp_loss":0.0,"gold_gain":0.0,"event_name":"MindBloom","player_choice":"Fight","floor":37.0,"gold_loss":0.0,"damage_taken":0.0},{"damage_healed":0,"gold_gain":0,"player_choice":"0 cards matched","damage_taken":0,"max_hp_gain":0,"max_hp_loss":0,"event_name":"Match and Keep!","floor":38,"gold_loss":0,"cards_obtained":[]}],"is_beta":false,"boss_relics":[{"not_picked":["Runic Dome","Astrolabe"],"picked":"AT_TrinityForce"},{"not_picked":["Snecko Eye","SlaversCollar"],"picked":"KSMOD_DarknessWand"}],"items_purged_floors":[2,21,30,39,48],"is_endless":false,"potions_floor_spawned":[3,7,8,11,13,14,18,24,25,31,33,36,42,45,54],"ascension_level":3}}