{"host":"hp5j21f092xpawtl","time":1611893917,"event":{"mods":["Act Like it!","BaseMod","Conspire","Dota2Spire","Downfall","Gensokyo","Hallownest","KinomotoSakuraMod(木之本樱)","KomeijiMod","Minty Spire (QoL Compilation)","Remilia（蕾米莉亚）","Replay The Spire","Shop Mod","StSLib","The Administrix","The Bladedancer","The Bug Knight","The Death Knight","The Senshi","Warlord Emblem","Yakumo Yukari mod","[IsaacMod]以撒尖塔","noobMod"],"gold_per_floor":[95,112,126,141,173,207,207,207,207,237,237,237,237,237,237,341,341,369,369,401,453,453,453,483,13,60,85,272,272,304,342,342,538,588,672,1788,1066,1095,1122,1122,1154,1154,1154,1154,1172,1214,1230,1296,1296,1296,1338,1338,1338,703,737,737],"floor_reached":57,"language":"ZHS","playtime":8183,"items_purged":["HollowMod:QuickDashStart","HollowMod:QuickDashStart","HollowMod:QuickDashStart","HollowMod:NailStrikeStart"],"score":2349,"play_id":"0d040305-a5af-4aea-a793-44d83a491b79","local_time":"20210129121837","is_ascension_mode":false,"campfire_choices":[{"data":"HollowMod:VengefulSpirit","floor":8.0,"key":"SMITH"},{"data":"HollowMod:SiblingsSouls","floor":8.0,"key":"SMITH"},{"data":"HollowMod:DashSlash","floor":11.0,"key":"SMITH"},{"data":"HollowMod:SoulStrike","floor":11.0,"key":"SMITH"},{"floor":13.0,"key":"RECALL"},{"data":"HollowMod:SoulMaster","floor":15.0,"key":"SMITH"},{"data":"HollowMod:CloakDash","floor":15.0,"key":"SMITH"},{"data":"HollowMod:DesolateDive","floor":23.0,"key":"SMITH"},{"data":"HollowMod:RecoilStrike","floor":23.0,"key":"SMITH"},{"data":"HollowMod:FastStrike","floor":29.0,"key":"SMITH"},{"data":"HollowMod:HowlingWraiths","floor":29.0,"key":"SMITH"},{"data":"HollowMod:RecoilStrike","floor":32.0,"key":"SMITH"},{"data":"HollowMod:HuntersJournal","floor":32.0,"key":"SMITH"},{"data":"HollowMod:DashSlash","floor":40,"key":"SMITH"},{"data":"HollowMod:AwokenDreamNail","floor":40,"key":"SMITH"},{"data":"HollowMod:ChannelNail","floor":42,"key":"SMITH"},{"data":"HollowMod:CoiledNail","floor":42,"key":"SMITH"},{"data":"HollowMod:DesolateDive","floor":44,"key":"SMITH"},{"data":"HollowMod:SoulStrike","floor":44,"key":"SMITH"},{"data":"HollowMod:SoulSplash","floor":49,"key":"SMITH"},{"data":"HollowMod:HuntersJournal","floor":49,"key":"SMITH"},{"data":"HollowMod:BaldurShell","floor":53,"key":"SMITH"},{"data":"HollowMod:GoodIntentions","floor":53,"key":"SMITH"}],"circlet_count":0,"master_deck":["HollowMod:NailStrikeStart+1","HollowMod:QuickDashStart","HollowMod:PogoStrike+1","HollowMod:CloakDash+1","HollowMod:SiblingsSouls+1","HollowMod:DashSlash+1","HollowMod:RecoilStrike+1","HollowMod:SoulMaster+1","HollowMod:VengefulSpirit+1","HollowMod:SoulStrike+1","HollowMod:theNailsmith","HollowMod:DesolateDive+1","HollowMod:HowlingWraiths+1","HollowMod:FastStrike+1","HollowMod:GoodIntentions+1","HollowMod:BaldurShell+1","HollowMod:HeavyBlow+1","HollowMod:MonarchWings","HollowMod:CornifersMapStart+1","HollowMod:HuntersJournal+1","HollowMod:RecoilStrike+1","HollowMod:HuntersJournal+1","HollowMod:SlysStrikes+1","HollowMod:CoiledNail+1","HollowMod:DesolateDive+1","HollowMod:AwokenDreamNail+1","HollowMod:SoulStrike+1","HollowMod:DashSlash+1","HollowMod:SiblingsSouls","HollowMod:SiblingsSouls+1","HollowMod:ChannelNail+1","HollowMod:SoulSplash+1","HollowMod:RecoilStrike+1","HollowMod:GrimmsGift"],"relics":["HollowMod:VesselMask","ice","HushsDoor","PokeGo","Darkstone Periapt","Dota2Spire:MaskOfMadness","Dota2Spire:MantaStyle","Replay:Arrowhead","Leech","Quantum Egg","ChampionBelt","Replay:Mystery Machine","Bronze Scales","BelialBook","SatanicBible","SalivaCoin","Orrery","Strawberry","Dota2Spire:EtherealBlade","conspire:DeflatedDodgeball","Dota2Spire:ShadowBlade","Question Card","Tiny House","BloodDonationMachine","Dota2Spire:EchoSabre","Potion Belt","HowToJump","Strange Spoon","Boot","Replay:Bottled Steam","Whetstone","AntiCross","Dota2Spire:BattleFury","DeathBook","ClockworkSouvenir","Dota2Spire:UrnOfShadows"],"acts_visited":["Hallownest:Greenpath","Hallownest:CityofTears","Hallownest:KingdomsEdge","TheEnding"],"potions_floor_usage":[56,56,56,56,56],"damage_taken":[{"damage":98.0,"enemies":"Hiden Room Battle","floor":0.0,"turns":5.0},{"damage":7.0,"enemies":"Hallownest:monsterHuskGuard","floor":1.0,"turns":3.0},{"damage":10.0,"enemies":"2_ Uuma","floor":2.0,"turns":3.0},{"damage":12.0,"enemies":"Hallownest:monsterHuskWarrior","floor":3.0,"turns":2.0},{"damage":2.0,"enemies":"Hallownest:Guard_and_Warrior","floor":4.0,"turns":5.0},{"damage":0.0,"enemies":"Hallownest:eliteCrystalGuardian","floor":5.0,"turns":3.0},{"damage":0.0,"enemies":"Hallownest:eliteCrystalGuardian","floor":6.0,"turns":3.0},{"damage":0.0,"enemies":"Hallownest:eliteVengeflyKing","floor":10.0,"turns":2.0},{"damage":0.0,"enemies":"Hallownest:BossFalseKnight","floor":16.0,"turns":3.0},{"damage":0.0,"enemies":"Hallownest:eliteWatcherKnight","floor":18.0,"turns":6.0},{"damage":0.0,"enemies":"Hallownest:eliteSoulWarrior","floor":20.0,"turns":5.0},{"damage":0.0,"enemies":"Hallownest:Nosk","floor":24.0,"turns":5.0},{"damage":0.0,"enemies":"Hallownest:eliteSoulWarrior","floor":27.0,"turns":4.0},{"damage":162.0,"enemies":"Hallownest:eliteWatcherKnight","floor":28.0,"turns":19.0},{"damage":0.0,"enemies":"Hallownest:Nosk","floor":30.0,"turns":4.0},{"damage":13.0,"enemies":"Hallownest:eliteSoulWarrior","floor":31.0,"turns":3.0},{"damage":135,"enemies":"Hallownest:BossMantisLord","floor":33,"turns":8},{"damage":63,"enemies":"Hallownest:StalkingDevout","floor":35,"turns":4},{"damage":12,"enemies":"Hallownest:eliteHiveKnight","floor":36,"turns":4},{"damage":0,"enemies":"Hallownest:StalkingDevout","floor":38,"turns":2},{"damage":0,"enemies":"Hallownest:eliteHiveKnight","floor":39,"turns":2},{"damage":0,"enemies":"Hallownest:StalkingDevout","floor":41,"turns":2},{"damage":0,"enemies":"Hallownest:Shield_Heavy","floor":45,"turns":1},{"damage":9,"enemies":"Hallownest:eliteCollector","floor":46,"turns":3},{"damage":0,"enemies":"Hallownest:3_Siblings","floor":47,"turns":1},{"damage":9,"enemies":"Hallownest:monsterPrimalAspid","floor":48,"turns":2},{"damage":0,"enemies":"Hallownest:Radiance","floor":50,"turns":3},{"damage":39,"enemies":"Hallownest:BossHollowKnight","floor":51,"turns":3},{"damage":0,"enemies":"Shield and Spear","floor":55,"turns":2},{"damage":0,"enemies":"Delirium","floor":56,"turns":5}],"seed_played":"1223565020665473577","potions_obtained":[{"floor":3.0,"key":"SmokeBomb"},{"floor":6.0,"key":"champ:CounterPotion"},{"floor":16.0,"key":"champ:CounterPotion"},{"floor":27.0,"key":"AttackPotion"},{"floor":30.0,"key":"DistilledChaos"},{"floor":46,"key":"ColorlessPotion"},{"floor":47,"key":"DeathKnight:RimePotion"},{"floor":48,"key":"Weak Potion"}],"is_trial":false,"path_per_floor":["M","M","M","M","?","E","?","R","T","E","R","?","R","T","R","B",null,"M","?","M","T","?","R","E","$","T","M","E","R","M","M","R","B",null,"M","M","$","M","M","R","E","R","T","R","M","E","M","M","R","B","B",null,"R","$","E","B",null],"character_chosen":"THE_BUGKNIGHT","items_purchased":["Slimebound:ThreeZeroPotion","SalivaCoin","HollowMod:FastStrike","Orrery","Potion Belt","HowToJump","Strange Spoon","HollowMod:SoulStrike","HollowMod:DashSlash","DeathBook","ClockworkSouvenir","SkillPotion"],"campfire_rested":0,"item_purchase_floors":[17,25,25,25,37,37,37,37,37,54,54,54],"current_hp_per_floor":[20,10,4,88,88,88,88,88,88,88,88,84,84,84,84,85,77,78,78,78,78,78,78,78,78,85,85,5,5,89,77,77,47,90,30,53,53,54,55,55,56,56,56,56,56,49,49,41,41,43,151,154,154,154,158,1215],"gold":737,"neow_bonus":"RANDOM_EVENT","is_daily":false,"chose_seed":false,"campfire_upgraded":22,"win_rate":0.0,"timestamp":1611893917,"path_taken":["M","M","M","?","?","E","?","R","T","E","R","?","R","?","R","BOSS","M","?","?","?","?","R","E","?","T","?","E","R","M","M","R","BOSS","M","M","$","M","M","R","E","R","T","R","M","E","M","M","R","BOSS","BOSS","R","$","E","BOSS"],"items_purchased_type":["Potion","Relic","Card","Relic","Relic","Relic","Relic","Card","Card","Relic","Relic","Potion"],"build_version":"2020-12-22","purchased_purges":4,"victory":true,"max_hp_per_floor":[81,84,86,88,89,90,90,90,90,91,91,84,84,84,84,86,77,78,78,78,78,78,78,78,78,85,85,89,89,89,90,90,97,102,112,115,115,116,117,117,117,117,117,117,117,119,119,122,122,123,155,155,155,155,158,1814],"card_choices":[{"not_picked":["HollowMod:LuriensSpire","HollowMod:FallenFury"],"picked":"HollowMod:CloakDash","floor":0.0},{"not_picked":["HollowMod:MawleksShell","HollowMod:AbyssShriek","HollowMod:WraithStrike"],"picked":"SKIP","floor":1.0},{"not_picked":["HollowMod:LifebloodCocoon","HollowMod:DreamGate"],"picked":"HollowMod:SiblingsSouls","floor":2.0},{"not_picked":["HollowMod:LifebloodCocoon","HollowMod:HeavyBlow"],"picked":"HollowMod:DashSlash","floor":3.0},{"not_picked":["HollowMod:SharpenedShadows","HollowMod:VengefulVoid"],"picked":"HollowMod:RecoilStrike","floor":4.0},{"not_picked":["HollowMod:InfectedCysts","HollowMod:PureNailStrike"],"picked":"HollowMod:SoulMaster","floor":5.0},{"not_picked":["HollowMod:Grubsong","HollowMod:DungDefenderAura"],"picked":"HollowMod:VengefulSpirit","floor":6.0},{"not_picked":["HollowMod:LifebloodCocoon","HollowMod:HeavyBlow"],"picked":"HollowMod:SoulStrike","floor":10.0},{"not_picked":["HollowMod:HornetsHelp","HollowMod:PureVessel"],"picked":"HollowMod:theNailsmith","floor":16.0},{"not_picked":["HollowMod:SoulEater+1","HollowMod:LifebloodCocoon","HollowMod:WraithStrike"],"picked":"SKIP","floor":18.0},{"not_picked":["HollowMod:BlackTendrils+1","HollowMod:PerfectDash+1"],"picked":"HollowMod:DesolateDive","floor":20.0},{"not_picked":["HollowMod:SoulVessel","HollowMod:TaintedHusks+1"],"picked":"HollowMod:HowlingWraiths","floor":24.0},{"not_picked":["HollowMod:QuirrelsAssistance","HollowMod:PureNailStrike"],"picked":"HollowMod:GoodIntentions","floor":25.0},{"not_picked":["HollowMod:VengefulVoid","HollowMod:PerfectDash+1"],"picked":"HollowMod:BaldurShell","floor":25.0},{"not_picked":["HollowMod:ShadowDash","HollowMod:InfectedAttack"],"picked":"HollowMod:HeavyBlow+1","floor":25.0},{"not_picked":["HollowMod:SoulStrike","HollowMod:DungDefenderAura"],"picked":"HollowMod:MonarchWings","floor":25.0},{"not_picked":["HollowMod:SharpenedNail+1","HollowMod:InfectedCysts"],"picked":"HollowMod:CornifersMapStart+1","floor":27.0},{"not_picked":["HollowMod:ElderbugsWisdom","HollowMod:CycloneSlash"],"picked":"HollowMod:HuntersJournal","floor":28.0},{"not_picked":["HollowMod:NewLittleFool","HollowMod:Hiveblood"],"picked":"HollowMod:RecoilStrike","floor":30.0},{"not_picked":["HollowMod:SharpenedShadows","HollowMod:MonomonsArchive"],"picked":"HollowMod:HuntersJournal","floor":31.0},{"not_picked":["HollowMod:Hiveblood","HollowMod:LordofShades","HollowMod:MidwifesHunger"],"picked":"HollowMod:SlysStrikes","floor":33},{"not_picked":["HollowMod:HowlingWraiths","HollowMod:SharpenedShadows","HollowMod:PerfectDash"],"picked":"HollowMod:CoiledNail","floor":34},{"not_picked":["HollowMod:MawleksShell","HollowMod:RecoilStrike","HollowMod:BaldurShell+1"],"picked":"HollowMod:DesolateDive","floor":35},{"not_picked":["HollowMod:WraithStrike+1","HollowMod:NewLittleFool+1","HollowMod:SiblingsSouls"],"picked":"HollowMod:AwokenDreamNail","floor":36},{"not_picked":["HollowMod:NewJinnsSoul","HollowMod:TaintedHusks+1","HollowMod:CrystalDash"],"picked":"HollowMod:SiblingsSouls","floor":38},{"not_picked":["HollowMod:DashSlash","HollowMod:TaintedHusks+1","HollowMod:QuirrelsAssistance"],"picked":"HollowMod:SiblingsSouls+1","floor":39},{"not_picked":["HollowMod:HowlingWraiths+1","HollowMod:MonarchWings","HollowMod:ShadowDash"],"picked":"HollowMod:ChannelNail","floor":41},{"not_picked":["HollowMod:NewJinnsSoul+1","HollowMod:SharpenedShadows","HollowMod:SoulVessel","HollowMod:ShadowDash"],"picked":"SKIP","floor":45},{"not_picked":["HollowMod:PureNailStrike","HollowMod:NewLittleFool","HollowMod:LifebloodCocoon+1"],"picked":"HollowMod:SoulSplash","floor":46},{"not_picked":["HollowMod:LifebloodCocoon","HollowMod:SoulEater","HollowMod:WraithStrike+1"],"picked":"HollowMod:RecoilStrike+1","floor":47},{"not_picked":["HollowMod:VengefulVoid+1","HollowMod:InfectedCysts+1","HollowMod:FallenFury","HollowMod:SoulShaman"],"picked":"SKIP","floor":48},{"not_picked":["HollowMod:ShadowDash","HollowMod:VengefulSpirit+1","HollowMod:ChannelNail"],"picked":"HollowMod:GrimmsGift","floor":55}],"player_experience":48018,"relics_obtained":[{"floor":0.0,"key":"Darkstone Periapt"},{"floor":0.0,"key":"Dota2Spire:MaskOfMadness"},{"floor":5.0,"key":"Dota2Spire:MantaStyle"},{"floor":6.0,"key":"Replay:Arrowhead"},{"floor":10.0,"key":"Leech"},{"floor":14.0,"key":"Quantum Egg"},{"floor":18.0,"key":"Replay:Mystery Machine"},{"floor":20.0,"key":"Bronze Scales"},{"floor":21.0,"key":"BelialBook"},{"floor":24.0,"key":"SatanicBible"},{"floor":26.0,"key":"Strawberry"},{"floor":27.0,"key":"Dota2Spire:EtherealBlade"},{"floor":28.0,"key":"conspire:DeflatedDodgeball"},{"floor":30.0,"key":"Dota2Spire:ShadowBlade"},{"floor":31.0,"key":"Question Card"},{"floor":35,"key":"BloodDonationMachine"},{"floor":36,"key":"Dota2Spire:EchoSabre"},{"floor":38,"key":"Boot"},{"floor":39,"key":"Replay:Bottled Steam"},{"floor":41,"key":"Whetstone"},{"floor":43,"key":"AntiCross"},{"floor":46,"key":"Dota2Spire:BattleFury"},{"floor":55,"key":"Dota2Spire:UrnOfShadows"}],"event_choices":[{"damage_healed":0.0,"max_hp_gain":0.0,"max_hp_loss":0.0,"gold_gain":0.0,"event_name":"HidenRoomEvent","player_choice":"Fight","floor":0.0,"gold_loss":0.0,"damage_taken":0.0}],"is_beta":false,"boss_relics":[{"not_picked":["Snecko Eye","Busted Crown"],"picked":"ChampionBelt"},{"not_picked":[]},{"not_picked":["Replay:Drink Me","Coffee Dripper"],"picked":"Tiny House"},{"not_picked":[]}],"items_purged_floors":[17,25,37,54],"is_endless":false,"potions_floor_spawned":[3,6,16,27,30,31,33,36,46,47,48,55],"ascension_level":20}}