{"host":"gc0hqzwg2gd3zszy","time":1611932142,"event":{"mods":["BaseMod","DeckTracker","Minty Spire (QoL Compilation)","Relic Stats","SuperFastMode"],"gold_per_floor":[118,134,209,225,235,235,235,235],"floor_reached":7,"language":"KOR","playtime":202,"items_purged":[],"score":86,"play_id":"34f1e007-b59d-4670-ad9b-33d0f33fa7d3","local_time":"20210129235542","is_ascension_mode":true,"campfire_choices":[{"data":"Eruption","floor":6.0,"key":"SMITH"}],"circlet_count":0,"master_deck":["AscendersBane","Strike_P","Strike_P","Strike_P","Defend_P","Defend_P","Defend_P","Eruption+1","Vigilance","Vengeance","EmptyBody","BowlingBash","Halt"],"relics":["PureWater"],"acts_visited":["Exordium"],"potions_floor_usage":[7],"damage_taken":[{"damage":0.0,"enemies":"2 Louse","floor":1.0,"turns":4.0},{"damage":0.0,"enemies":"Jaw Worm","floor":2.0,"turns":3.0},{"damage":2.0,"enemies":"Small Slimes","floor":4.0,"turns":4.0},{"damage":9.0,"enemies":"2 Fungi Beasts","floor":5.0,"turns":4.0},{"damage":59,"enemies":"Gremlin Nob","floor":7,"turns":4}],"seed_played":"6290940709614008733","potions_obtained":[{"floor":2.0,"key":"EssenceOfSteel"}],"is_trial":false,"path_per_floor":["M","M","?","M","M","R","E"],"character_chosen":"WATCHER","items_purchased":[],"campfire_rested":0,"item_purchase_floors":[],"current_hp_per_floor":[61,61,50,48,39,39,0,0],"gold":235,"neow_bonus":"TRANSFORM_TWO_CARDS","is_daily":false,"chose_seed":false,"campfire_upgraded":1,"win_rate":0.0,"timestamp":1611932142,"path_taken":["M","M","?","M","M","R","E"],"items_purchased_type":[],"build_version":"2020-12-22","purchased_purges":0,"victory":false,"max_hp_per_floor":[62,62,62,62,62,62,62,62],"relic_stats":{"counters":[5,19],"obtain_stats":[{"PureWater":0},{"PureWater":0},{"PureWater":0}]},"card_choices":[{"not_picked":["EmptyFist","ClearTheMind"],"picked":"BowlingBash","floor":1.0},{"not_picked":["EmptyBody","FlyingSleeves","Wireheading"],"picked":"SKIP","floor":2.0},{"not_picked":["FlurryOfBlows","DeceiveReality"],"picked":"Halt","floor":4.0},{"not_picked":["FlyingSleeves","FlurryOfBlows","EmptyFist"],"picked":"SKIP","floor":5.0}],"player_experience":1373790,"relics_obtained":[],"event_choices":[{"damage_healed":0.0,"max_hp_gain":0.0,"max_hp_loss":0.0,"gold_gain":75.0,"event_name":"World of Goop","player_choice":"Gather Gold","floor":3.0,"gold_loss":0.0,"damage_taken":11.0}],"is_beta":false,"boss_relics":[],"items_purged_floors":[],"is_endless":false,"potions_floor_spawned":[2],"killed_by":"Gremlin Nob","ascension_level":20}}