{"host":"sq4meqxtkbsvyucx","time":1611914192,"event":{"mods":["2.2 Compatiblity","Aspiration","BaseMod","BetterRewards","Googly Eyes","Highlight Path","Hubris","Infinite Spire","Marisa????????","Mimic Mod","Minty Spire (QoL Compilation)","Rare Cards Sparkle","Replay The Spire","Shop Mod","StSLib","SuperFastMode","The Jungle","Unceasing Turn Reminder"],"gold_per_floor":[362,69,69,79,91,91,111,111,180,180,182,182,198,216,216,222,222],"floor_reached":16,"language":"ENG","playtime":529,"items_purged":["Defend_MRS"],"score":170,"play_id":"79bdca9e-f60f-48e3-b812-e4d6cc0dc3dc","local_time":"20210129095632","is_ascension_mode":true,"campfire_choices":[{"data":"Crystallizer","floor":6,"key":"SMITH"},{"data":"Replay:Sssssssssshield","floor":8,"key":"SMITH"},{"data":"Zap","floor":12,"key":"SMITH"},{"data":"Ball Lightning","floor":15,"key":"SMITH"}],"circlet_count":0,"master_deck":["AscendersBane","Strike_B","Strike_B","Strike_B","Defend_B","Defend_B","Defend_B","Zap+1","Dualcast","Compile Driver+1","Crystallizer+1","Replay:Sssssssssshield+1","Conserve Battery","Ball Lightning+1","Stack+1","hubris:Ukulele","Cold Snap"],"relics":["Cracked Core","infinitespire:Midas Blood"],"acts_visited":["Exordium"],"potions_floor_usage":[16],"damage_taken":[{"damage":4,"enemies":"Small Slimes","floor":1,"turns":3},{"damage":0,"enemies":"Cultist","floor":4,"turns":4},{"damage":1,"enemies":"Jaw Worm","floor":5,"turns":3},{"damage":6,"enemies":"Looter","floor":7,"turns":3},{"damage":0,"enemies":"Exordium Wildlife","floor":13,"turns":3},{"damage":6,"enemies":"Lots of Slimes","floor":14,"turns":3},{"damage":58,"enemies":"Fading Forest","floor":16,"turns":7}],"seed_played":"-956557070758257617","potions_obtained":[{"floor":13,"key":"SmokeBomb"},{"floor":14,"key":"FearPotion"}],"is_trial":false,"path_per_floor":["M","$","?","M","M","R","M","R","T","?","?","R","M","M","R","B"],"character_chosen":"DEFECT","items_purchased":["Compile Driver+1","Crystallizer","Replay:Sssssssssshield"],"campfire_rested":0,"item_purchase_floors":[2,2,2],"current_hp_per_floor":[60,60,60,60,59,59,53,53,53,53,46,46,46,40,40,0,0],"gold":222,"neow_bonus":"TWO_FIFTY_GOLD","is_daily":false,"chose_seed":false,"campfire_upgraded":4,"win_rate":0.0,"timestamp":1611914192,"path_taken":["M","$","?","?","M","R","M","R","T","?","?","R","M","M","R","BOSS"],"items_purchased_type":["Card","Card","Card"],"build_version":"2020-12-22","purchased_purges":1,"victory":false,"max_hp_per_floor":[71,71,71,71,71,71,71,71,71,71,71,71,71,71,71,71,71],"card_choices":[{"not_picked":["Leap","Hologram","Rebound"],"picked":"SKIP","floor":1},{"not_picked":["Hologram","Stack"],"picked":"Conserve Battery","floor":4},{"not_picked":["Redo","Capacitor"],"picked":"Ball Lightning","floor":5},{"not_picked":["Darkness","Chaos","Force Field"],"picked":"SKIP","floor":7},{"not_picked":["Glacier","Fusion"],"picked":"hubris:Ukulele","floor":13},{"not_picked":["Streamline","Steam"],"picked":"Cold Snap","floor":14}],"player_experience":302054,"relics_obtained":[{"floor":9,"key":"infinitespire:Midas Blood"}],"event_choices":[{"cards_removed":["Strike_R"],"damage_healed":0,"gold_gain":0,"player_choice":"Card Removal","damage_taken":0,"max_hp_gain":0,"max_hp_loss":0,"event_name":"Wheel of Change","floor":3,"gold_loss":0},{"cards_removed":["Strike_B"],"damage_healed":0,"gold_gain":0,"player_choice":"Card Removal","damage_taken":7,"max_hp_gain":0,"max_hp_loss":0,"event_name":"Golden Wing","floor":11,"gold_loss":0}],"is_beta":false,"boss_relics":[],"items_purged_floors":[2],"is_endless":false,"potions_floor_spawned":[13,14],"killed_by":"Fading Forest","ascension_level":17}}