{"host":"idf7jkg8jogr8thm","time":1611915665,"event":{"mods":["AchievementEnabler","BaseMod","Bestiary","Colored Map","Colored Powertips","Minty Spire (QoL Compilation)","StSLib"],"gold_per_floor":[118,118,135,147,147,176,193,193,193,25,37,37,37,55,55,160,160,171,96,96,96,112,112,122,122,122,134,134,134],"floor_reached":28,"language":"ENG","playtime":2786,"items_purged":[],"score":256,"play_id":"f4cf60db-d755-4d58-9878-c2cc2bf32e7d","local_time":"20210129052105","is_ascension_mode":true,"campfire_choices":[{"floor":8,"key":"RECALL"},{"floor":13,"key":"REST"},{"floor":15,"key":"REST"},{"floor":23,"key":"REST"},{"data":"White Noise","floor":25,"key":"SMITH"}],"circlet_count":0,"master_deck":["Strike_B+1","Strike_B+1","Strike_B+1","Defend_B+1","Defend_B+1","Defend_B+1","Defend_B+1","Zap+1","Dualcast","Barrage","Cold Snap","Gash","Scrape","White Noise","Gash","Beam Cell","Glacier","Glacier","Amplify","Fusion","Auto Shields","White Noise+1","Creative AI"],"relics":["Cracked Core","NlothsMask","Mango","DollysMirror","Nuclear Battery","Nilry\u0027s Codex"],"acts_visited":["Exordium","TheCity"],"potions_floor_usage":[14,24,28],"damage_taken":[{"damage":0,"enemies":"2 Louse","floor":1,"turns":3},{"damage":1,"enemies":"Cultist","floor":3,"turns":4},{"damage":0,"enemies":"Small Slimes","floor":4,"turns":3},{"damage":20,"enemies":"3 Sentries","floor":6,"turns":12},{"damage":7,"enemies":"2 Fungi Beasts","floor":7,"turns":3},{"damage":3,"enemies":"Looter","floor":11,"turns":3},{"damage":5,"enemies":"Large Slime","floor":14,"turns":6},{"damage":58,"enemies":"The Guardian","floor":16,"turns":11},{"damage":13,"enemies":"3 Byrds","floor":18,"turns":7},{"damage":6,"enemies":"Chosen","floor":22,"turns":7},{"damage":7,"enemies":"Centurion and Healer","floor":24,"turns":12},{"damage":26,"enemies":"Snecko","floor":27,"turns":8},{"damage":1,"enemies":"Colosseum Slavers","floor":28,"turns":2},{"damage":60,"enemies":"Colosseum Nobs","floor":28,"turns":4}],"seed_played":"-6115231405845136265","potions_obtained":[{"floor":4,"key":"DuplicationPotion"},{"floor":7,"key":"Weak Potion"},{"floor":11,"key":"Energy Potion"},{"floor":14,"key":"Fruit Juice"},{"floor":24,"key":"BlessingOfTheForge"}],"is_trial":false,"path_per_floor":["M","?","M","M","?","E","M","R","T","$","M","$","R","M","R","B",null,"M","?","?","?","M","R","M","R","T","M","?"],"character_chosen":"DEFECT","items_purchased":["DollysMirror","Beam Cell"],"campfire_rested":3,"item_purchase_floors":[10,10],"current_hp_per_floor":[75,60,59,59,59,53,46,46,46,46,43,43,69,69,94,36,94,81,81,65,65,59,87,80,80,80,54,0,0],"gold":134,"neow_bonus":"UPGRADE_CARD","is_daily":false,"chose_seed":false,"campfire_upgraded":1,"win_rate":0.0,"timestamp":1611915665,"path_taken":["M","?","M","M","?","E","M","R","T","$","?","?","R","M","R","BOSS","M","?","?","?","M","R","M","R","T","M","?"],"items_purchased_type":["Relic","Card"],"build_version":"2020-12-22","purchased_purges":0,"victory":false,"max_hp_per_floor":[75,75,75,75,75,89,89,89,89,89,89,89,89,94,94,94,94,94,94,94,94,94,94,94,94,94,94,94,94],"card_choices":[{"not_picked":["Streamline","Aggregate"],"picked":"Barrage","floor":1},{"not_picked":["Scrape","Streamline"],"picked":"Cold Snap","floor":3},{"not_picked":["Compile Driver","Steam"],"picked":"Gash","floor":4},{"not_picked":["Rebound","Force Field"],"picked":"Scrape","floor":6},{"not_picked":["Aggregate","Go for the Eyes"],"picked":"White Noise","floor":7},{"not_picked":["Leap","Conserve Battery"],"picked":"Glacier","floor":11},{"not_picked":["Rebound","Turbo"],"picked":"Glacier","floor":14},{"not_picked":["Biased Cognition","Rainbow"],"picked":"Amplify","floor":16},{"not_picked":["Stack+1","Cold Snap"],"picked":"Fusion","floor":18},{"not_picked":["Hologram","Leap"],"picked":"Auto Shields","floor":22},{"not_picked":["Lockon","Conserve Battery"],"picked":"White Noise","floor":24},{"not_picked":["Coolheaded","Beam Cell"],"picked":"Creative AI","floor":27}],"player_experience":74416,"relics_obtained":[{"floor":6,"key":"Mango"},{"floor":20,"key":"Nilry\u0027s Codex"}],"event_choices":[{"damage_healed":0,"gold_gain":0,"player_choice":"Entered Light","damage_taken":15,"max_hp_gain":0,"max_hp_loss":0,"event_name":"Shining Light","floor":2,"gold_loss":0,"cards_upgraded":["Defend_B","Defend_B"]},{"damage_healed":0,"gold_gain":0,"player_choice":"Trade","damage_taken":0,"relics_obtained":["NlothsMask"],"max_hp_gain":0,"max_hp_loss":0,"event_name":"FaceTrader","floor":5,"gold_loss":0},{"cards_removed":["Strike_B"],"damage_healed":0,"gold_gain":0,"player_choice":"Gave Gold","damage_taken":0,"max_hp_gain":0,"max_hp_loss":0,"event_name":"Beggar","floor":19,"gold_loss":75},{"damage_healed":0,"gold_gain":0,"player_choice":"Obtained Book","damage_taken":16,"max_hp_gain":0,"max_hp_loss":0,"event_name":"Cursed Tome","floor":20,"gold_loss":0},{"damage_healed":0,"gold_gain":0,"player_choice":"Simplicity","damage_taken":0,"max_hp_gain":0,"max_hp_loss":0,"event_name":"Back to Basics","floor":21,"gold_loss":0,"cards_upgraded":["Strike_B","Strike_B","Strike_B","Defend_B","Defend_B"]},{"damage_healed":0,"gold_gain":0,"player_choice":"Fight","damage_taken":0,"max_hp_gain":0,"max_hp_loss":0,"event_name":"Colosseum","floor":28,"gold_loss":0},{"damage_healed":0,"gold_gain":0,"player_choice":"Fought Nobs","damage_taken":0,"max_hp_gain":0,"max_hp_loss":0,"event_name":"Colosseum","floor":28,"gold_loss":0}],"is_beta":false,"boss_relics":[{"not_picked":["Busted Crown","Snecko Eye"],"picked":"Nuclear Battery"}],"items_purged_floors":[],"is_endless":false,"potions_floor_spawned":[4,7,11,14,24,28],"killed_by":"Colosseum Nobs","ascension_level":1}}