{"host":"0tiuc76yumknr6qf","time":1611961844,"event":{"mods":["Aspiration","BaseMod","Bestiary","Colored Map","DeckTracker","Highlight Path","Minty Spire (QoL Compilation)","StSLib"],"gold_per_floor":[115,135,135,135,149,149,178,190,190,219,41,94,128,78,78,224,224,265,331,331,331,346,422,422,482,482,482,482,577,602,695,695,820,820,856,856,928,928,696,739,821,821,821,845,845,394,394,457,457,457,457,457,7,33,33],"floor_reached":56,"language":"ENG","playtime":3742,"items_purged":["Strike_P","Strike_P","Meditate"],"score":1740,"play_id":"a578a29f-b514-4a94-8f40-86a8f9a5d9c8","local_time":"20210129171044","is_ascension_mode":true,"campfire_choices":[{"data":"Eruption","floor":6,"key":"SMITH"},{"data":"HandOfGreed","floor":15,"key":"SMITH"},{"floor":24,"key":"REST"},{"data":"MentalFortress","floor":28,"key":"SMITH"},{"data":"MentalFortress","floor":32,"key":"SMITH"},{"floor":42,"key":"DIG"},{"floor":45,"key":"RECALL"},{"floor":47,"key":"DIG"},{"floor":49,"key":"DIG"},{"floor":52,"key":"DIG"}],"circlet_count":0,"master_deck":["Strike_P+1","Defend_P","Defend_P","Defend_P","Defend_P","Eruption+1","Vigilance","FollowUp","EmptyFist+1","Wallop","LikeWater","MentalFortress+1","HandOfGreed+1","EmptyBody","Wish","CrushJoints","WaveOfTheHand","Tantrum+1","Tantrum","Vengeance+1","FearNoEvil+1","MentalFortress+1","DeusExMachina","ThirdEye","FearNoEvil+1","Panacea","Perseverance","FearNoEvil+1","Perseverance+1","ClearTheMind+1","Wireheading","Evaluate+1"],"relics":["PureWater","aspiration:ChemicalBlood","Pocketwatch","Gambling Chip","aspiration:Lifesprig","aspiration:FutureDiary","aspiration:RitualStick","aspiration:HummingbirdHeart","InkBottle","Happy Flower","Pantograph","Molten Egg 2","Busted Crown","Shovel","Medical Kit","Ancient Tea Set","Blue Candle","Toy Ornithopter","Membership Card","aspiration:StickyExplosives_weak","Centennial Puzzle","Toxic Egg 2","aspiration:HiddenCompartment","Ornamental Fan","Nunchaku","Toolbox","aspiration:HatOfInfinitePower","Bronze Scales"],"acts_visited":["Exordium","TheCity","TheBeyond","TheEnding"],"potions_floor_usage":[19,25,31,33,33,35,37,37,41,50,50,50,54,55,55,55],"damage_taken":[{"damage":5,"enemies":"Small Slimes","floor":1,"turns":3},{"damage":0,"enemies":"2 Louse","floor":2,"turns":2},{"damage":0,"enemies":"Cultist","floor":5,"turns":2},{"damage":17,"enemies":"Lagavulin","floor":7,"turns":6},{"damage":3,"enemies":"Blue Slaver","floor":8,"turns":4},{"damage":0,"enemies":"Gremlin Nob","floor":10,"turns":2},{"damage":2,"enemies":"Exordium Thugs","floor":12,"turns":6},{"damage":0,"enemies":"Looter","floor":13,"turns":2},{"damage":0,"enemies":"Slime Boss","floor":16,"turns":5},{"damage":7,"enemies":"2 Thieves","floor":18,"turns":4},{"damage":11,"enemies":"Spheric Guardian","floor":19,"turns":5},{"damage":0,"enemies":"Snecko","floor":22,"turns":2},{"damage":6,"enemies":"Gremlin Leader","floor":23,"turns":7},{"damage":8,"enemies":"Book of Stabbing","floor":25,"turns":7},{"damage":0,"enemies":"Centurion and Healer","floor":29,"turns":5},{"damage":2,"enemies":"Gremlin Leader","floor":30,"turns":4},{"damage":17,"enemies":"Chosen and Byrds","floor":31,"turns":6},{"damage":43,"enemies":"Champ","floor":33,"turns":10},{"damage":20,"enemies":"3 Darklings","floor":35,"turns":5},{"damage":8,"enemies":"2 Orb Walkers","floor":37,"turns":4},{"damage":3,"enemies":"Orb Walker","floor":40,"turns":4},{"damage":16,"enemies":"Giant Head","floor":41,"turns":7},{"damage":0,"enemies":"Sphere and 2 Shapes","floor":48,"turns":7},{"damage":52,"enemies":"Awakened One","floor":50,"turns":9},{"damage":21,"enemies":"Shield and Spear","floor":54,"turns":5},{"damage":42,"enemies":"The Heart","floor":55,"turns":7}],"seed_played":"-8462261711375131265","potions_obtained":[{"floor":2,"key":"Dexterity Potion"},{"floor":7,"key":"PowerPotion"},{"floor":19,"key":"SpeedPotion"},{"floor":19,"key":"BottledMiracle"},{"floor":29,"key":"Block Potion"},{"floor":33,"key":"LiquidBronze"},{"floor":33,"key":"Weak Potion"},{"floor":35,"key":"Swift Potion"},{"floor":37,"key":"Fire Potion"},{"floor":48,"key":"AttackPotion"},{"floor":50,"key":"SpeedPotion"},{"floor":50,"key":"DistilledChaos"},{"floor":54,"key":"AttackPotion"}],"is_trial":false,"path_per_floor":["M","M","?","?","M","R","E","M","T","E","$","M","M","?","R","B",null,"M","M","?","?","M","E","R","E","T","?","R","M","E","M","R","B",null,"M","?","?","?","$","M","E","R","T","T","R","$","R","M","R","B",null,"R","$","E","B",null],"character_chosen":"WATCHER","items_purchased":["HandOfGreed","Medical Kit","Membership Card","aspiration:StickyExplosives_weak","Centennial Puzzle","FearNoEvil+1","ClearTheMind+1","Wireheading","Nunchaku","Toolbox","Strength Potion","aspiration:HatOfInfinitePower"],"campfire_rested":1,"item_purchase_floors":[11,39,46,46,46,46,53,53,53,53,53,53],"current_hp_per_floor":[60,60,65,50,50,50,33,30,30,30,30,28,28,28,28,28,65,58,47,32,32,32,26,49,41,41,87,87,87,85,68,68,44,76,61,61,53,53,53,50,34,34,34,34,34,34,34,34,34,22,71,71,71,55,53],"gold":33,"neow_bonus":"RANDOM_COMMON_RELIC","is_daily":false,"chose_seed":false,"campfire_upgraded":4,"win_rate":0.0,"timestamp":1611961844,"path_taken":["M","M","?","?","M","R","E","M","T","E","$","M","M","?","R","BOSS","M","M","?","?","?","E","R","E","T","?","R","M","E","M","R","BOSS","M","?","?","?","$","M","E","R","T","?","R","$","R","M","R","BOSS","R","$","E","BOSS"],"items_purchased_type":["Card","Relic","Relic","Relic","Relic","Card","Card","Card","Relic","Relic","Potion","Relic"],"build_version":"2020-12-22","purchased_purges":3,"victory":true,"max_hp_per_floor":[72,72,77,77,77,77,77,77,77,77,77,77,77,77,77,77,77,77,77,77,77,77,77,77,77,77,87,87,87,87,87,87,87,87,87,87,87,87,87,87,87,87,87,87,87,87,87,87,87,87,87,87,87,87,87],"card_choices":[{"not_picked":["Prostrate","SashWhip"],"picked":"FollowUp","floor":1},{"not_picked":["PathToVictory","Prostrate"],"picked":"EmptyFist","floor":2},{"not_picked":["Fasting2","FollowUp"],"picked":"MasterReality","floor":5},{"not_picked":["FollowUp","Evaluate"],"picked":"Wallop","floor":7},{"not_picked":["Evaluate","ClearTheMind"],"picked":"LikeWater","floor":8},{"not_picked":["CrushJoints","ClearTheMind"],"picked":"MentalFortress","floor":10},{"not_picked":["Evaluate","Consecrate"],"picked":"ClearTheMind","floor":12},{"not_picked":["Consecrate","CrushJoints"],"picked":"EmptyBody","floor":13},{"not_picked":["Scrawl","ConjureBlade"],"picked":"Wish","floor":16},{"not_picked":["SandsOfTime+1","Pray"],"picked":"CrushJoints","floor":18},{"not_picked":["Pray+1","CutThroughFate"],"picked":"WaveOfTheHand","floor":19},{"not_picked":["ClearTheMind","Fasting2"],"picked":"Tantrum+1","floor":22},{"not_picked":["FlyingSleeves","PathToVictory"],"picked":"Tantrum","floor":23},{"not_picked":["Prostrate+1","ForeignInfluence+1"],"picked":"Vengeance+1","floor":25},{"not_picked":["Vengeance","LessonLearned"],"picked":"Meditate","floor":29},{"not_picked":["Tantrum+1","WindmillStrike+1"],"picked":"FearNoEvil+1","floor":30},{"not_picked":["Prostrate","Protect"],"picked":"MentalFortress","floor":31},{"not_picked":["Wish","Devotion"],"picked":"DeusExMachina","floor":33},{"not_picked":[],"picked":"ThirdEye","floor":35},{"not_picked":[],"picked":"FearNoEvil+1","floor":37},{"not_picked":[],"picked":"Panacea","floor":38},{"not_picked":["Sanctity"],"picked":"SKIP","floor":40},{"not_picked":[],"picked":"Perseverance","floor":41},{"not_picked":[],"picked":"Perseverance+1","floor":48},{"not_picked":[],"picked":"Evaluate+1","floor":54}],"player_experience":1904410,"relics_obtained":[{"floor":7,"key":"Pocketwatch"},{"floor":9,"key":"Gambling Chip"},{"floor":10,"key":"aspiration:Lifesprig"},{"floor":23,"key":"InkBottle"},{"floor":25,"key":"Happy Flower"},{"floor":26,"key":"Pantograph"},{"floor":30,"key":"Molten Egg 2"},{"floor":37,"key":"Shovel"},{"floor":41,"key":"Ancient Tea Set"},{"floor":42,"key":"Blue Candle"},{"floor":44,"key":"Toy Ornithopter"},{"floor":47,"key":"Toxic Egg 2"},{"floor":49,"key":"aspiration:HiddenCompartment"},{"floor":52,"key":"Ornamental Fan"},{"floor":54,"key":"Bronze Scales"}],"event_choices":[{"damage_healed":0,"gold_gain":0,"player_choice":"Donut","damage_taken":0,"max_hp_gain":5,"max_hp_loss":0,"event_name":"Big Fish","floor":3,"gold_loss":0},{"damage_healed":0,"gold_gain":0,"player_choice":"Entered Light","damage_taken":15,"max_hp_gain":0,"max_hp_loss":0,"event_name":"Shining Light","floor":4,"gold_loss":0,"cards_upgraded":["EmptyFist","Strike_P"]},{"cards_removed":["Strike_P"],"damage_healed":0,"gold_gain":0,"player_choice":"Card Removal","damage_taken":0,"max_hp_gain":0,"max_hp_loss":0,"event_name":"The Cleric","floor":14,"gold_loss":50},{"damage_healed":0,"gold_gain":0,"player_choice":"Gave Potion","damage_taken":0,"relics_obtained":["aspiration:HummingbirdHeart"],"max_hp_gain":0,"max_hp_loss":0,"event_name":"WeMeetAgain","floor":21,"gold_loss":0},{"cards_removed":["MasterReality"],"damage_healed":36,"gold_gain":0,"player_choice":"Offered Rare","damage_taken":0,"max_hp_gain":10,"max_hp_loss":0,"event_name":"Bonfire Elementals","floor":27,"gold_loss":0},{"cards_removed":["ClearTheMind"],"damage_healed":0,"gold_gain":0,"player_choice":"Removed Skill","damage_taken":0,"max_hp_gain":0,"max_hp_loss":0,"event_name":"Falling","floor":36,"gold_loss":0},{"damage_healed":0,"gold_gain":0,"player_choice":"Fight","damage_taken":0,"max_hp_gain":0,"max_hp_loss":0,"event_name":"Mysterious Sphere","floor":37,"gold_loss":0},{"damage_healed":0,"gold_gain":0,"player_choice":"Memory 1","damage_taken":0,"max_hp_gain":0,"max_hp_loss":0,"event_name":"SensoryStone","floor":38,"gold_loss":0}],"is_beta":false,"boss_relics":[{"not_picked":["aspiration:SecretTechniqueScroll","aspiration:SilentSkillbook"],"picked":"aspiration:FutureDiary"},{"not_picked":["Sozu","Calling Bell"],"picked":"Busted Crown"}],"items_purged_floors":[39,46,53],"is_endless":false,"potions_floor_spawned":[2,7,10,19,23,29,35,37,48],"ascension_level":8}}