{"host":"fuszjwm6fqgjjp4d","time":1611880704,"event":{"mods":["BaseMod","Bestiary","Colored Map","DeckTracker","Minty Spire (QoL Compilation)","Permanent Neow","Relic Sorter","Relic Stats","StSLib"],"gold_per_floor":[364,364,2,21,171,171,206,206,206,234,234,260,286,308,308,390,390,404,413,413,413,27,27,39,73,73,73,85,85,99,117,117,205,205,226,226,35,55,400,400,435,26,50,81,90,90,119,154,154,154,154],"floor_reached":50,"language":"ENG","playtime":1601,"items_purged":["Strike_P","Doubt"],"score":1217,"play_id":"f7c1b61a-2296-4ffb-94e9-e44670c34e30","local_time":"20210128183824","is_ascension_mode":true,"campfire_choices":[{"data":"Brilliance","floor":6.0,"key":"SMITH"},{"data":"Blasphemy","floor":8.0,"key":"SMITH"},{"floor":11.0,"key":"REST"},{"data":"Wallop","floor":15.0,"key":"SMITH"},{"floor":23.0,"key":"REST"},{"floor":27.0,"key":"REST"},{"floor":29.0,"key":"REST"},{"floor":32.0,"key":"REST"},{"floor":40.0,"key":"REST"},{"floor":46,"key":"REST"},{"floor":49,"key":"REST"}],"circlet_count":0,"master_deck":["AscendersBane","Strike_P","Strike_P+1","Defend_P+1","Defend_P","Defend_P","Eruption+1","Vigilance","Protect+1","Brilliance+1","Halt","Blasphemy+1","EmptyBody","ForeignInfluence","Wallop+1","CutThroughFate","LessonLearned","WheelKick","BattleHymn","ThirdEye","Adaptation+1","Establishment+1","CutThroughFate","BattleHymn+1","BattleHymn+1","Fasting2","CutThroughFate"],"relics":["PureWater","Membership Card","Juzu Bracelet","CeramicFish","The Courier","Fusion Hammer","Anchor","Ginger","OrangePellets","Nunchaku","Toy Ornithopter","Ice Cream","VioletLotus","Damaru","ClockworkSouvenir","Lantern","Old Coin","Darkstone Periapt","DollysMirror","Vajra","Oddly Smooth Stone","Letter Opener","Turnip","PreservedInsect","Blue Candle","Boot"],"acts_visited":["Exordium","TheCity","TheBeyond"],"potions_floor_usage":[44,50],"damage_taken":[{"damage":4.0,"enemies":"Jaw Worm","floor":1.0,"turns":4.0},{"damage":0.0,"enemies":"Small Slimes","floor":4.0,"turns":2.0},{"damage":23.0,"enemies":"3 Sentries","floor":7.0,"turns":8.0},{"damage":0.0,"enemies":"2 Louse","floor":10.0,"turns":4.0},{"damage":0.0,"enemies":"Looter","floor":12.0,"turns":2.0},{"damage":0.0,"enemies":"Blue Slaver","floor":13.0,"turns":2.0},{"damage":2.0,"enemies":"Exordium Thugs","floor":14.0,"turns":5.0},{"damage":30.0,"enemies":"The Guardian","floor":16.0,"turns":15.0},{"damage":10.0,"enemies":"Shell Parasite","floor":18.0,"turns":4.0},{"damage":14.0,"enemies":"2 Thieves","floor":24.0,"turns":3.0},{"damage":41.0,"enemies":"Gremlin Leader","floor":25.0,"turns":4.0},{"damage":0.0,"enemies":"Shelled Parasite and Fungi","floor":28.0,"turns":2.0},{"damage":14.0,"enemies":"Sentry and Sphere","floor":30.0,"turns":4.0},{"damage":19.0,"enemies":"Champ","floor":33.0,"turns":11.0},{"damage":4.0,"enemies":"3 Shapes","floor":35.0,"turns":2.0},{"damage":2.0,"enemies":"Orb Walker","floor":38.0,"turns":4.0},{"damage":46.0,"enemies":"2 Orb Walkers","floor":39.0,"turns":4.0},{"damage":11,"enemies":"Nemesis","floor":41,"turns":3},{"damage":12,"enemies":"Giant Head","floor":44,"turns":5},{"damage":11,"enemies":"4 Shapes","floor":47,"turns":4},{"damage":8,"enemies":"Reptomancer","floor":48,"turns":2},{"damage":48,"enemies":"Awakened One","floor":50,"turns":3}],"seed_played":"-7492717037202332604","potions_obtained":[{"floor":10.0,"key":"ColorlessPotion"},{"floor":13.0,"key":"LiquidBronze"},{"floor":14.0,"key":"SteroidPotion"},{"floor":30.0,"key":"FearPotion"},{"floor":33.0,"key":"PowerPotion"},{"floor":35.0,"key":"SpeedPotion"},{"floor":38.0,"key":"Ancient Potion"},{"floor":41,"key":"BlessingOfTheForge"}],"is_trial":false,"path_per_floor":["M","?","$","M","?","R","E","R","T","M","R","M","M","M","R","B",null,"M","?","?","?","$","R","M","E","T","R","M","R","M","?","R","B",null,"M","?","$","M","?","R","E","$","T","E","?","R","M","E","R","B"],"character_chosen":"WATCHER","items_purchased":["Membership Card","Brilliance","Juzu Bracelet","Anchor","Ginger","OrangePellets","BattleHymn","Nunchaku","Damaru","ClockworkSouvenir","Lantern","DollysMirror","Vajra","Oddly Smooth Stone","Letter Opener","Turnip"],"campfire_rested":8,"item_purchase_floors":[3,3,3,22,22,22,22,22,37,37,37,42,42,42,42,42],"current_hp_per_floor":[39,39,39,39,39,39,16,16,16,16,36,36,36,34,34,4,52,42,42,42,42,42,62,48,7,7,27,27,47,33,33,53,34,60,61,61,61,59,18,38,27,27,27,20,20,40,29,21,41,0,0],"gold":154,"neow_bonus":"TWO_FIFTY_GOLD","is_daily":false,"chose_seed":false,"campfire_upgraded":3,"win_rate":0.0,"timestamp":1611880704,"path_taken":["M","?","$","M","?","R","E","R","T","M","R","M","M","M","R","BOSS","M","?","?","?","?","R","M","E","T","R","M","R","M","?","R","BOSS","M","?","?","M","?","R","E","$","T","E","?","R","M","E","R","BOSS"],"items_purchased_type":["Relic","Card","Relic","Relic","Relic","Relic","Card","Relic","Relic","Relic","Relic","Relic","Relic","Relic","Relic","Relic"],"build_version":"2020-12-22","purchased_purges":2,"victory":false,"max_hp_per_floor":[68,68,68,68,68,68,68,68,68,68,68,68,68,68,68,68,68,68,68,68,68,68,68,68,68,68,68,68,68,68,68,68,68,68,68,68,68,68,68,68,68,68,68,68,68,68,68,68,68,68,68],"relic_stats":{"Darkstone Periapt":0,"counters":[22,97],"CeramicFish":144,"Blue Candle":[0],"PreservedInsect":192,"Juzu Bracelet":1,"Ginger":[5],"Letter Opener":[51],"Boot":[0],"OrangePellets":[1],"Nunchaku":[11],"VioletLotus":[5],"Turnip":[0],"obtain_stats":[{"Ice Cream":26,"Darkstone Periapt":41,"Lantern":37,"CeramicFish":7,"Vajra":42,"Juzu Bracelet":3,"Ginger":22,"Boot":48,"ClockworkSouvenir":37,"Old Coin":39,"Nunchaku":22,"DollysMirror":42,"Fusion Hammer":17,"VioletLotus":34,"Blue Candle":44,"Damaru":37,"Oddly Smooth Stone":42,"The Courier":9,"PreservedInsect":43,"Letter Opener":42,"OrangePellets":22,"Anchor":22,"Turnip":42,"Membership Card":3,"PureWater":0,"Toy Ornithopter":25},{"Ice Cream":11,"Darkstone Periapt":18,"Lantern":15,"CeramicFish":3,"Vajra":18,"Juzu Bracelet":1,"Ginger":9,"Boot":21,"ClockworkSouvenir":15,"Old Coin":17,"Nunchaku":9,"DollysMirror":18,"Fusion Hammer":8,"VioletLotus":14,"Blue Candle":19,"Damaru":15,"Oddly Smooth Stone":18,"The Courier":3,"PreservedInsect":18,"Letter Opener":18,"OrangePellets":9,"Anchor":9,"Turnip":18,"Membership Card":1,"PureWater":0,"Toy Ornithopter":11},{"Ice Cream":53,"Darkstone Periapt":83,"Lantern":72,"CeramicFish":14,"Vajra":83,"Juzu Bracelet":4,"Ginger":46,"Boot":94,"ClockworkSouvenir":72,"Old Coin":80,"Nunchaku":46,"DollysMirror":83,"Fusion Hammer":42,"VioletLotus":70,"Blue Candle":88,"Damaru":72,"Oddly Smooth Stone":83,"The Courier":14,"PreservedInsect":83,"Letter Opener":83,"OrangePellets":46,"Anchor":46,"Turnip":83,"Membership Card":4,"PureWater":0,"Toy Ornithopter":53}],"Toy Ornithopter":20},"card_choices":[{"not_picked":["ThirdEye","CrushJoints"],"picked":"Protect","floor":1.0},{"not_picked":["CutThroughFate","EmptyFist"],"picked":"Halt","floor":4.0},{"not_picked":["FlyingSleeves","BowlingBash"],"picked":"Blasphemy","floor":7.0},{"not_picked":["Protect","ThirdEye"],"picked":"EmptyBody","floor":10.0},{"not_picked":["FollowUp","EmptyFist"],"picked":"ForeignInfluence","floor":12.0},{"not_picked":["PathToVictory","JustLucky"],"picked":"Wallop","floor":13.0},{"not_picked":["Indignation","EmptyBody"],"picked":"CutThroughFate","floor":14.0},{"not_picked":["DevaForm","Alpha"],"picked":"LessonLearned","floor":16.0},{"not_picked":["SashWhip","ClearTheMind","Nirvana"],"picked":"SKIP","floor":18.0},{"not_picked":["Halt","ThirdEye","Collect"],"picked":"SKIP","floor":24.0},{"not_picked":["Prostrate","WindmillStrike","Perseverance"],"picked":"SKIP","floor":25.0},{"not_picked":["Nirvana","Evaluate","Meditate"],"picked":"SKIP","floor":28.0},{"not_picked":["Evaluate+1","Protect","SashWhip"],"picked":"SKIP","floor":30.0},{"not_picked":["Judgement","Scrawl"],"picked":"Establishment","floor":33.0},{"not_picked":["JustLucky+1","Consecrate+1"],"picked":"CutThroughFate","floor":35.0},{"not_picked":["Meditate","Collect","Consecrate"],"picked":"SKIP","floor":38.0},{"not_picked":["ClearTheMind","BowlingBash","MentalFortress"],"picked":"SKIP","floor":41},{"not_picked":["FollowUp","ForeignInfluence","Omniscience"],"picked":"SKIP","floor":44},{"not_picked":["FlyingSleeves","CarveReality"],"picked":"Fasting2","floor":47},{"not_picked":["Brilliance","ClearTheMind"],"picked":"CutThroughFate","floor":48}],"player_experience":1400908,"relics_obtained":[{"floor":7.0,"key":"CeramicFish"},{"floor":9.0,"key":"The Courier"},{"floor":25.0,"key":"Toy Ornithopter"},{"floor":26.0,"key":"Ice Cream"},{"floor":39.0,"key":"Old Coin"},{"floor":41,"key":"Darkstone Periapt"},{"floor":43,"key":"PreservedInsect"},{"floor":44,"key":"Blue Candle"},{"floor":48,"key":"Boot"}],"event_choices":[{"damage_healed":0.0,"max_hp_gain":0.0,"max_hp_loss":0.0,"gold_gain":0.0,"event_name":"Living Wall","player_choice":"Grow","floor":2.0,"gold_loss":0.0,"damage_taken":0.0,"cards_upgraded":["Eruption"]},{"damage_healed":0.0,"max_hp_gain":0.0,"max_hp_loss":0.0,"gold_gain":150.0,"event_name":"Liars Game","player_choice":"AGREE","floor":5.0,"gold_loss":0.0,"damage_taken":0.0,"cards_obtained":["Doubt"]},{"damage_healed":0.0,"max_hp_gain":0.0,"max_hp_loss":0.0,"gold_gain":0.0,"event_name":"The Library","player_choice":"Read","floor":19.0,"gold_loss":0.0,"damage_taken":0.0,"cards_obtained":["WheelKick"]},{"damage_healed":0.0,"max_hp_gain":0.0,"max_hp_loss":0.0,"gold_gain":0.0,"event_name":"The Mausoleum","player_choice":"Ignored","floor":20.0,"gold_loss":0.0,"damage_taken":0.0},{"damage_healed":0.0,"max_hp_gain":0.0,"max_hp_loss":0.0,"gold_gain":0.0,"event_name":"Cursed Tome","player_choice":"Ignored","floor":21.0,"gold_loss":0.0,"damage_taken":0.0},{"damage_healed":0.0,"max_hp_gain":0.0,"max_hp_loss":0.0,"gold_gain":0.0,"cards_transformed":["Strike_P","Defend_P"],"event_name":"Drug Dealer","player_choice":"Became Test Subject","floor":31.0,"gold_loss":0.0,"damage_taken":0.0,"cards_obtained":["ThirdEye","Adaptation"]},{"damage_healed":0.0,"max_hp_gain":0.0,"max_hp_loss":0.0,"gold_gain":0.0,"event_name":"Upgrade Shrine","player_choice":"Upgraded","floor":36.0,"gold_loss":0.0,"damage_taken":0.0,"cards_upgraded":["Establishment"]},{"damage_healed":0.0,"max_hp_gain":0.0,"max_hp_loss":0.0,"gold_gain":0.0,"event_name":"Mysterious Sphere","player_choice":"Fight","floor":39.0,"gold_loss":0.0,"damage_taken":0.0},{"damage_healed":0,"gold_gain":0,"player_choice":"Copied","damage_taken":0,"max_hp_gain":0,"max_hp_loss":0,"event_name":"Duplicator","floor":45,"gold_loss":0,"cards_obtained":["BattleHymn"]}],"is_beta":false,"boss_relics":[{"not_picked":["Coffee Dripper","Cursed Key"],"picked":"Fusion Hammer"},{"not_picked":["Snecko Eye","Pandora\u0027s Box"],"picked":"VioletLotus"}],"items_purged_floors":[3,22],"is_endless":false,"potions_floor_spawned":[10,13,14,30,33,35,38,41],"killed_by":"Awakened One","ascension_level":20}}