{"host":"121m0oxswv9tg9hk","time":1611918723,"event":{"mods":["AchievementEnabler","BaseMod","Better Third Choice","Downfall","Minty Spire (QoL Compilation)","StSLib"],"gold_per_floor":[99,99,99,18,18,51,129,29,41,26,26,42,42,58,69,174,174,74,92,192,192,212,231,231,242,252,282,182,196,196,106,126,126,126,126],"floor_reached":33,"language":"ENG","playtime":2692,"items_purged":["Guardian:Strike_Guardian"],"score":423,"play_id":"3724fb4a-2fa6-420a-add4-47c8e0f8328f","local_time":"20210129121203","is_ascension_mode":true,"campfire_choices":[{"data":"Guardian:TwinSlam","floor":1,"key":"SMITH"},{"floor":11,"key":"RECALL"},{"floor":13,"key":"REST"},{"data":"Guardian:CompilePackage","floor":18,"key":"SMITH"},{"floor":28,"key":"REST"},{"data":"Guardian:Suspension","floor":30,"key":"SMITH"}],"circlet_count":0,"master_deck":["Guardian:Strike_Guardian","Guardian:Strike_Guardian","Guardian:Defend_Guardian","Guardian:Defend_Guardian","Guardian:Defend_Guardian","Guardian:Defend_Guardian","Guardian:CurlUp","Guardian:TwinSlam+1","Guardian:RefractedBeam","Guardian:FloatingOrbs","Guardian:FloatingOrbs","Guardian:Gem_White","Guardian:WalkerClaw+1","Guardian:Suspension+1","Guardian:ShieldSpikes","Guardian:BodySlam+1","Guardian:CompilePackage+1","Guardian:Incinerate+1","Guardian:DonusPower+1","Guardian:Incinerate+1","Guardian:PrimingBeam+1","Guardian:Gem_Cyan"],"relics":["Guardian:ModeShifter","downfall:HeartsMalice","Guardian:PickAxe","Molten Egg 2","downfall:HeartBlessingGreen","SlaversCollar","downfall:HeartBlessingRed","Frozen Egg 2","WingedGreaves","downfall:HeartBlessingBlue"],"acts_visited":["Exordium","TheCity"],"potions_floor_usage":[14,16,16,19,26,29,33],"damage_taken":[{"damage":0,"enemies":"Small Slimes","floor":2,"turns":1},{"damage":0,"enemies":"downfall:FleeingMerchant","floor":4,"turns":1},{"damage":0,"enemies":"downfall:FleeingMerchant","floor":5,"turns":1},{"damage":28,"enemies":"Lagavulin","floor":6,"turns":8},{"damage":13,"enemies":"Jaw Worm","floor":9,"turns":3},{"damage":0,"enemies":"downfall:FleeingMerchant","floor":10,"turns":4},{"damage":0,"enemies":"2 Louse","floor":12,"turns":3},{"damage":8,"enemies":"Blue Slaver","floor":14,"turns":3},{"damage":16,"enemies":"Lots of Slimes","floor":15,"turns":4},{"damage":22,"enemies":"WA_ARCHETYPE_RETAIN","floor":16,"turns":10},{"damage":0,"enemies":"Chosen","floor":19,"turns":4},{"damage":13,"enemies":"Shell Parasite","floor":22,"turns":3},{"damage":0,"enemies":"Centurion and Healer","floor":23,"turns":5},{"damage":17,"enemies":"Snake Plant","floor":25,"turns":6},{"damage":6,"enemies":"Chosen and Byrds","floor":26,"turns":4},{"damage":0,"enemies":"Gremlin Leader","floor":27,"turns":5},{"damage":0,"enemies":"Centurion and Healer","floor":29,"turns":6},{"damage":0,"enemies":"downfall:FleeingMerchant","floor":31,"turns":4},{"damage":18,"enemies":"Snake Plant","floor":32,"turns":4},{"damage":45,"enemies":"SI_MIRROR_ARCHETYPE","floor":33,"turns":8}],"seed_played":"-7939377818657706990","potions_obtained":[{"floor":9,"key":"GamblersBrew"},{"floor":14,"key":"sneckomod:MuddlingPotion"},{"floor":15,"key":"SkillPotion"},{"floor":16,"key":"Swift Potion"},{"floor":23,"key":"Energy Potion"},{"floor":27,"key":"Swift Potion"},{"floor":32,"key":"hexamod:SoulburnPotion"}],"is_trial":false,"path_per_floor":["R","M","?","$","?","E","T","R","M","$","R","M","R","M","M","B",null,"R","M","?","?","M","M","T","M","M","E","R","M","R","$","M","B"],"character_chosen":"GUARDIAN","items_purchased":["Guardian:FloatingOrbs"],"campfire_rested":2,"item_purchase_floors":[4],"current_hp_per_floor":[72,72,72,72,72,44,44,44,31,31,31,31,55,47,31,9,62,62,62,62,62,49,49,49,32,26,26,63,63,63,63,45,0,0,0],"gold":126,"neow_bonus":"THREE_ENEMY_KILL","is_daily":false,"chose_seed":false,"campfire_upgraded":3,"win_rate":0.0,"timestamp":1611918723,"path_taken":["R","M","?","$","?","E","T","R","M","$","R","M","R","M","M","BOSS","R","M","?","?","M","M","T","M","M","E","R","M","R","$","M","BOSS"],"items_purchased_type":["Card"],"build_version":"2020-12-22","purchased_purges":1,"victory":false,"max_hp_per_floor":[80,80,80,80,80,80,80,80,80,80,80,80,80,80,80,80,80,80,80,80,80,80,80,80,80,80,80,90,90,90,90,90,90,90,90],"card_choices":[{"not_picked":["Guardian:Reroute","Guardian:ShieldCharger"],"picked":"Guardian:RefractedBeam","floor":2},{"not_picked":["Guardian:Reroute","Guardian:PrismaticBeam"],"picked":"Guardian:FloatingOrbs","floor":4},{"not_picked":["Guardian:Gem_Red","Guardian:TemporalStrike+1"],"picked":"Guardian:WalkerClaw+1","floor":6},{"not_picked":["Guardian:RollAttack+1","Guardian:Emergency"],"picked":"Guardian:Suspension","floor":9},{"not_picked":["Guardian:WalkerClaw+1","Guardian:VentSteam"],"picked":"Guardian:ShieldSpikes","floor":10},{"not_picked":["Guardian:Emergency","Guardian:RevengeProtocol","Guardian:TemporalStrike+1"],"picked":"SKIP","floor":12},{"not_picked":["Guardian:Emergency","Guardian:ChargeCore+1"],"picked":"Guardian:BodySlam+1","floor":14},{"not_picked":["Guardian:Recover","Guardian:TemporalStrike+1"],"picked":"Guardian:Gem_Cyan","floor":15},{"not_picked":["Guardian:Gem_Synthetic","Guardian:StasisField"],"picked":"Guardian:CompilePackage","floor":16},{"not_picked":["Guardian:Gem_Crimson","Guardian:Planning","Guardian:TemporalStrike+1"],"picked":"SKIP","floor":19},{"not_picked":["Guardian:ShieldCharger","Guardian:Gem_Lightblue"],"picked":"Guardian:Incinerate+1","floor":22},{"not_picked":["Guardian:Gem_Red","Guardian:Suspension+1"],"picked":"Guardian:DonusPower+1","floor":23},{"not_picked":["Guardian:TimeBomb","Guardian:GatlingBeam+1","Guardian:SpikerProtocol+1"],"picked":"SKIP","floor":25},{"not_picked":["Guardian:Gem_Fragmented","Guardian:MultiBeam+1"],"picked":"Guardian:Gem_Cyan","floor":26},{"not_picked":["Guardian:EvasiveProtocol+1","Guardian:Gem_Yellow"],"picked":"Guardian:Incinerate+1","floor":27},{"not_picked":["Guardian:MultiBeam+1","Guardian:Suspension","Guardian:Repulse+1"],"picked":"SKIP","floor":29},{"not_picked":["Guardian:Gem_Blue","Guardian:Gem_Green"],"picked":"Guardian:PrimingBeam+1","floor":31},{"not_picked":["Guardian:BodySlam+1","Guardian:Emergency"],"picked":"Guardian:Gem_Cyan","floor":32}],"player_experience":2579448,"relics_obtained":[{"floor":6,"key":"Molten Egg 2"},{"floor":24,"key":"Frozen Egg 2"},{"floor":27,"key":"WingedGreaves"}],"event_choices":[{"damage_healed":0,"gold_gain":0,"player_choice":"Ignored","damage_taken":0,"max_hp_gain":0,"max_hp_loss":0,"event_name":"Ghosts","floor":21,"gold_loss":0}],"is_beta":false,"boss_relics":[{"not_picked":["Black Star","Runic Dome"],"picked":"SlaversCollar"}],"items_purged_floors":[31],"is_endless":false,"potions_floor_spawned":[5,9,14,15,16,23,27,32],"killed_by":"SI_MIRROR_ARCHETYPE","ascension_level":9}}