{"host":"aas8f8jvicx6tcxp","time":1611892897,"event":{"mods":["BaseMod","Better Third Choice","BetterRewards","Clockwork Mod","Downfall","Minty Spire (QoL Compilation)","StSLib","The Cursed"],"gold_per_floor":[109,119,119,294,304,334,334,369,420,420,386,404,423,388,388,488,488,507,539,16,16,28,28,28,45,45,45,45,57,68,78,78,180,180,200,200,219,230,68,68,93,105,128,128,157,157,183,193,193,193],"floor_reached":51,"language":"ENG","playtime":7469,"items_purged":[],"score":789,"play_id":"4975ffe1-bdf0-4fe1-be9c-3e51e6e27fa6","local_time":"20210128220137","is_ascension_mode":true,"campfire_choices":[{"floor":7.0,"key":"REST"},{"data":"TheCursedMod:Grudge","floor":15.0,"key":"SMITH"},{"floor":23.0,"key":"REST"},{"floor":32.0,"key":"REST"},{"data":"TheCursedMod:HellfireBreathing","floor":40.0,"key":"SMITH"},{"data":"TheCursedMod:HellfireBreathing","floor":46.0,"key":"SMITH"},{"floor":49.0,"key":"REST"}],"circlet_count":0,"master_deck":["TheCursedMod:Strike_TheCursed","TheCursedMod:Strike_TheCursed","TheCursedMod:Strike_TheCursed","TheCursedMod:Strike_TheCursed","TheCursedMod:Defend_TheCursed","TheCursedMod:Defend_TheCursed","TheCursedMod:Defend_TheCursed","TheCursedMod:Defend_TheCursed","TheCursedMod:CursedWand","TheCursedMod:CleanUpWorkshop","TheCursedMod:Dregs","TheCursedMod:VoidForm+1","TheCursedMod:CursedMace","TheCursedMod:SoulReap","Doubt","TheCursedMod:Grudge+1","TheCursedMod:StingEye","TheCursedMod:RapidMovement","TheCursedMod:ForbiddenAlchemy","TheCursedMod:SpitefulPlan","TheCursedMod:HellfireBreathing+1","TheCursedMod:WearCloak+1","TheCursedMod:HellfireBreathing+1","TheCursedMod:VoidForm","TheCursedMod:SoulReap+1","Madness","Madness","TheCursedMod:CircleOfWindfury+1","Panache","TheCursedMod:WearCloak+1","Pain","TheCursedMod:BlessingInDisguise+1"],"relics":["TheCursedMod:BlackMagicAdvanced","Mummified Hand","Art of War","Bronze Scales","Red Mask","Lee\u0027s Waffle","Potion Belt","Oddly Smooth Stone","Sundial","Cursed Key","Regal Pillow","Happy Flower","TheCursedMod:Tack","Meat on the Bone"],"acts_visited":["Exordium","TheCity","TheBeyond"],"potions_floor_usage":[50,50,50,50,50,50,50,50,50,50,50,50,50,50],"damage_taken":[{"damage":3.0,"enemies":"Cultist","floor":1.0,"turns":4.0},{"damage":3.0,"enemies":"Small Slimes","floor":2.0,"turns":3.0},{"damage":2.0,"enemies":"2 Louse","floor":5.0,"turns":2.0},{"damage":20.0,"enemies":"Gremlin Nob","floor":6.0,"turns":4.0},{"damage":18.0,"enemies":"3 Sentries","floor":8.0,"turns":7.0},{"damage":16.0,"enemies":"Exordium Thugs","floor":11.0,"turns":5.0},{"damage":13.0,"enemies":"3 Louse","floor":12.0,"turns":4.0},{"damage":0.0,"enemies":"2 Fungi Beasts","floor":13.0,"turns":4.0},{"damage":31.0,"enemies":"Slime Boss","floor":16.0,"turns":10.0},{"damage":12.0,"enemies":"Chosen","floor":18.0,"turns":6.0},{"damage":42.0,"enemies":"Masked Bandits","floor":19.0,"turns":4.0},{"damage":18.0,"enemies":"Spheric Guardian","floor":22.0,"turns":4.0},{"damage":0.0,"enemies":"Centurion and Healer","floor":25.0,"turns":5.0},{"damage":12.0,"enemies":"3 Cultists","floor":29.0,"turns":5.0},{"damage":35.0,"enemies":"Cultist and Chosen","floor":30.0,"turns":5.0},{"damage":14.0,"enemies":"Snake Plant","floor":31.0,"turns":5.0},{"damage":2.0,"enemies":"Automaton","floor":33.0,"turns":5.0},{"damage":8.0,"enemies":"3 Shapes","floor":35.0,"turns":4.0},{"damage":4.0,"enemies":"Orb Walker","floor":37.0,"turns":4.0},{"damage":17.0,"enemies":"3 Darklings","floor":38.0,"turns":4.0},{"damage":46.0,"enemies":"Giant Head","floor":41.0,"turns":7.0},{"damage":5.0,"enemies":"Maw","floor":42.0,"turns":3.0},{"damage":0.0,"enemies":"Transient","floor":44.0,"turns":1.0},{"damage":15.0,"enemies":"Reptomancer","floor":45.0,"turns":5.0},{"damage":82.0,"enemies":"Nemesis","floor":47.0,"turns":7.0},{"damage":12.0,"enemies":"Spire Growth","floor":48.0,"turns":3.0},{"damage":44,"enemies":"Awakened One","floor":50,"turns":8}],"seed_played":"3908771181043613640","potions_obtained":[{"floor":1.0,"key":"Guardian:BlockOnCardUsePotion"},{"floor":6.0,"key":"SkillPotion"},{"floor":11.0,"key":"Weak Potion"},{"floor":12.0,"key":"bronze:BurnAndBuffPotion"},{"floor":24.0,"key":"CultistPotion"},{"floor":24.0,"key":"AttackPotion"},{"floor":42.0,"key":"SmokeBomb"}],"is_trial":false,"path_per_floor":["M","M","?","?","M","E","R","E","T","?","M","M","M","?","R","B",null,"M","?","$","?","M","R","?","M","T","$","$","M","M","M","R","B",null,"M","?","M","M","$","R","E","M","T","M","E","R","E","M","R","B",null],"character_chosen":"THE_CURSED","items_purchased":["Lee\u0027s Waffle","Potion Belt","Oddly Smooth Stone","TheCursedMod:HellfireBreathing","Panache"],"campfire_rested":4,"item_purchase_floors":[20,20,20,20,39],"current_hp_per_floor":[65,62,62,62,60,48,68,58,58,63,52,44,49,67,67,53,73,61,29,80,65,47,72,72,85,85,85,85,83,50,41,66,72,85,80,69,77,85,85,85,42,73,73,73,70,70,18,18,58,62],"gold":193,"neow_bonus":"THREE_RARE_CARDS","is_daily":false,"chose_seed":false,"campfire_upgraded":3,"win_rate":0.0,"timestamp":1611892897,"path_taken":["M","M","?","?","M","E","R","E","T","?","?","M","M","?","R","BOSS","M","?","$","?","M","R","?","?","T","?","$","?","M","M","R","BOSS","M","?","M","M","$","R","E","M","T","M","E","R","E","M","R","BOSS"],"items_purchased_type":["Relic","Relic","Relic","Card","Card"],"build_version":"2020-12-22","purchased_purges":0,"victory":true,"max_hp_per_floor":[68,68,68,68,68,68,68,68,68,73,73,73,73,73,73,73,73,73,73,80,85,85,85,85,85,85,85,85,85,85,85,85,85,85,85,85,85,85,85,85,85,85,85,85,85,85,85,85,85,85],"card_choices":[{"not_picked":["TheCursedMod:CollectTribute","TheCursedMod:ShockAndAwe"],"picked":"TheCursedMod:VoidForm","floor":0.0},{"not_picked":["TheCursedMod:TroublousMinions","TheCursedMod:PrepareRite"],"picked":"TheCursedMod:CursedMace","floor":1.0},{"not_picked":["TheCursedMod:HellfireBreathing","TheCursedMod:CursedMace"],"picked":"TheCursedMod:SoulReap","floor":2.0},{"not_picked":["TheCursedMod:CursedShiv","TheCursedMod:Mangle"],"picked":"TheCursedMod:Grudge","floor":5.0},{"not_picked":["TheCursedMod:AshesToAshes","TheCursedMod:TroublousMinions"],"picked":"TheCursedMod:StingEye","floor":6.0},{"not_picked":["TheCursedMod:ShockAndAwe","TheCursedMod:TacticalStrike","TheCursedMod:Obscuration"],"picked":"SKIP","floor":8.0},{"not_picked":["TheCursedMod:Torture","TheCursedMod:FleshFromBone","TheCursedMod:BlessingInDisguise"],"picked":"SKIP","floor":11.0},{"not_picked":["TheCursedMod:CircleOfCorruption","TheCursedMod:SmokeScreen"],"picked":"TheCursedMod:RapidMovement","floor":12.0},{"not_picked":["TheCursedMod:WearCloak","TheCursedMod:CursedMace","TheCursedMod:TacticalStrike"],"picked":"SKIP","floor":13.0},{"not_picked":["TheCursedMod:StunningStrike","TheCursedMod:DarkBarrier"],"picked":"TheCursedMod:ForbiddenAlchemy","floor":16.0},{"not_picked":["TheCursedMod:RavingStaff+1","TheCursedMod:SurpriseAttack+1"],"picked":"TheCursedMod:SpitefulPlan","floor":18.0},{"not_picked":["TheCursedMod:EmpowerCircles","TheCursedMod:ManaBullet"],"picked":"TheCursedMod:WearCloak+1","floor":22.0},{"not_picked":["TheCursedMod:Evocation","TheCursedMod:SpreadPlague+1"],"picked":"TheCursedMod:HellfireBreathing","floor":25.0},{"not_picked":["TheCursedMod:SaltUponWound","TheCursedMod:CursedRelics","TheCursedMod:VitalStrike"],"picked":"SKIP","floor":29.0},{"not_picked":["TheCursedMod:CursedMace","TheCursedMod:CursedBlade","TheCursedMod:CursedShiv+1"],"picked":"SKIP","floor":30.0},{"not_picked":["TheCursedMod:CursedAmulet","TheCursedMod:CircleOfCorruption","TheCursedMod:SpitefulStrike"],"picked":"SKIP","floor":31.0},{"not_picked":["TheCursedMod:UltimatePain","TheCursedMod:DarkBarrier"],"picked":"TheCursedMod:VoidForm","floor":33.0},{"not_picked":["TheCursedMod:CursedBlade","TheCursedMod:Wield+1"],"picked":"TheCursedMod:SoulReap+1","floor":35.0},{"not_picked":["TheCursedMod:FleshFromBone+1","TheCursedMod:CursedMace","TheCursedMod:EmpowerCircles+1"],"picked":"SKIP","floor":37.0},{"not_picked":["TheCursedMod:BloodBarrier+1","TheCursedMod:CursedShiv+1"],"picked":"TheCursedMod:CircleOfWindfury+1","floor":38.0},{"not_picked":["TheCursedMod:CursedBlade+1","TheCursedMod:DoubleShield+1","TheCursedMod:CursedMace+1"],"picked":"SKIP","floor":41.0},{"not_picked":["TheCursedMod:TacticalStrike","TheCursedMod:HellfireBreathing"],"picked":"TheCursedMod:WearCloak+1","floor":42.0},{"not_picked":["TheCursedMod:CircleOfWindfury","TheCursedMod:WearCloak+1","TheCursedMod:ReleasedStrength+1"],"picked":"SKIP","floor":45.0},{"not_picked":["TheCursedMod:ManaBullet+1","TheCursedMod:CursedBlade"],"picked":"TheCursedMod:BlessingInDisguise+1","floor":47.0},{"not_picked":["TheCursedMod:SpitefulPray","TheCursedMod:CursedAmulet+1","TheCursedMod:Wield+1"],"picked":"SKIP","floor":48.0}],"player_experience":316511,"relics_obtained":[{"floor":6.0,"key":"Mummified Hand"},{"floor":8.0,"key":"Art of War"},{"floor":9.0,"key":"Bronze Scales"},{"floor":19.0,"key":"Red Mask"},{"floor":26.0,"key":"Sundial"},{"floor":41.0,"key":"Regal Pillow"},{"floor":43.0,"key":"Happy Flower"},{"floor":45.0,"key":"TheCursedMod:Tack"},{"floor":47.0,"key":"Meat on the Bone"}],"event_choices":[{"damage_healed":0.0,"max_hp_gain":0.0,"max_hp_loss":0.0,"gold_gain":0.0,"event_name":"Living Wall","player_choice":"Grow","floor":3.0,"gold_loss":0.0,"damage_taken":0.0,"cards_upgraded":["TheCursedMod:VoidForm"]},{"damage_healed":0.0,"max_hp_gain":0.0,"max_hp_loss":0.0,"gold_gain":175.0,"event_name":"betterThird:BetterSerpent","player_choice":"AGREE","floor":4.0,"gold_loss":0.0,"damage_taken":119.0},{"damage_healed":0.0,"max_hp_gain":5.0,"max_hp_loss":0.0,"gold_gain":0.0,"event_name":"Big Fish","player_choice":"Donut","floor":10.0,"gold_loss":0.0,"damage_taken":0.0},{"damage_healed":18.0,"max_hp_gain":0.0,"max_hp_loss":0.0,"gold_gain":0.0,"event_name":"The Cleric","player_choice":"Healed","floor":14.0,"gold_loss":35.0,"damage_taken":0.0},{"damage_healed":0.0,"max_hp_gain":0.0,"max_hp_loss":0.0,"gold_gain":0.0,"event_name":"Masked Bandits","player_choice":"Fought Bandits","floor":19.0,"gold_loss":0.0,"damage_taken":0.0},{"damage_healed":0.0,"max_hp_gain":5.0,"max_hp_loss":0.0,"gold_gain":0.0,"event_name":"Forgotten Altar","player_choice":"Shed Blood","floor":21.0,"gold_loss":0.0,"damage_taken":20.0},{"damage_healed":0.0,"max_hp_gain":0.0,"max_hp_loss":0.0,"gold_gain":0.0,"event_name":"Lab","player_choice":"Got Potions","floor":24.0,"gold_loss":0.0,"damage_taken":0.0},{"damage_healed":0.0,"max_hp_gain":0.0,"max_hp_loss":0.0,"gold_gain":0.0,"event_name":"Winding Halls","player_choice":"Embrace Madness","floor":36.0,"gold_loss":0.0,"damage_taken":11.0,"cards_obtained":["Madness","Madness"]}],"is_beta":false,"boss_relics":[{"not_picked":["Philosopher\u0027s Stone","SacredBark"],"picked":"TheCursedMod:BlackMagicAdvanced"},{"not_picked":["Busted Crown","Fusion Hammer"],"picked":"Cursed Key"}],"items_purged_floors":[],"is_endless":false,"potions_floor_spawned":[1,6,11,12,18,19,38,42,47],"ascension_level":1}}