{"host":"i2s4iw62z1dejrqn","time":1611912016,"event":{"mods":["AchievementEnabler","BaseMod","Minty Spire (QoL Compilation)","Random Character Button","SuperFastMode"],"gold_per_floor":[109,89,14,27,27,27,51,87,123,169,196,221,233,245,257,389,401,434,716,175,175,199,237,253,253,276,300,315,330,330,355,355,474,474,489,508,564,564,564,585,585,585],"floor_reached":41,"language":"KOR","playtime":2143,"items_purged":["Strike_R","Strike_R"],"score":599,"play_id":"c0fd0867-60fa-4062-b094-ad517cf4fbef","local_time":"20210129182016","is_ascension_mode":true,"campfire_choices":[{"data":"Bash","floor":6,"key":"SMITH"},{"data":"Body Slam","floor":13,"key":"SMITH"},{"data":"Spot Weakness","floor":15,"key":"SMITH"},{"data":"Immolate","floor":25,"key":"SMITH"},{"data":"Battle Trance","floor":30,"key":"SMITH"},{"data":"Fire Breathing","floor":32,"key":"SMITH"}],"circlet_count":0,"master_deck":["Strike_R","Strike_R","Strike_R","Defend_R","Defend_R","Defend_R","Defend_R","Bash+1","Dramatic Entrance","Fire Breathing+1","Infernal Blade+1","Battle Trance+1","Spot Weakness+1","Intimidate+1","Body Slam+1","Immolate+1","Carnage+1","Headbutt","Sever Soul","Barricade","Secret Weapon","Madness","Secret Weapon","Warcry+1"],"relics":["Burning Blood","Golden Idol","MawBank","MealTicket","Meat on the Bone","Busted Crown","Mango","Omamori","Dead Branch","Sozu","Charon\u0027s Ashes"],"acts_visited":["Exordium","TheCity","TheBeyond"],"potions_floor_usage":[8,10,16,16,23,31,41],"damage_taken":[{"damage":3,"enemies":"2 Louse","floor":1,"turns":2},{"damage":1,"enemies":"Cultist","floor":4,"turns":3},{"damage":7,"enemies":"Jaw Worm","floor":7,"turns":3},{"damage":15,"enemies":"3 Sentries","floor":8,"turns":3},{"damage":13,"enemies":"Gremlin Nob","floor":10,"turns":4},{"damage":24,"enemies":"Large Slime","floor":11,"turns":5},{"damage":21,"enemies":"Exordium Thugs","floor":12,"turns":4},{"damage":21,"enemies":"Slime Boss","floor":16,"turns":8},{"damage":7,"enemies":"Chosen","floor":18,"turns":3},{"damage":0,"enemies":"Spheric Guardian","floor":22,"turns":3},{"damage":32,"enemies":"Slavers","floor":23,"turns":4},{"damage":20,"enemies":"Snecko","floor":24,"turns":3},{"damage":7,"enemies":"3 Cultists","floor":27,"turns":4},{"damage":19,"enemies":"Snake Plant","floor":28,"turns":2},{"damage":16,"enemies":"Shelled Parasite and Fungi","floor":29,"turns":3},{"damage":8,"enemies":"Chosen and Byrds","floor":31,"turns":3},{"damage":28,"enemies":"Automaton","floor":33,"turns":6},{"damage":44,"enemies":"3 Darklings","floor":35,"turns":3},{"damage":21,"enemies":"3 Shapes","floor":36,"turns":5},{"damage":10,"enemies":"2 Orb Walkers","floor":37,"turns":2},{"damage":7,"enemies":"3 Darklings","floor":40,"turns":2},{"damage":83,"enemies":"Giant Head","floor":41,"turns":6}],"seed_played":"-5381958468873537265","potions_obtained":[{"floor":2,"key":"Block Potion"},{"floor":4,"key":"ColorlessPotion"},{"floor":10,"key":"GamblersBrew"},{"floor":12,"key":"Fire Potion"},{"floor":22,"key":"Weak Potion"},{"floor":28,"key":"SkillPotion"},{"floor":31,"key":"EssenceOfSteel"},{"floor":33,"key":"ColorlessPotion"}],"is_trial":false,"path_per_floor":["M","?","$","M","?","R","M","E","T","E","M","M","R","?","R","B",null,"M","?","$","?","M","E","M","R","T","M","M","M","R","M","R","B",null,"M","M","?","?","?","M","E"],"character_chosen":"IRONCLAD","items_purchased":["Mango","Omamori"],"campfire_rested":0,"item_purchase_floors":[20,20],"current_hp_per_floor":[75,75,75,80,60,60,59,50,50,43,37,34,34,34,34,31,68,67,40,69,69,75,61,59,59,59,58,57,59,59,57,57,47,82,56,53,61,61,51,62,0,0],"gold":585,"neow_bonus":"RANDOM_COLORLESS","is_daily":false,"chose_seed":false,"campfire_upgraded":6,"win_rate":0.0,"timestamp":1611912016,"path_taken":["M","?","?","?","?","R","M","E","T","E","M","M","R","?","R","BOSS","M","?","?","?","M","E","?","R","T","M","M","M","R","M","R","BOSS","M","M","?","?","?","M","E"],"items_purchased_type":["Relic","Relic"],"build_version":"2020-12-22","purchased_purges":2,"victory":false,"max_hp_per_floor":[80,80,80,80,80,80,80,80,80,80,80,80,80,80,80,80,80,80,80,94,94,94,94,94,94,94,94,94,94,94,94,94,94,94,94,94,94,94,94,94,94,94],"card_choices":[{"not_picked":["Good Instincts","Finesse"],"picked":"Dramatic Entrance","floor":0},{"not_picked":["Armaments","Sword Boomerang"],"picked":"Fire Breathing","floor":1},{"not_picked":["Iron Wave","Flame Barrier"],"picked":"Infernal Blade","floor":4},{"not_picked":["Warcry","Perfected Strike"],"picked":"Battle Trance","floor":7},{"not_picked":["Sword Boomerang","Fire Breathing"],"picked":"Spot Weakness","floor":8},{"not_picked":["Armaments","True Grit"],"picked":"Intimidate","floor":10},{"not_picked":["True Grit","Heavy Blade","Reckless Charge"],"picked":"SKIP","floor":11},{"not_picked":["Burning Pact","Sever Soul"],"picked":"Body Slam","floor":12},{"not_picked":["Juggernaut","Impervious"],"picked":"Immolate","floor":16},{"not_picked":[],"picked":"Carnage+1","floor":18},{"not_picked":["Seeing Red"],"picked":"SKIP","floor":22},{"not_picked":[],"picked":"Headbutt","floor":23},{"not_picked":["Body Slam"],"picked":"SKIP","floor":24},{"not_picked":["Body Slam"],"picked":"SKIP","floor":27},{"not_picked":["Pommel Strike"],"picked":"SKIP","floor":28},{"not_picked":[],"picked":"Sever Soul","floor":29},{"not_picked":["Body Slam"],"picked":"SKIP","floor":31},{"not_picked":[],"picked":"Barricade","floor":33},{"not_picked":["Heavy Blade"],"picked":"SKIP","floor":35},{"not_picked":["Sword Boomerang+1"],"picked":"SKIP","floor":36},{"not_picked":[],"picked":"Secret Weapon","floor":39},{"not_picked":[],"picked":"Madness","floor":39},{"not_picked":[],"picked":"Secret Weapon","floor":39},{"not_picked":[],"picked":"Warcry+1","floor":40}],"player_experience":439579,"relics_obtained":[{"floor":8,"key":"MawBank"},{"floor":9,"key":"MealTicket"},{"floor":10,"key":"Meat on the Bone"},{"floor":23,"key":"Dead Branch"},{"floor":37,"key":"Charon\u0027s Ashes"}],"event_choices":[{"damage_healed":0,"gold_gain":0,"player_choice":"Bought 1 Potion","damage_taken":0,"max_hp_gain":0,"max_hp_loss":0,"event_name":"The Woman in Blue","floor":2,"gold_loss":0},{"damage_healed":0,"gold_gain":0,"player_choice":"Take Damage","damage_taken":20,"relics_obtained":["Golden Idol"],"max_hp_gain":0,"max_hp_loss":0,"event_name":"Golden Idol","floor":5,"gold_loss":0},{"damage_healed":0,"gold_gain":0,"player_choice":"Upgraded","damage_taken":0,"max_hp_gain":0,"max_hp_loss":0,"event_name":"Upgrade Shrine","floor":14,"gold_loss":0,"cards_upgraded":["Intimidate"]},{"damage_healed":0,"gold_gain":270,"player_choice":"GOLD GOLD GOLD ","damage_taken":27,"max_hp_gain":0,"max_hp_loss":0,"event_name":"Knowing Skull","floor":19,"potions_obtained":[],"gold_loss":0,"cards_obtained":[]},{"damage_healed":0,"gold_gain":0,"player_choice":"Upgraded","damage_taken":0,"max_hp_gain":0,"max_hp_loss":0,"event_name":"Upgrade Shrine","floor":21,"gold_loss":0,"cards_upgraded":["Infernal Blade"]},{"damage_healed":0,"gold_gain":0,"player_choice":"Fight","damage_taken":0,"max_hp_gain":0,"max_hp_loss":0,"event_name":"Mysterious Sphere","floor":37,"gold_loss":0},{"damage_healed":0,"gold_gain":0,"player_choice":"Ignored","damage_taken":0,"max_hp_gain":0,"max_hp_loss":0,"event_name":"Tomb of Lord Red Mask","floor":38,"gold_loss":0},{"damage_healed":0,"gold_gain":0,"player_choice":"Memory 3","damage_taken":10,"max_hp_gain":0,"max_hp_loss":0,"event_name":"SensoryStone","floor":39,"gold_loss":0}],"is_beta":false,"boss_relics":[{"not_picked":["Fusion Hammer","Snecko Eye"],"picked":"Busted Crown"},{"not_picked":["Astrolabe","Runic Pyramid"],"picked":"Sozu"}],"items_purged_floors":[3,20],"is_endless":false,"potions_floor_spawned":[4,10,12,22,28,31,33,37,40],"killed_by":"Giant Head","ascension_level":7}}