{"host":"2qstd83ou5jzlfqv","time":1611910212,"event":{"mods":["BaseMod","Colored Powertips","Minty Spire (QoL Compilation)","Relic Stats"],"gold_per_floor":[119,130,130,130,146,146,179,179,479,439,474,66,66,86,86,160,160,160,160,160,160,46,46,46,46,46,46,46,46,46,46,46,46,46,46,46,46,46,46,46,46,46,46,46,46,46,46,46,46,46],"floor_reached":51,"language":"ENG","playtime":4167,"items_purged":["Strike_G"],"score":1287,"play_id":"f189b6db-19e2-4cae-9a51-2c29307fbb8d","local_time":"20210129005012","is_ascension_mode":true,"campfire_choices":[{"data":"Neutralize","floor":6.0,"key":"SMITH"},{"floor":8.0,"key":"REST"},{"floor":13.0,"key":"REST"},{"data":"Bouncing Flask","floor":15.0,"key":"SMITH"},{"data":"Blur","floor":23.0,"key":"SMITH"},{"data":"Dodge and Roll","floor":25.0,"key":"SMITH"},{"data":"Unload","floor":28.0,"key":"SMITH"},{"data":"Accuracy","floor":32.0,"key":"SMITH"},{"data":"Backflip","floor":40,"key":"SMITH"},{"floor":44,"key":"REST"},{"floor":49,"key":"REST"}],"circlet_count":0,"master_deck":["AscendersBane","Strike_G","Strike_G","Defend_G","Defend_G","Defend_G","Defend_G","Defend_G","Survivor","Neutralize+1","Underhanded Strike","Infinite Blades","Caltrops","Bouncing Flask+1","Prepared","Blade Dance","Backflip+1","Acrobatics","Unload+1","Dodge and Roll+1","Predator","Blur+1","Noxious Fumes","Accuracy+1","PiercingWail","Phantasmal Killer","Acrobatics+1","Catalyst+1","Prepared+1","Venomology+1"],"relics":["Ring of the Snake","Happy Flower","Thread and Needle","Old Coin","Letter Opener","Shuriken","Ectoplasm","The Courier","Oddly Smooth Stone","CaptainsWheel","Kunai","Bottled Flame","Snecko Eye","Ice Cream","Dream Catcher","Toxic Egg 2","Molten Egg 2"],"acts_visited":["Exordium","TheCity","TheBeyond"],"potions_floor_usage":[41,41,50],"damage_taken":[{"damage":0.0,"enemies":"2 Louse","floor":1.0,"turns":3.0},{"damage":0.0,"enemies":"Small Slimes","floor":2.0,"turns":4.0},{"damage":0.0,"enemies":"Cultist","floor":5.0,"turns":4.0},{"damage":30.0,"enemies":"3 Sentries","floor":7.0,"turns":8.0},{"damage":10.0,"enemies":"Lagavulin","floor":11.0,"turns":5.0},{"damage":3.0,"enemies":"Lots of Slimes","floor":14.0,"turns":4.0},{"damage":6.0,"enemies":"Hexaghost","floor":16.0,"turns":9.0},{"damage":3.0,"enemies":"3 Byrds","floor":18.0,"turns":3.0},{"damage":0.0,"enemies":"Shell Parasite","floor":19.0,"turns":4.0},{"damage":0.0,"enemies":"Cultist and Chosen","floor":21.0,"turns":4.0},{"damage":6.0,"enemies":"Gremlin Leader","floor":24.0,"turns":7.0},{"damage":2.0,"enemies":"Colosseum Slavers","floor":27.0,"turns":4.0},{"damage":6.0,"enemies":"Colosseum Nobs","floor":27.0,"turns":5.0},{"damage":0.0,"enemies":"Book of Stabbing","floor":29.0,"turns":6.0},{"damage":0.0,"enemies":"Snake Plant","floor":30.0,"turns":4.0},{"damage":0.0,"enemies":"Centurion and Healer","floor":31.0,"turns":6.0},{"damage":0.0,"enemies":"Champ","floor":33.0,"turns":10.0},{"damage":0,"enemies":"Orb Walker","floor":35,"turns":3},{"damage":0,"enemies":"3 Shapes","floor":36,"turns":5},{"damage":0,"enemies":"Transient","floor":38,"turns":5},{"damage":0,"enemies":"Mind Bloom Boss Battle","floor":39,"turns":6},{"damage":28,"enemies":"Giant Head","floor":41,"turns":8},{"damage":0,"enemies":"Maw","floor":42,"turns":6},{"damage":7,"enemies":"Jaw Worm Horde","floor":45,"turns":3},{"damage":11,"enemies":"Nemesis","floor":47,"turns":7},{"damage":20,"enemies":"3 Darklings","floor":48,"turns":7},{"damage":28,"enemies":"Donu and Deca","floor":50,"turns":10}],"seed_played":"-8336960524033985987","potions_obtained":[{"floor":2.0,"key":"Energy Potion"},{"floor":7.0,"key":"Weak Potion"},{"floor":10.0,"key":"GhostInAJar"},{"floor":10.0,"key":"DuplicationPotion"},{"floor":14.0,"key":"DuplicationPotion"},{"floor":24.0,"key":"SpeedPotion"},{"floor":31.0,"key":"SpeedPotion"},{"floor":33.0,"key":"Block Potion"},{"floor":35,"key":"FearPotion"}],"is_trial":false,"path_per_floor":["M","M","?","?","M","R","E","R","T","?","E","$","R","M","R","B",null,"M","M","?","M","$","R","E","R","T","?","R","E","M","M","R","B",null,"M","M","?","M","?","R","E","M","T","R","M","$","E","M","R","B",null],"character_chosen":"THE_SILENT","items_purchased":["Shuriken","Backflip","Acrobatics","Blur","Noxious Fumes"],"campfire_rested":4,"item_purchase_floors":[12,12,12,22,22],"current_hp_per_floor":[63,63,56,56,56,56,26,47,47,47,37,37,58,55,55,49,65,62,62,62,62,62,62,56,56,56,48,48,48,48,48,48,48,65,65,65,65,65,65,65,37,37,37,56,49,49,38,18,37,24],"gold":46,"neow_bonus":"RANDOM_COMMON_RELIC","is_daily":false,"chose_seed":false,"campfire_upgraded":7,"win_rate":0.0,"timestamp":1611910212,"path_taken":["M","M","?","?","M","R","E","R","T","?","E","$","R","?","R","BOSS","M","?","?","M","$","R","E","R","T","?","R","E","M","M","R","BOSS","M","M","?","M","?","R","E","M","T","R","M","$","E","M","R","BOSS"],"items_purchased_type":["Relic","Card","Card","Card","Card"],"build_version":"2020-12-22","purchased_purges":1,"victory":true,"max_hp_per_floor":[70,70,70,70,70,70,70,70,70,70,70,70,70,70,70,70,70,70,70,70,70,70,70,70,70,70,70,70,70,70,70,70,70,70,70,70,66,66,66,66,66,66,66,66,66,66,66,66,66,66],"relic_stats":{"Dream Catcher":2,"Happy Flower":[50],"counters":[27,150],"Shuriken":[64],"Snecko Eye":[137,145,115,138],"Ectoplasm":615,"Letter Opener":[460],"Kunai":[43],"obtain_stats":[{"Ice Cream":39,"Happy Flower":0,"Oddly Smooth Stone":26,"Thread and Needle":7,"The Courier":24,"Letter Opener":11,"Old Coin":9,"CaptainsWheel":27,"Bottled Flame":29,"Dream Catcher":41,"Shuriken":12,"Snecko Eye":34,"Molten Egg 2":47,"Ectoplasm":17,"Kunai":27,"Toxic Egg 2":43,"Ring of the Snake":0},{"Ice Cream":21,"Happy Flower":0,"Oddly Smooth Stone":11,"Thread and Needle":4,"The Courier":11,"Letter Opener":5,"Old Coin":4,"CaptainsWheel":13,"Bottled Flame":14,"Dream Catcher":22,"Shuriken":5,"Snecko Eye":17,"Molten Egg 2":25,"Ectoplasm":7,"Kunai":13,"Toxic Egg 2":23,"Ring of the Snake":0},{"Ice Cream":109,"Happy Flower":0,"Oddly Smooth Stone":55,"Thread and Needle":19,"The Courier":55,"Letter Opener":24,"Old Coin":19,"CaptainsWheel":64,"Bottled Flame":70,"Dream Catcher":117,"Shuriken":24,"Snecko Eye":90,"Molten Egg 2":133,"Ectoplasm":37,"Kunai":64,"Toxic Egg 2":123,"Ring of the Snake":0}],"Ring of the Snake":[54]},"card_choices":[{"not_picked":["PiercingWail","Infinite Blades"],"picked":"Underhanded Strike","floor":1.0},{"not_picked":["Expertise","Setup"],"picked":"Infinite Blades","floor":2.0},{"not_picked":["Acrobatics","Deflect"],"picked":"Bouncing Flask","floor":5.0},{"not_picked":["Storm of Steel","Dodge and Roll"],"picked":"Prepared","floor":7.0},{"not_picked":["Tactician","Outmaneuver"],"picked":"Blade Dance","floor":11.0},{"not_picked":["Distraction","Eviscerate","Slice"],"picked":"SKIP","floor":14.0},{"not_picked":["Storm of Steel","Glass Knife"],"picked":"Unload","floor":16.0},{"not_picked":["Backflip","Outmaneuver"],"picked":"Dodge and Roll","floor":18.0},{"not_picked":["Outmaneuver","Slice"],"picked":"Predator","floor":19.0},{"not_picked":["Dodge and Roll","Underhanded Strike","Slice"],"picked":"SKIP","floor":21.0},{"not_picked":["Underhanded Strike","Dodge and Roll"],"picked":"Accuracy","floor":24.0},{"not_picked":["Endless Agony","Bane","Underhanded Strike"],"picked":"SKIP","floor":29.0},{"not_picked":["Flechettes","Heel Hook"],"picked":"PiercingWail","floor":30.0},{"not_picked":["Acrobatics","Slice+1","Underhanded Strike+1"],"picked":"SKIP","floor":31.0},{"not_picked":["Corpse Explosion","Unload"],"picked":"Phantasmal Killer","floor":33.0},{"not_picked":["Noxious Fumes","Sucker Punch+1","Deflect"],"picked":"SKIP","floor":35},{"not_picked":["Eviscerate","Blur","Quick Slash"],"picked":"SKIP","floor":36},{"not_picked":["Sucker Punch","Dagger Throw+1","Blur"],"picked":"SKIP","floor":38},{"not_picked":["Quick Slash","Prepared","Bane+1"],"picked":"SKIP","floor":41},{"not_picked":["Outmaneuver","Flying Knee","Well Laid Plans"],"picked":"SKIP","floor":42},{"not_picked":["Dagger Throw","Reflex+1"],"picked":"Acrobatics+1","floor":44},{"not_picked":["Deflect+1","Heel Hook","Flechettes+1"],"picked":"SKIP","floor":45},{"not_picked":["Backflip+1","Skewer+1"],"picked":"Catalyst+1","floor":47},{"not_picked":["Underhanded Strike+1","Dodge and Roll+1"],"picked":"Prepared+1","floor":48},{"not_picked":["Choke+1","Calculated Gamble+1"],"picked":"Venomology+1","floor":49}],"player_experience":385864,"relics_obtained":[{"floor":7.0,"key":"Thread and Needle"},{"floor":9.0,"key":"Old Coin"},{"floor":11.0,"key":"Letter Opener"},{"floor":24.0,"key":"The Courier"},{"floor":26.0,"key":"Oddly Smooth Stone"},{"floor":27.0,"key":"CaptainsWheel"},{"floor":27.0,"key":"Kunai"},{"floor":29.0,"key":"Bottled Flame"},{"floor":39,"key":"Ice Cream"},{"floor":41,"key":"Dream Catcher"},{"floor":43,"key":"Toxic Egg 2"},{"floor":47,"key":"Molten Egg 2"}],"event_choices":[{"cards_removed":["Strike_G"],"damage_healed":0.0,"max_hp_gain":0.0,"max_hp_loss":0.0,"gold_gain":0.0,"event_name":"Golden Wing","player_choice":"Card Removal","floor":3.0,"gold_loss":0.0,"damage_taken":7.0},{"damage_healed":0.0,"max_hp_gain":0.0,"max_hp_loss":0.0,"gold_gain":0.0,"cards_transformed":["Strike_G"],"event_name":"Living Wall","player_choice":"Change","floor":4.0,"gold_loss":0.0,"damage_taken":0.0,"cards_obtained":["Caltrops"]},{"damage_healed":0.0,"max_hp_gain":0.0,"max_hp_loss":0.0,"gold_gain":0.0,"event_name":"The Woman in Blue","player_choice":"Bought 3 Potions","floor":10.0,"gold_loss":0.0,"damage_taken":0.0},{"damage_healed":0.0,"max_hp_gain":0.0,"max_hp_loss":0.0,"gold_gain":99.0,"event_name":"Nest","player_choice":"Stole From Cult","floor":20.0,"gold_loss":0.0,"damage_taken":0.0},{"damage_healed":0.0,"max_hp_gain":0.0,"max_hp_loss":0.0,"gold_gain":0.0,"event_name":"Colosseum","player_choice":"Fight","floor":27.0,"gold_loss":0.0,"damage_taken":0.0},{"damage_healed":0.0,"max_hp_gain":0.0,"max_hp_loss":0.0,"gold_gain":0.0,"event_name":"Colosseum","player_choice":"Fought Nobs","floor":27.0,"gold_loss":0.0,"damage_taken":0.0},{"damage_healed":0,"gold_gain":0,"player_choice":"Max HP","damage_taken":0,"max_hp_gain":0,"max_hp_loss":4,"event_name":"Winding Halls","floor":37,"gold_loss":0},{"damage_healed":0,"gold_gain":0,"player_choice":"Fight","damage_taken":0,"max_hp_gain":0,"max_hp_loss":0,"event_name":"MindBloom","floor":39,"gold_loss":0}],"is_beta":false,"boss_relics":[{"not_picked":["Coffee Dripper","Calling Bell"],"picked":"Ectoplasm"},{"not_picked":["WristBlade","Runic Pyramid"],"picked":"Snecko Eye"}],"items_purged_floors":[12],"is_endless":false,"potions_floor_spawned":[2,7,14,19,24,31,33,35,36,39],"ascension_level":13}}