{"host":"0pqkjyfh91td6rj0","time":1611885224,"event":{"mods":["BaseMod","Colored Map","Minty Spire (QoL Compilation)","Relic Stats","UnlockEverythingMod"],"gold_per_floor":[112,129,203,203,203,233,233,252,301,301,361,29,61,133,133,210,210,229,241,267,267,15,71,71,71,71,127,127,188,267,296,296,368,368,465,541,541,425,425,506,603,716,716,831,266,373,490,590,590,650,680,680,680,77,135,135],"floor_reached":57,"language":"ENG","playtime":8374,"items_purged":["Defend_P","Strike_P+1"],"score":3350,"play_id":"aeadf035-d016-4c3a-8f69-0eda06572606","local_time":"20210128205344","is_ascension_mode":true,"campfire_choices":[{"data":"Blasphemy","floor":7,"key":"SMITH"},{"data":"EmptyFist","floor":10,"key":"SMITH"},{"data":"Meditate","floor":15,"key":"SMITH"},{"data":"Wish","floor":24,"key":"SMITH"},{"data":"Conclude","floor":32,"key":"SMITH"},{"floor":49,"key":"RECALL"},{"floor":53,"key":"REST"}],"circlet_count":0,"master_deck":["AscendersBane","Strike_P+1","Strike_P+1","Eruption+1","Vigilance+1","Conclude+1","CutThroughFate+1","EmptyFist+1","SandsOfTime+1","Blasphemy+1","InnerPeace+1","Meditate+1","Wallop+1","DeceiveReality+1","FlurryOfBlows+1","DevaForm+1","LessonLearned+1","Wish+1","Protect+1","TalkToTheHand+1","Omniscience+1","SandsOfTime+1","Wish+1","Indignation+1","Vault+1","WaveOfTheHand+1","SpiritShield+1","WheelKick+1","TalkToTheHand+1","Protect+1"],"relics":["Runic Dome","Pear","StrikeDummy","Orichalcum","PreservedInsect","Orrery","Meat on the Bone","Eternal Feather","Snecko Eye","Potion Belt","Yang","Dead Branch","Juzu Bracelet","Gambling Chip","Sundial","VioletLotus","CloakClasp","Toxic Egg 2","Ginger","Damaru","Frozen Egg 2","Du-Vu Doll","Toy Ornithopter","Letter Opener","TeardropLocket","Bag of Marbles","HandDrill","HornCleat"],"acts_visited":["Exordium","TheCity","TheBeyond","TheEnding"],"potions_floor_usage":[6,29,29,36,56,56,56,56,56,56],"damage_taken":[{"damage":0,"enemies":"Cultist","floor":1,"turns":2},{"damage":0,"enemies":"Jaw Worm","floor":2,"turns":1},{"damage":7,"enemies":"Lagavulin","floor":6,"turns":4},{"damage":0,"enemies":"2 Louse","floor":8,"turns":1},{"damage":0,"enemies":"Gremlin Nob","floor":13,"turns":2},{"damage":8,"enemies":"The Guardian","floor":16,"turns":5},{"damage":0,"enemies":"Chosen","floor":18,"turns":2},{"damage":0,"enemies":"Spheric Guardian","floor":19,"turns":2},{"damage":3,"enemies":"Book of Stabbing","floor":23,"turns":3},{"damage":12,"enemies":"Gremlin Leader","floor":27,"turns":4},{"damage":18,"enemies":"Slavers","floor":29,"turns":3},{"damage":0,"enemies":"Centurion and Healer","floor":30,"turns":2},{"damage":0,"enemies":"Gremlin Leader","floor":31,"turns":2},{"damage":0,"enemies":"Collector","floor":33,"turns":5},{"damage":10,"enemies":"Orb Walker","floor":35,"turns":3},{"damage":24,"enemies":"2 Orb Walkers","floor":36,"turns":4},{"damage":1,"enemies":"Giant Head","floor":40,"turns":7},{"damage":0,"enemies":"3 Darklings","floor":41,"turns":6},{"damage":28,"enemies":"Nemesis","floor":42,"turns":3},{"damage":0,"enemies":"Giant Head","floor":44,"turns":7},{"damage":3,"enemies":"4 Shapes","floor":46,"turns":12},{"damage":0,"enemies":"Reptomancer","floor":47,"turns":5},{"damage":0,"enemies":"Writhing Mass","floor":48,"turns":3},{"damage":11,"enemies":"Donu and Deca","floor":50,"turns":14},{"damage":5,"enemies":"Time Eater","floor":51,"turns":8},{"damage":0,"enemies":"Shield and Spear","floor":55,"turns":4},{"damage":0,"enemies":"The Heart","floor":56,"turns":10}],"seed_played":"-3959933839094446414","potions_obtained":[{"floor":1,"key":"Fire Potion"},{"floor":6,"key":"Swift Potion"},{"floor":8,"key":"SneckoOil"},{"floor":13,"key":"Swift Potion"},{"floor":27,"key":"Dexterity Potion"},{"floor":29,"key":"AttackPotion"},{"floor":31,"key":"LiquidBronze"},{"floor":35,"key":"FairyPotion"},{"floor":40,"key":"StancePotion"},{"floor":44,"key":"Energy Potion"},{"floor":48,"key":"EntropicBrew"}],"is_trial":false,"path_per_floor":["M","M","T","?","?","E","R","M","T","R","?","$","E","T","R","B",null,"M","M","T","?","$","E","R","?","T","E","?","E","M","E","R","B",null,"M","?","T","$","?","E","M","E","T","E","$","M","E","M","R","B","B",null,"R","$","E","B",null],"character_chosen":"WATCHER","items_purchased":["PreservedInsect","Orrery","TalkToTheHand","Potion Belt","Indignation+1","Toy Ornithopter","SpiritShield+1","DuplicationPotion","Strength Potion","TeardropLocket","Bag of Marbles","HandDrill"],"campfire_rested":1,"item_purchase_floors":[12,12,22,22,38,45,45,45,45,54,54,54],"current_hp_per_floor":[61,61,71,71,71,64,64,64,64,64,64,64,64,64,76,68,76,76,76,76,76,76,73,78,78,78,66,44,38,50,50,65,65,79,69,45,45,45,45,44,44,28,28,40,40,49,49,49,64,53,48,74,83,83,83,83],"gold":135,"neow_bonus":"BOSS_RELIC","is_daily":false,"chose_seed":false,"campfire_upgraded":5,"win_rate":0.0,"timestamp":1611885224,"path_taken":["M","M","?","?","?","E","R","?","T","R","?","$","E","?","R","BOSS","M","?","?","?","?","E","R","?","T","E","?","E","M","E","R","BOSS","M","?","?","$","?","E","M","E","T","E","$","M","E","M","R","BOSS","BOSS","R","$","E","BOSS"],"items_purchased_type":["Relic","Relic","Card","Relic","Card","Relic","Card","Potion","Potion","Relic","Relic","Relic"],"build_version":"2020-12-22","purchased_purges":2,"victory":true,"max_hp_per_floor":[68,68,78,78,78,78,78,78,78,78,78,78,78,78,78,78,78,78,78,78,78,78,78,78,78,78,78,83,83,83,83,83,83,83,83,83,83,83,83,83,83,83,83,83,83,83,83,83,83,83,83,83,83,83,83,83],"relic_stats":{"counters":[27,124],"Dead Branch":[145],"Eternal Feather":56,"Yang":[260],"PreservedInsect":657,"Juzu Bracelet":1,"CloakClasp":[455],"Ginger":[4],"Letter Opener":[84],"Orichalcum":[84],"Sundial":[16],"Gambling Chip":[42],"Snecko Eye":[184,217,188,189],"VioletLotus":[19],"HandDrill":[0],"obtain_stats":[{"Yang":23,"Juzu Bracelet":27,"CloakClasp":36,"Ginger":40,"TeardropLocket":54,"HornCleat":55,"Sundial":31,"Gambling Chip":29,"VioletLotus":34,"HandDrill":54,"Toxic Egg 2":37,"Potion Belt":22,"Pear":3,"Dead Branch":26,"Damaru":42,"Eternal Feather":14,"PreservedInsect":12,"Letter Opener":47,"Orichalcum":9,"Frozen Egg 2":43,"Du-Vu Doll":44,"Runic Dome":0,"Orrery":12,"Snecko Eye":17,"Bag of Marbles":54,"PureWater":0,"StrikeDummy":6,"Toy Ornithopter":45,"Meat on the Bone":13},{"Yang":9,"Juzu Bracelet":10,"CloakClasp":16,"Ginger":17,"TeardropLocket":25,"HornCleat":26,"Sundial":13,"Gambling Chip":11,"VioletLotus":14,"HandDrill":25,"Toxic Egg 2":16,"Potion Belt":8,"Pear":2,"Dead Branch":9,"Damaru":19,"Eternal Feather":5,"PreservedInsect":4,"Letter Opener":22,"Orichalcum":4,"Frozen Egg 2":19,"Du-Vu Doll":20,"Runic Dome":0,"Orrery":4,"Snecko Eye":6,"Bag of Marbles":25,"PureWater":0,"StrikeDummy":3,"Toy Ornithopter":20,"Meat on the Bone":5},{"Yang":22,"Juzu Bracelet":26,"CloakClasp":45,"Ginger":52,"TeardropLocket":110,"HornCleat":114,"Sundial":33,"Gambling Chip":29,"VioletLotus":38,"HandDrill":110,"Toxic Egg 2":45,"Potion Belt":19,"Pear":3,"Dead Branch":22,"Damaru":61,"Eternal Feather":10,"PreservedInsect":8,"Letter Opener":85,"Orichalcum":8,"Frozen Egg 2":61,"Du-Vu Doll":68,"Runic Dome":0,"Orrery":8,"Snecko Eye":15,"Bag of Marbles":110,"PureWater":0,"StrikeDummy":7,"Toy Ornithopter":68,"Meat on the Bone":10}],"Toy Ornithopter":0,"Meat on the Bone":60},"card_choices":[{"not_picked":["WaveOfTheHand","SashWhip"],"picked":"Conclude","floor":1},{"not_picked":["Consecrate","JustLucky"],"picked":"CutThroughFate","floor":2},{"not_picked":["ClearTheMind","Halt"],"picked":"Blasphemy","floor":6},{"not_picked":["PathToVictory","ThirdEye"],"picked":"InnerPeace","floor":8},{"not_picked":["Evaluate","CutThroughFate"],"picked":"Meditate","floor":12},{"not_picked":["Protect","WindmillStrike"],"picked":"Wallop","floor":12},{"not_picked":["FollowUp","Perseverance"],"picked":"DeceiveReality","floor":12},{"not_picked":["BowlingBash","SashWhip"],"picked":"FlurryOfBlows","floor":12},{"not_picked":["FearNoEvil","BattleHymn"],"picked":"DevaForm","floor":12},{"not_picked":["Nirvana","Worship"],"picked":"LessonLearned","floor":13},{"not_picked":["MasterReality","Alpha"],"picked":"Wish","floor":16},{"not_picked":["EmptyFist","SashWhip"],"picked":"Protect+1","floor":18},{"not_picked":["ClearTheMind","Meditate","EmptyFist+1"],"picked":"SKIP","floor":19},{"not_picked":["Perseverance","EmptyFist","BowlingBash"],"picked":"SKIP","floor":23},{"not_picked":["FlurryOfBlows","FollowUp"],"picked":"Omniscience","floor":27},{"not_picked":["FlyingSleeves","FollowUp+1","Perseverance"],"picked":"SKIP","floor":29},{"not_picked":["MentalFortress","ThirdEye","CarveReality"],"picked":"SKIP","floor":30},{"not_picked":["InnerPeace","Prostrate"],"picked":"SandsOfTime","floor":31},{"not_picked":["Alpha","DevaForm"],"picked":"Wish","floor":33},{"not_picked":["Conclude","JustLucky","FlyingSleeves"],"picked":"SKIP","floor":35},{"not_picked":["FollowUp+1","ThirdEye+1"],"picked":"Vault+1","floor":40},{"not_picked":["EmptyFist","Prostrate+1"],"picked":"WaveOfTheHand+1","floor":41},{"not_picked":["SignatureMove+1","EmptyBody+1","Tantrum"],"picked":"SKIP","floor":42},{"not_picked":["Adaptation+1","Halt+1","Evaluate+1"],"picked":"SKIP","floor":44},{"not_picked":["MentalFortress+1","EmptyFist"],"picked":"WheelKick+1","floor":46},{"not_picked":["WindmillStrike+1","Pray+1"],"picked":"TalkToTheHand","floor":47},{"not_picked":["EmptyFist","ClearTheMind+1","Halt+1"],"picked":"SKIP","floor":48},{"not_picked":["Perseverance+1","Crescendo+1"],"picked":"Protect+1","floor":55}],"player_experience":122557,"relics_obtained":[{"floor":3,"key":"Pear"},{"floor":6,"key":"StrikeDummy"},{"floor":9,"key":"Orichalcum"},{"floor":13,"key":"Meat on the Bone"},{"floor":14,"key":"Eternal Feather"},{"floor":23,"key":"Yang"},{"floor":26,"key":"Dead Branch"},{"floor":27,"key":"Juzu Bracelet"},{"floor":29,"key":"Gambling Chip"},{"floor":31,"key":"Sundial"},{"floor":36,"key":"CloakClasp"},{"floor":37,"key":"Toxic Egg 2"},{"floor":40,"key":"Ginger"},{"floor":42,"key":"Damaru"},{"floor":43,"key":"Frozen Egg 2"},{"floor":44,"key":"Du-Vu Doll"},{"floor":47,"key":"Letter Opener"},{"floor":55,"key":"HornCleat"}],"event_choices":[{"damage_healed":0,"gold_gain":0,"cards_transformed":["Defend_P"],"player_choice":"Change","damage_taken":0,"max_hp_gain":0,"max_hp_loss":0,"event_name":"Living Wall","floor":4,"gold_loss":0,"cards_obtained":["EmptyFist"]},{"damage_healed":0,"gold_gain":0,"cards_transformed":["Defend_P"],"player_choice":"Transformed","damage_taken":0,"max_hp_gain":0,"max_hp_loss":0,"event_name":"Transmorgrifier","floor":5,"gold_loss":0,"cards_obtained":["SandsOfTime"]},{"damage_healed":0,"gold_gain":60,"player_choice":"Gained Gold","damage_taken":0,"max_hp_gain":0,"max_hp_loss":0,"event_name":"Golden Wing","floor":11,"gold_loss":0},{"damage_healed":0,"gold_gain":0,"player_choice":"Ignored","damage_taken":0,"max_hp_gain":0,"max_hp_loss":0,"event_name":"Vampires","floor":21,"gold_loss":0},{"cards_removed":["Defend_P"],"damage_healed":0,"gold_gain":0,"player_choice":"Offered Basic","damage_taken":0,"max_hp_gain":0,"max_hp_loss":0,"event_name":"Bonfire Elementals","floor":25,"gold_loss":0},{"damage_healed":0,"gold_gain":0,"player_choice":"Shed Blood","damage_taken":27,"max_hp_gain":5,"max_hp_loss":0,"event_name":"Forgotten Altar","floor":28,"gold_loss":0},{"damage_healed":0,"gold_gain":0,"player_choice":"Fight","damage_taken":0,"max_hp_gain":0,"max_hp_loss":0,"event_name":"Mysterious Sphere","floor":36,"gold_loss":0},{"cards_removed":["Strike_P"],"damage_healed":0,"gold_gain":0,"player_choice":"Purged","damage_taken":0,"max_hp_gain":0,"max_hp_loss":0,"event_name":"Purifier","floor":39,"gold_loss":0}],"is_beta":false,"boss_relics":[{"not_picked":["SacredBark","Tiny House"],"picked":"Snecko Eye"},{"not_picked":["Runic Pyramid","Velvet Choker"],"picked":"VioletLotus"}],"items_purged_floors":[38,45],"is_endless":false,"potions_floor_spawned":[1,6,8,13,18,27,29,31,35,40,44,47,48],"ascension_level":20}}