{"host":"0mk07bycsqo1qk03","time":1611947099,"event":{"mods":["BaseMod","Downfall","Hermit","Hubris","Minty Spire (QoL Compilation)","Replay The Spire","StSLib","The Cursed"],"gold_per_floor":[99,117,134,45,60,60,60,70,89,89,123,54,54,73,84,184,184,184,197,197,213,224,124,151,167,183,203,203,53,53,83,94,191,191,191,210,226,226,245,245,316,345,27,43,43,73,73,90,101,101],"floor_reached":51,"language":"ENG","playtime":3523,"items_purged":[],"score":898,"play_id":"93a2bcd1-5a03-46bd-b6af-9309d02b765e","local_time":"20210129200459","is_ascension_mode":true,"campfire_choices":[{"data":"bronze:BugBarrage","floor":1.0,"key":"SMITH"},{"data":"bronze:MaxOutput","floor":6.0,"key":"SMITH"},{"data":"bronze:Frontload","floor":13.0,"key":"SMITH"},{"floor":18.0,"key":"RECALL"},{"data":"bronze:Boost","floor":23.0,"key":"SMITH"},{"data":"bronze:BurnOut","floor":28,"key":"SMITH"},{"data":"Ghostly","floor":30,"key":"SMITH"},{"data":"bronze:BuggyMess","floor":35,"key":"SMITH"},{"data":"bronze:Replicate","floor":40,"key":"SMITH"},{"data":"bronze:Repulsor","floor":47,"key":"SMITH"}],"circlet_count":0,"master_deck":["bronze:Strike","bronze:Defend","bronze:Defend","bronze:Defend","bronze:Defend","bronze:Replicate+1","bronze:Goto+1","bronze:BugBarrage+1","bronze:Frontload+1","bronze:BugBarrage+1","bronze:Repair+1","bronze:MaxOutput+1","bronze:WildBeam","bronze:Boost+1","bronze:BugBarrage+1","bronze:BugBarrage+1","bronze:InfiniteBeams+1","bronze:ItsAFeature","bronze:ItsAFeature","bronze:FindAndReplace","bronze:Format+1","bronze:CloningBeam+1","bronze:Frontload+1","bronze:OilSpill","bronze:Shield+1","bronze:Iterate+1","bronze:FineTuning","bronze:BurnOut+1","Ghostly+1","bronze:Invalidate+1","bronze:BuggyMess+1","bronze:Turbo+1","bronze:Branch+1","bronze:Repulsor+1","bronze:Turbo+1","bronze:Break","bronze:Break","bronze:BronzeArmor","bronze:BugBarrage+1","bronze:DelayedGuard+1","bronze:MaxOutput"],"relics":["bronze:BronzeCore","Replay:Bottled Eggs","Question Card","War Paint","Astrolabe","downfall:HeartBlessingRed","Blue Doll","Bronze Scales","hubris:ScarierMask","Replay:Mystery Machine","Chemical X","Bag of Preparation","Lantern","bronze:BottledCode","Mango"],"acts_visited":["Exordium","TheCity","TheBeyond"],"potions_floor_usage":[26,31,33,33,48,50,50],"damage_taken":[{"damage":1.0,"enemies":"Cultist","floor":2.0,"turns":3.0},{"damage":6.0,"enemies":"Jaw Worm","floor":3.0,"turns":3.0},{"damage":0.0,"enemies":"downfall:FleeingMerchant","floor":4.0,"turns":4.0},{"damage":0.0,"enemies":"Small Slimes","floor":5.0,"turns":3.0},{"damage":3.0,"enemies":"Gremlin Gang","floor":8.0,"turns":4.0},{"damage":0.0,"enemies":"3 Louse","floor":9.0,"turns":2.0},{"damage":5.0,"enemies":"3 Sentries","floor":11.0,"turns":4.0},{"damage":7.0,"enemies":"downfall:FleeingMerchant","floor":12.0,"turns":4.0},{"damage":8.0,"enemies":"Gremlin Gang","floor":14.0,"turns":6.0},{"damage":11.0,"enemies":"Large Slime","floor":15.0,"turns":3.0},{"damage":4.0,"enemies":"DF_ARCHETYPE_STREAMLINE","floor":16.0,"turns":5.0},{"damage":0.0,"enemies":"3 Byrds","floor":19.0,"turns":5.0},{"damage":3.0,"enemies":"Shell Parasite","floor":21.0,"turns":4.0},{"damage":0.0,"enemies":"Cultist and Chosen","floor":22.0,"turns":5.0},{"damage":12.0,"enemies":"Centurion and Healer","floor":25.0,"turns":4.0},{"damage":0,"enemies":"Sentry and Sphere","floor":26,"turns":3},{"damage":22,"enemies":"Snake Plant","floor":27,"turns":4},{"damage":1,"enemies":"Book of Stabbing","floor":31,"turns":3},{"damage":0,"enemies":"Snecko","floor":32,"turns":2},{"damage":28,"enemies":"IC_MUSHROOM_ARCHETYPE","floor":33,"turns":9},{"damage":0,"enemies":"Orb Walker","floor":36,"turns":2},{"damage":0,"enemies":"3 Darklings","floor":37,"turns":3},{"damage":0,"enemies":"Spire Growth","floor":39,"turns":3},{"damage":2,"enemies":"Giant Head","floor":42,"turns":6},{"damage":0,"enemies":"downfall:FleeingMerchant","floor":43,"turns":3},{"damage":0,"enemies":"Jaw Worm Horde","floor":44,"turns":1},{"damage":0,"enemies":"Reptomancer","floor":46,"turns":2},{"damage":0,"enemies":"4 Shapes","floor":48,"turns":2},{"damage":0,"enemies":"Spire Growth","floor":49,"turns":1},{"damage":4,"enemies":"SI_POISON_ARCHETYPE","floor":50,"turns":3}],"seed_played":"5776133093266619515","potions_obtained":[{"floor":3.0,"key":"Fruit Juice"},{"floor":8.0,"key":"bronze:CleanCodePotion"},{"floor":14.0,"key":"SkillPotion"},{"floor":15.0,"key":"bronze:CleanCodePotion"},{"floor":16.0,"key":"Ancient Potion"},{"floor":19.0,"key":"Dexterity Potion"},{"floor":21.0,"key":"FearPotion"},{"floor":31,"key":"SpeedPotion"},{"floor":36,"key":"bronze:FreeFunctionsPotion"},{"floor":39,"key":"Energy Potion"},{"floor":44,"key":"PowerPotion"},{"floor":48,"key":"Fruit Juice"},{"floor":49,"key":"AttackPotion"}],"is_trial":false,"path_per_floor":["R","M","M","$","M","R","T","M","M","T","E","$","R","M","M","B",null,"R","M","?","M","M","R","T","M","M","M","R","?","R","E","M","B",null,"R","M","M","?","M","R","T","E","$","M","?","E","R","M","M","B",null],"character_chosen":"THE_AUTOMATON","items_purchased":["bronze:MaxOutput","bronze:InfiniteBeams+1","Chemical X","Bag of Preparation","Lantern","bronze:Turbo+1","bronze:Break","bronze:BronzeArmor"],"campfire_rested":0,"item_purchase_floors":[4,12,43,43,43,43,43,43],"current_hp_per_floor":[70,69,63,68,68,68,68,65,65,65,67,68,68,70,59,55,75,75,75,75,72,75,75,75,63,73,51,51,51,51,60,60,32,75,75,75,75,75,75,75,75,73,73,73,65,79,79,84,84,80],"gold":101,"neow_bonus":"THREE_CARDS","is_daily":false,"chose_seed":false,"campfire_upgraded":9,"win_rate":0.0,"timestamp":1611947099,"path_taken":["R","M","M","$","M","R","T","M","M","?","E","$","R","M","M","BOSS","R","M","?","M","M","R","T","M","M","M","R","?","R","E","M","BOSS","R","M","M","?","M","R","T","E","$","?","?","E","R","M","M","BOSS"],"items_purchased_type":["Card","Card","Relic","Relic","Relic","Card","Card","Card"],"build_version":"2020-12-22","purchased_purges":0,"victory":true,"max_hp_per_floor":[70,70,70,75,75,75,75,75,75,75,75,75,75,75,75,75,75,75,75,75,75,75,75,75,75,75,75,75,75,75,75,75,75,75,75,75,75,75,75,75,75,75,75,75,65,79,79,84,84,84],"card_choices":[{"not_picked":["bronze:BuggyMess","bronze:Deprecate"],"picked":"bronze:BugBarrage","floor":0.0},{"not_picked":["bronze:WhirlingStrike","bronze:Deprecate"],"picked":"bronze:Frontload","floor":2.0},{"not_picked":["bronze:Deprecate","bronze:CutThrough"],"picked":"bronze:BugBarrage","floor":3.0},{"not_picked":["bronze:Flail","bronze:CutThrough"],"picked":"bronze:Repair","floor":4.0},{"not_picked":["bronze:NullPointer","bronze:Separator"],"picked":"bronze:WildBeam","floor":5.0},{"not_picked":["bronze:Iterate","bronze:GetLatest"],"picked":"bronze:Boost","floor":8.0},{"not_picked":["bronze:ChildClass","bronze:Shield"],"picked":"bronze:BugBarrage","floor":9.0},{"not_picked":["bronze:Philosophize","bronze:WildBeam","bronze:Verify","bronze:Repair"],"picked":"SKIP","floor":11.0},{"not_picked":["bronze:Shell","bronze:ChosenStrike","bronze:Terminator"],"picked":"bronze:BugBarrage","floor":12.0},{"not_picked":["bronze:ChildClass","bronze:ClassDefault","bronze:Iterate"],"picked":"bronze:ItsAFeature","floor":14.0},{"not_picked":["bronze:Turbo","bronze:CloningBeam","bronze:Branch"],"picked":"bronze:ItsAFeature","floor":15.0},{"not_picked":["bronze:Break","bronze:Hardcode","bronze:HardenedForm"],"picked":"bronze:FindAndReplace","floor":16.0},{"not_picked":["bronze:Invalidate","bronze:Turbo","bronze:ChildClass"],"picked":"bronze:OilSpill","floor":19.0},{"not_picked":["bronze:FineTuning","bronze:Frontload","bronze:DelayedGuard"],"picked":"bronze:Shield","floor":21.0},{"not_picked":["bronze:OilSpill","bronze:DarkDash","bronze:FineTuning"],"picked":"bronze:Iterate+1","floor":22.0},{"not_picked":["bronze:WhirlingStrike","bronze:Iterate+1","bronze:DelayedSlice+1"],"picked":"bronze:FineTuning","floor":25},{"not_picked":["bronze:CloningBeam+1","bronze:DelayedGuard+1","bronze:WhirlingStrike"],"picked":"bronze:BurnOut","floor":26},{"not_picked":["bronze:Safeguard","bronze:Overheat","bronze:Shell","bronze:WildBeam"],"picked":"SKIP","floor":27},{"not_picked":["bronze:CutThrough","bronze:WhirlingStrike","bronze:Frontload"],"picked":"bronze:Invalidate+1","floor":31},{"not_picked":["bronze:Iterate","bronze:InfiniteBeams","bronze:DarkDash"],"picked":"bronze:BuggyMess","floor":32},{"not_picked":["bronze:DelayedSlice+1","bronze:FineTuning","bronze:Invalidate"],"picked":"bronze:Turbo+1","floor":36},{"not_picked":["bronze:WhirlingStrike","bronze:NullPointer+1","bronze:Overheat+1","bronze:WildBeam"],"picked":"SKIP","floor":37},{"not_picked":["bronze:Turbo+1","bronze:Safeguard","bronze:Shield","bronze:FollowUp"],"picked":"SKIP","floor":39},{"not_picked":["bronze:Frontload+1","bronze:RecursiveStrike","bronze:BuggyMess"],"picked":"bronze:Branch+1","floor":42},{"not_picked":["bronze:DarkDash+1","bronze:CleanCode","bronze:OilSpill"],"picked":"bronze:Repulsor","floor":43},{"not_picked":["bronze:Shield","bronze:BuggyMess+1","bronze:ChildClass+1"],"picked":"bronze:BugBarrage","floor":44},{"not_picked":["bronze:Shield","bronze:Frontload+1","bronze:BugBarrage"],"picked":"bronze:DelayedGuard+1","floor":46},{"not_picked":["bronze:OilSpill","bronze:Frontload","bronze:Deprecate"],"picked":"bronze:MaxOutput","floor":48},{"not_picked":["bronze:Virus","bronze:ForLoop","bronze:CloningBeam","bronze:Refactor"],"picked":"SKIP","floor":49}],"player_experience":983230,"relics_obtained":[{"floor":7.0,"key":"Replay:Bottled Eggs"},{"floor":10.0,"key":"Question Card"},{"floor":11.0,"key":"War Paint"},{"floor":24.0,"key":"Blue Doll"},{"floor":31,"key":"Bronze Scales"},{"floor":42,"key":"Replay:Mystery Machine"},{"floor":46,"key":"Mango"}],"event_choices":[],"is_beta":false,"boss_relics":[{"not_picked":["hubris:VirtuousBlindfold","Replay:Wanted Poster"],"picked":"Astrolabe"},{"not_picked":["Kintsugi","SlaversCollar"],"picked":"hubris:ScarierMask"}],"items_purged_floors":[],"is_endless":false,"potions_floor_spawned":[3,8,14,15,16,19,21,25,31,36,39,44,48,49],"ascension_level":1}}