{"host":"4qkvkh7pd9qr2mca","time":1611961336,"event":{"mods":["AchievementEnabler","Act Like it!","BaseMod","Colored Map","Colored Powertips","Highlight Path","Minty Spire (QoL Compilation)","Pale of the Ancients","Permanent Neow","Quick Restart","Relic Stats","StSLib","SuperFastMode"],"gold_per_floor":[13,27,37,53,53,53,80,80,80,80,20,52,52,2,2,80,80,92,103,41,41,54,54,54],"floor_reached":23,"language":"ENG","playtime":1091,"items_purged":["Regret"],"score":398,"play_id":"38358d5e-907d-4a9e-9742-9bda355727c5","local_time":"20210130000216","is_ascension_mode":true,"campfire_choices":[{"data":"Blade Dance","floor":6,"key":"SMITH"},{"floor":8,"key":"REST"},{"data":"Calculated Gamble","floor":10,"key":"SMITH"},{"floor":13,"key":"REST"},{"data":"Neutralize","floor":15,"key":"SMITH"}],"circlet_count":0,"master_deck":["AscendersBane","Strike_G","Strike_G","Defend_G","Defend_G","Defend_G","Defend_G","Survivor","Neutralize+1","Poisoned Stab","Sucker Punch","Blade Dance+1","Infinite Blades","Escape Plan","Calculated Gamble+1","Adrenaline","Envenom","Blade Dance","Backflip+1","Well Laid Plans+1"],"relics":["Ring of the Snake","The Courier","Pantograph","Letter Opener","Bag of Preparation","Pear","Empty Cage"],"acts_visited":["Exordium","TheCity"],"potions_floor_usage":[4,16],"damage_taken":[{"damage":0,"enemies":"Cultist","floor":1,"turns":3},{"damage":0,"enemies":"2 Louse","floor":2,"turns":2},{"damage":0,"enemies":"Small Slimes","floor":3,"turns":2},{"damage":4,"enemies":"Gremlin Gang","floor":4,"turns":7},{"damage":34,"enemies":"3 Sentries","floor":7,"turns":9},{"damage":19,"enemies":"Gremlin Nob","floor":12,"turns":4},{"damage":26,"enemies":"The Guardian","floor":16,"turns":13},{"damage":10,"enemies":"Shell Parasite","floor":18,"turns":6},{"damage":0,"enemies":"Chosen","floor":19,"turns":3},{"damage":41,"enemies":"Shelled Parasite and Fungi","floor":22,"turns":9},{"damage":22,"enemies":"Gremlin Leader","floor":23,"turns":8}],"seed_played":"940787223639122533","potions_obtained":[{"floor":1,"key":"Poison Potion"},{"floor":12,"key":"DistilledChaos"}],"is_trial":false,"path_per_floor":["M","M","M","M","?","R","E","R","T","R","$","E","R","?","R","B",null,"M","M","$","?","M","E"],"character_chosen":"THE_SILENT","items_purchased":["Well Laid Plans"],"campfire_rested":2,"item_purchase_floors":[20],"current_hp_per_floor":[59,59,59,55,55,55,21,40,40,40,40,21,40,50,50,49,69,59,59,59,59,18,0,0],"gold":54,"neow_bonus":"TRANSFORM_TWO_CARDS","is_daily":false,"chose_seed":false,"campfire_upgraded":3,"win_rate":0.0,"timestamp":1611961336,"path_taken":["M","M","M","M","?","R","E","R","T","R","$","E","R","?","R","BOSS","M","M","?","?","M","E"],"items_purchased_type":["Card"],"build_version":"2020-12-22","purchased_purges":1,"victory":false,"max_hp_per_floor":[66,66,66,66,66,66,66,66,66,66,66,66,66,76,76,76,76,76,76,76,76,76,76,76],"relic_stats":{"counters":[11,66],"Pantograph":25,"Bag of Preparation":[10],"Letter Opener":[87],"obtain_stats":[{"Pear":14,"Pantograph":7,"The Courier":5,"Bag of Preparation":12,"Letter Opener":9,"Empty Cage":17,"Ring of the Snake":0},{"Pear":6,"Pantograph":5,"The Courier":4,"Bag of Preparation":6,"Letter Opener":5,"Empty Cage":7,"Ring of the Snake":0},{"Pear":27,"Pantograph":23,"The Courier":14,"Bag of Preparation":27,"Letter Opener":23,"Empty Cage":40,"Ring of the Snake":0}],"Ring of the Snake":[22]},"card_choices":[{"not_picked":["Expertise","Bane"],"picked":"Blade Dance","floor":1},{"not_picked":["Deflect","Quick Slash"],"picked":"Infinite Blades","floor":2},{"not_picked":["Prepared","Deflect"],"picked":"Escape Plan","floor":3},{"not_picked":["Sucker Punch","Masterful Stab","Concentrate"],"picked":"SKIP","floor":4},{"not_picked":["Riddle With Holes","Quick Slash"],"picked":"Calculated Gamble","floor":7},{"not_picked":["Dagger Throw","Bane"],"picked":"Adrenaline","floor":12},{"not_picked":["Unload","Die Die Die"],"picked":"Envenom","floor":16},{"not_picked":["Quick Slash","Bane"],"picked":"Blade Dance","floor":18},{"not_picked":["Caltrops","Quick Slash"],"picked":"Backflip+1","floor":19},{"not_picked":["Sucker Punch","Underhanded Strike","Slice"],"picked":"SKIP","floor":22}],"player_experience":586534,"relics_obtained":[{"floor":7,"key":"Pantograph"},{"floor":9,"key":"Letter Opener"},{"floor":12,"key":"Bag of Preparation"}],"event_choices":[{"damage_healed":0,"gold_gain":0,"player_choice":"Box","damage_taken":0,"relics_obtained":["The Courier"],"max_hp_gain":0,"max_hp_loss":0,"event_name":"Big Fish","floor":5,"gold_loss":0,"cards_obtained":["Regret"]},{"damage_healed":0,"gold_gain":0,"player_choice":"Paid Gold","damage_taken":0,"relics_obtained":["Pear"],"max_hp_gain":0,"max_hp_loss":0,"event_name":"WeMeetAgain","floor":14,"gold_loss":50},{"damage_healed":0,"gold_gain":0,"player_choice":"Upgraded","damage_taken":0,"max_hp_gain":0,"max_hp_loss":0,"event_name":"Upgrade Shrine","floor":21,"gold_loss":0,"cards_upgraded":["Well Laid Plans"]}],"is_beta":false,"boss_relics":[{"not_picked":["Philosopher\u0027s Stone","Fusion Hammer"],"picked":"Empty Cage"}],"items_purged_floors":[11],"is_endless":false,"potions_floor_spawned":[1,12],"killed_by":"Gremlin Leader","ascension_level":20}}