{"host":"u1ja96cwu1wu8jpx","time":1611945358,"event":{"mods":["BaseMod","Better Match","Colored Map","Minty Spire (QoL Compilation)","Permanent Neow","StSLib"],"gold_per_floor":[18,18,31,51,6,24,39,73,73,84,115,135,57,90,90,90,90],"floor_reached":16,"language":"ENG","playtime":2925,"items_purged":[],"score":156,"play_id":"07b4f5ec-6dac-4740-88b5-9a95b8522378","local_time":"20210129133558","is_ascension_mode":true,"campfire_choices":[{"floor":15,"key":"REST"}],"circlet_count":0,"master_deck":["Strike_G","Strike_G","Strike_G","Defend_G","Defend_G","Defend_G","Defend_G","Survivor","Neutralize","Deadly Poison","Footwork","Dodge and Roll","Deadly Poison","Tools of the Trade","Dodge and Roll","Well Laid Plans"],"relics":["Ring of the Snake","Bird Faced Urn","HornCleat","Ornamental Fan"],"acts_visited":["Exordium"],"potions_floor_usage":[11,11,16,16],"damage_taken":[{"damage":2,"enemies":"Jaw Worm","floor":1,"turns":5},{"damage":0,"enemies":"Cultist","floor":3,"turns":5},{"damage":0,"enemies":"2 Louse","floor":4,"turns":5},{"damage":4,"enemies":"Exordium Wildlife","floor":6,"turns":7},{"damage":5,"enemies":"Lots of Slimes","floor":7,"turns":6},{"damage":14,"enemies":"3 Sentries","floor":8,"turns":11},{"damage":10,"enemies":"Looter","floor":10,"turns":4},{"damage":26,"enemies":"Gremlin Nob","floor":11,"turns":5},{"damage":0,"enemies":"3 Louse","floor":12,"turns":5},{"damage":0,"enemies":"Lagavulin","floor":14,"turns":9},{"damage":74,"enemies":"Slime Boss","floor":16,"turns":20}],"seed_played":"7652723554968346475","potions_obtained":[{"floor":1,"key":"Regen Potion"},{"floor":8,"key":"CunningPotion"},{"floor":10,"key":"LiquidBronze"},{"floor":14,"key":"SpeedPotion"}],"is_trial":false,"path_per_floor":["M","?","M","M","$","M","M","E","T","M","E","M","$","E","R","B"],"character_chosen":"THE_SILENT","items_purchased":["Dodge and Roll","Well Laid Plans"],"campfire_rested":1,"item_purchase_floors":[5,13],"current_hp_per_floor":[68,68,68,68,68,64,59,45,45,39,32,36,36,42,63,0,0],"gold":90,"neow_bonus":"REMOVE_TWO","is_daily":false,"chose_seed":false,"campfire_upgraded":0,"win_rate":0.0,"timestamp":1611945358,"path_taken":["M","?","M","M","?","?","M","E","T","?","E","M","$","E","R","BOSS"],"items_purchased_type":["Card","Card"],"build_version":"2020-12-22","purchased_purges":0,"victory":false,"max_hp_per_floor":[70,70,70,70,70,70,70,70,70,70,70,70,70,70,70,70,70],"card_choices":[{"not_picked":["Tactician","Outmaneuver"],"picked":"Deadly Poison","floor":1},{"not_picked":["Deflect","Heel Hook"],"picked":"Footwork","floor":3},{"not_picked":["Slice","Infinite Blades","Poisoned Stab"],"picked":"SKIP","floor":4},{"not_picked":["Outmaneuver","Quick Slash"],"picked":"Deadly Poison","floor":6},{"not_picked":["Deadly Poison","Terror","Expertise"],"picked":"SKIP","floor":7},{"not_picked":["Backflip","Poisoned Stab"],"picked":"Tools of the Trade","floor":8},{"not_picked":["Distraction","Choke","Prepared"],"picked":"SKIP","floor":10},{"not_picked":["PiercingWail","Bane"],"picked":"Dodge and Roll","floor":11},{"not_picked":["Distraction","Underhanded Strike","Skewer"],"picked":"SKIP","floor":12},{"not_picked":["Dagger Throw","Endless Agony","Choke"],"picked":"SKIP","floor":14}],"player_experience":416370,"relics_obtained":[{"floor":8,"key":"Bird Faced Urn"},{"floor":11,"key":"HornCleat"},{"floor":14,"key":"Ornamental Fan"}],"event_choices":[{"cards_removed":["Strike_G"],"damage_healed":0,"gold_gain":0,"player_choice":"Forget","damage_taken":0,"max_hp_gain":0,"max_hp_loss":0,"event_name":"Living Wall","floor":2,"gold_loss":0}],"is_beta":false,"boss_relics":[],"items_purged_floors":[],"is_endless":false,"potions_floor_spawned":[1,8,10,14],"killed_by":"Slime Boss","ascension_level":1}}