{"host":"1mv6gj0zv8k9e9tz","time":1611917493,"event":{"mods":["AchievementEnabler","BaseMod","Better Third Choice","Colored Map","KOR Keyword Fix","Minty Spire (QoL Compilation)","Permanent Neow","Rare Cards Sparkle","StSLib"],"gold_per_floor":[113,131,131,151,170,170,180,180,180,180,510,510,530,455,455,556,556,566,314,314,331,28,62,62,62,89,105,105,105,124,139,139,235,235,249,249,249,249,249,282,295,309,335,348,368,382,101,117,117,117,117,117,95,95,95],"floor_reached":54,"language":"KOR","playtime":2618,"items_purged":["Strike_B","Strike_B"],"score":1082,"play_id":"3c81c045-aefb-43fb-b233-a9238f92337a","local_time":"20210129195133","is_ascension_mode":true,"campfire_choices":[{"data":"Dualcast","floor":6.0,"key":"SMITH"},{"data":"Zap","floor":8.0,"key":"SMITH"},{"data":"Capacitor","floor":10.0,"key":"SMITH"},{"data":"Conserve Battery","floor":12.0,"key":"SMITH"},{"data":"Ball Lightning","floor":15.0,"key":"SMITH"},{"data":"Coolheaded","floor":24.0,"key":"SMITH"},{"data":"Seek","floor":32.0,"key":"SMITH"},{"floor":49.0,"key":"RECALL"},{"data":"Creative AI","floor":52.0,"key":"SMITH"}],"circlet_count":0,"master_deck":["AscendersBane","Strike_B","Strike_B","Defend_B","Defend_B","Defend_B","Defend_B","Zap+1","Dualcast+1","Seek+1","Conserve Battery+1","Glacier","Capacitor+1","Ball Lightning+1","Reboot","White Noise+1","Turbo+1","Coolheaded+1","Coolheaded+1","Ball Lightning+1","Storm+1","Creative AI+1","Conserve Battery+1","Bandage Up+1","Turbo+1","Dark Shackles+1","Biased Cognition","Barrage+1","Amplify+1","Hologram+1","White Noise+1","Skim+1","Hologram+1","Reboot+1","Steam+1"],"relics":["FrozenCore","Gambling Chip","Old Coin","Meat on the Bone","Runic Capacitor","Matryoshka","Toxic Egg 2","Akabeko","Sozu","Bag of Marbles","Regal Pillow","Blood Vial","Orrery"],"acts_visited":["Exordium","TheCity","TheBeyond","TheEnding"],"potions_floor_usage":[],"damage_taken":[{"damage":9.0,"enemies":"Jaw Worm","floor":1.0,"turns":3.0},{"damage":0.0,"enemies":"2 Louse","floor":2.0,"turns":2.0},{"damage":0.0,"enemies":"Cultist","floor":4.0,"turns":4.0},{"damage":7.0,"enemies":"3 Louse","floor":5.0,"turns":2.0},{"damage":7.0,"enemies":"Exordium Thugs","floor":7.0,"turns":4.0},{"damage":8.0,"enemies":"Lagavulin","floor":11.0,"turns":5.0},{"damage":3.0,"enemies":"Blue Slaver","floor":13.0,"turns":3.0},{"damage":27.0,"enemies":"Hexaghost","floor":16.0,"turns":10.0},{"damage":10.0,"enemies":"2 Thieves","floor":18.0,"turns":5.0},{"damage":20.0,"enemies":"Chosen","floor":21.0,"turns":5.0},{"damage":27.0,"enemies":"Book of Stabbing","floor":23.0,"turns":10.0},{"damage":11.0,"enemies":"Centurion and Healer","floor":27.0,"turns":8.0},{"damage":9.0,"enemies":"Snecko","floor":30.0,"turns":7.0},{"damage":0.0,"enemies":"3 Cultists","floor":31.0,"turns":5.0},{"damage":24.0,"enemies":"Champ","floor":33.0,"turns":12.0},{"damage":0.0,"enemies":"3 Shapes","floor":35.0,"turns":4.0},{"damage":31.0,"enemies":"Reptomancer","floor":40.0,"turns":6.0},{"damage":3.0,"enemies":"Orb Walker","floor":41.0,"turns":3.0},{"damage":2.0,"enemies":"Spire Growth","floor":42.0,"turns":5.0},{"damage":0.0,"enemies":"4 Shapes","floor":44.0,"turns":5.0},{"damage":25.0,"enemies":"Jaw Worm Horde","floor":45.0,"turns":3.0},{"damage":0.0,"enemies":"Spire Growth","floor":46.0,"turns":4.0},{"damage":0.0,"enemies":"3 Darklings","floor":48.0,"turns":3.0},{"damage":41.0,"enemies":"Donu and Deca","floor":50.0,"turns":5.0},{"damage":81,"enemies":"Shield and Spear","floor":54,"turns":5}],"seed_played":"-1174538493006604935","potions_obtained":[{"floor":4.0,"key":"FearPotion"},{"floor":13.0,"key":"Swift Potion"},{"floor":16.0,"key":"EssenceOfSteel"},{"floor":18.0,"key":"PotionOfCapacity"},{"floor":23.0,"key":"FocusPotion"},{"floor":30.0,"key":"Ancient Potion"},{"floor":33.0,"key":"SteroidPotion"}],"is_trial":false,"path_per_floor":["M","M","?","M","M","R","M","R","T","R","E","R","M","$","R","B",null,"M","$","?","M","$","E","R","?","T","M","$","?","M","M","R","B",null,"M","?","?","?","?","E","M","M","T","M","M","M","$","M","R","B",null,"R","$","E"],"character_chosen":"DEFECT","items_purchased":["Meat on the Bone","Runic Capacitor","Coolheaded","Amplify+1","Orrery","Steam+1"],"campfire_rested":0,"item_purchase_floors":[19,22,22,47,47,53],"current_hp_per_floor":[59,59,56,56,49,49,42,42,42,42,34,34,31,31,31,4,57,47,47,47,39,39,24,24,24,24,25,25,25,28,40,40,28,63,63,63,63,63,63,38,41,45,45,53,42,50,50,58,58,37,66,66,66,0,0],"gold":95,"neow_bonus":"ONE_RANDOM_RARE_CARD","is_daily":false,"chose_seed":false,"campfire_upgraded":8,"win_rate":0.0,"timestamp":1611917493,"path_taken":["M","M","?","M","M","R","M","R","T","R","E","R","M","$","R","BOSS","M","$","?","M","$","E","R","?","T","?","$","?","M","M","R","BOSS","M","?","?","?","?","E","M","M","T","M","M","?","$","M","R","BOSS","R","$","E"],"items_purchased_type":["Relic","Relic","Card","Card","Relic","Card"],"build_version":"2020-12-22","purchased_purges":2,"victory":false,"max_hp_per_floor":[75,75,75,75,75,75,75,75,75,75,75,75,75,75,75,75,75,75,75,75,75,75,75,75,75,75,75,75,75,75,75,75,75,75,75,75,75,75,75,75,75,75,75,75,75,75,75,75,75,75,75,75,75,75,75],"card_choices":[{"not_picked":["Stack","Cold Snap"],"picked":"Conserve Battery","floor":1.0},{"not_picked":["Double Energy","Leap"],"picked":"Doom and Gloom","floor":2.0},{"not_picked":["Scrape","Go for the Eyes"],"picked":"Glacier","floor":4.0},{"not_picked":["Meteor Strike","Cold Snap"],"picked":"Capacitor","floor":5.0},{"not_picked":["BootSequence","Scrape"],"picked":"Ball Lightning","floor":7.0},{"not_picked":["Heatsinks","Doom and Gloom","Melter"],"picked":"SKIP","floor":11.0},{"not_picked":["Gash","Go for the Eyes","Sweeping Beam"],"picked":"SKIP","floor":13.0},{"not_picked":["Amplify","Thunder Strike"],"picked":"Reboot","floor":16.0},{"not_picked":["Cold Snap+1","Rebound"],"picked":"White Noise+1","floor":18.0},{"not_picked":["Barrage","Stack"],"picked":"Turbo+1","floor":21.0},{"not_picked":["Sweeping Beam","Reprogram+1","Force Field+1"],"picked":"SKIP","floor":23.0},{"not_picked":["Lockon+1","Skim+1"],"picked":"Ball Lightning+1","floor":27.0},{"not_picked":["Compile Driver","Barrage+1"],"picked":"Storm+1","floor":30.0},{"not_picked":["Storm","Gash","Sweeping Beam"],"picked":"SKIP","floor":31.0},{"not_picked":["Amplify+1","Hyperbeam"],"picked":"Creative AI","floor":33.0},{"not_picked":["Self Repair","Redo+1"],"picked":"Conserve Battery+1","floor":35.0},{"not_picked":["Mayhem","Deep Breath+1"],"picked":"Bandage Up+1","floor":37.0},{"not_picked":["Doom and Gloom","Barrage+1","Beam Cell+1"],"picked":"SKIP","floor":40.0},{"not_picked":["Doom and Gloom","Beam Cell+1"],"picked":"Barrage+1","floor":40.0},{"not_picked":["Gash","Fusion+1","Beam Cell"],"picked":"SKIP","floor":41.0},{"not_picked":["Streamline+1","Gash","Leap+1"],"picked":"SKIP","floor":42.0},{"not_picked":["Gash+1","Sweeping Beam","Self Repair+1"],"picked":"SKIP","floor":44.0},{"not_picked":["Ball Lightning+1","Conserve Battery+1","Doom and Gloom+1"],"picked":"SKIP","floor":45.0},{"not_picked":["Steam Power+1","Darkness+1","Conserve Battery+1"],"picked":"SKIP","floor":46.0},{"not_picked":["Ball Lightning","Gash+1"],"picked":"Hologram+1","floor":47.0},{"not_picked":["Redo+1","Hyperbeam"],"picked":"White Noise+1","floor":47.0},{"not_picked":["Compile Driver+1","Ball Lightning+1"],"picked":"Skim+1","floor":47.0},{"not_picked":["Coolheaded+1","Darkness+1"],"picked":"Hologram+1","floor":47.0},{"not_picked":["Storm+1","Fusion+1"],"picked":"Reboot+1","floor":47.0},{"not_picked":["Go for the Eyes","Force Field+1","Hologram+1"],"picked":"SKIP","floor":48.0}],"player_experience":588349,"relics_obtained":[{"floor":11.0,"key":"Old Coin"},{"floor":23.0,"key":"Matryoshka"},{"floor":26.0,"key":"Toxic Egg 2"},{"floor":26.0,"key":"Akabeko"},{"floor":40.0,"key":"Bag of Marbles"},{"floor":43.0,"key":"Regal Pillow"},{"floor":43.0,"key":"Blood Vial"}],"event_choices":[{"damage_healed":0.0,"max_hp_gain":0.0,"max_hp_loss":0.0,"gold_gain":0.0,"event_name":"betterThird:BetterScrap","player_choice":"Relic ","floor":3.0,"gold_loss":0.0,"damage_taken":3.0,"cards_obtained":["Inflame"]},{"damage_healed":0.0,"max_hp_gain":0.0,"max_hp_loss":0.0,"gold_gain":0.0,"event_name":"Ghosts","player_choice":"Ignored","floor":20.0,"gold_loss":0.0,"damage_taken":0.0},{"damage_healed":0.0,"max_hp_gain":0.0,"max_hp_loss":0.0,"gold_gain":0.0,"event_name":"Duplicator","player_choice":"Copied","floor":25.0,"gold_loss":0.0,"damage_taken":0.0,"cards_obtained":["Coolheaded"]},{"damage_healed":0.0,"max_hp_gain":0.0,"max_hp_loss":0.0,"gold_gain":0.0,"event_name":"Vampires","player_choice":"Ignored","floor":29.0,"gold_loss":0.0,"damage_taken":0.0},{"cards_removed":["Doom and Gloom"],"damage_healed":0.0,"max_hp_gain":0.0,"max_hp_loss":0.0,"gold_gain":0.0,"event_name":"Falling","player_choice":"Removed Attack","floor":36.0,"gold_loss":0.0,"damage_taken":0.0},{"damage_healed":0.0,"max_hp_gain":0.0,"max_hp_loss":0.0,"gold_gain":0.0,"event_name":"SensoryStone","player_choice":"Memory 1","floor":37.0,"gold_loss":0.0,"damage_taken":0.0},{"damage_healed":0.0,"max_hp_gain":0.0,"max_hp_loss":0.0,"gold_gain":0.0,"event_name":"Tomb of Lord Red Mask","player_choice":"Ignored","floor":38.0,"gold_loss":0.0,"damage_taken":0.0},{"damage_healed":0.0,"max_hp_gain":0.0,"max_hp_loss":0.0,"gold_gain":0.0,"event_name":"Match and Keep!","player_choice":"3 cards matched","floor":39.0,"gold_loss":0.0,"damage_taken":0.0,"cards_obtained":["Turbo","Dark Shackles","Biased Cognition"]}],"is_beta":false,"boss_relics":[{"not_picked":["Ectoplasm","SacredBark"],"picked":"FrozenCore"},{"not_picked":["Tiny House","Velvet Choker"],"picked":"Sozu"}],"items_purged_floors":[14,22],"is_endless":false,"potions_floor_spawned":[4,13,16,18,23,30,33,35,44,45],"killed_by":"Shield and Spear","ascension_level":11}}