{"host":"kexkhla8w40hzbr7","time":1611903871,"event":{"mods":["BaseMod","Colored Map","Downfall","Highlight Path","Minty Spire (QoL Compilation)","Remove Card Discount Mod","StSLib","The Jungle"],"gold_per_floor":[99,116,191,291,291,308,308,325,344,1,1,1,11,22,32,134,184,184,194,194,209,57,71,121,139,156,167,167,179,194,209,229,328,328,328,343,363,204,216,49,49,67,168,168,180,180,198,198,198,198],"floor_reached":48,"language":"ENG","playtime":3262,"items_purged":["Slimebound:Strike_Slimebound","Slimebound:Defend_Slimebound","Slimebound:Tackle","Defend_B","Slimebound:Strike_Slimebound","Slimebound:Defend_Slimebound"],"score":486,"play_id":"94b9d932-1d42-466b-a273-4067c98dc67b","local_time":"20210129010431","is_ascension_mode":false,"campfire_choices":[{"data":"Slimebound:Split","floor":1.0,"key":"SMITH"},{"data":"Slimebound:GoopSpray","floor":11.0,"key":"SMITH"},{"data":"Slimebound:SamplingLick","floor":18.0,"key":"SMITH"},{"floor":28.0,"key":"REST"},{"data":"Slimebound:MegaLick","floor":35,"key":"SMITH"},{"floor":46,"key":"REST"}],"circlet_count":0,"master_deck":["Slimebound:Split+1","Slimebound:CorrosiveSpit+1","Slimebound:GoopSpray+1","Slimebound:RainOfGoop","Slimebound:LeechingTouch","Slimebound:LivingWall","Slimebound:SamplingLick+1","Slimebound:AcidTongue+1","Slimebound:SpikyOuterGoop+1","Slimebound:GoopSpray","Slimebound:MegaLick+1","Slimebound:LeechingTouch","Slimebound:LeechingTouch","Slimebound:MegaLick+1","Slimebound:SpikyOuterGoop+1","Slimebound:SamplingLick+1","Slimebound:MegaLick"],"relics":["Slimebound:AbsorbEndCombat","Bag of Preparation","Frozen Egg 2","Tiny House","Ancient Tea Set","Runic Pyramid","Vajra","Frozen Eye","Thread and Needle","Letter Opener"],"acts_visited":["Exordium","TheCity","TheBeyond"],"potions_floor_usage":[37,40,43,43],"damage_taken":[{"damage":0.0,"enemies":"Jaw Worm","floor":2.0,"turns":4.0},{"damage":1.0,"enemies":"2 Louse","floor":6.0,"turns":2.0},{"damage":3.0,"enemies":"Small Slimes","floor":8.0,"turns":2.0},{"damage":2.0,"enemies":"Exordium Thugs","floor":9.0,"turns":3.0},{"damage":0.0,"enemies":"downfall:FleeingMerchant","floor":10.0,"turns":4.0},{"damage":5.0,"enemies":"Blue Slaver","floor":13.0,"turns":5.0},{"damage":24.0,"enemies":"Gremlin Gang","floor":14.0,"turns":5.0},{"damage":6.0,"enemies":"Exordium Thugs","floor":15.0,"turns":3.0},{"damage":21.0,"enemies":"WA_ARCHETYPE_RETAIN","floor":16.0,"turns":7.0},{"damage":15.0,"enemies":"3 Byrds","floor":19.0,"turns":5.0},{"damage":17.0,"enemies":"Snake Plant","floor":21.0,"turns":5.0},{"damage":3.0,"enemies":"downfall:FleeingMerchant","floor":22.0,"turns":4.0},{"damage":12.0,"enemies":"Shelled Parasite and Fungi","floor":23.0,"turns":5.0},{"damage":16.0,"enemies":"Sentry and Sphere","floor":25.0,"turns":7.0},{"damage":18.0,"enemies":"Snecko","floor":26.0,"turns":6.0},{"damage":4.0,"enemies":"Cultist and Chosen","floor":27.0,"turns":6.0},{"damage":5.0,"enemies":"Snake Plant","floor":29.0,"turns":2.0},{"damage":18.0,"enemies":"Centurion and Healer","floor":30.0,"turns":7.0},{"damage":15.0,"enemies":"Snecko","floor":31.0,"turns":5.0},{"damage":0.0,"enemies":"Snake Plant","floor":32.0,"turns":4.0},{"damage":16.0,"enemies":"SI_MIRROR_ARCHETYPE","floor":33.0,"turns":14.0},{"damage":0,"enemies":"3 Shapes","floor":36,"turns":4},{"damage":6,"enemies":"3 Darklings","floor":37,"turns":8},{"damage":15,"enemies":"downfall:FleeingMerchant","floor":38,"turns":4},{"damage":0,"enemies":"Sphere and 2 Shapes","floor":39,"turns":5},{"damage":5,"enemies":"downfall:FleeingMerchant","floor":40,"turns":4},{"damage":17,"enemies":"4 Shapes","floor":42,"turns":5},{"damage":11,"enemies":"downfall:FleeingMerchant","floor":43,"turns":3},{"damage":12,"enemies":"Spire Growth","floor":45,"turns":4},{"damage":1,"enemies":"Maw","floor":47,"turns":6},{"damage":54,"enemies":"Sphere and 2 Shapes","floor":48,"turns":3}],"seed_played":"-7840745481422864535","potions_obtained":[{"floor":2.0,"key":"Strength Potion"},{"floor":13.0,"key":"Dexterity Potion"},{"floor":15.0,"key":"Block Potion"},{"floor":32.0,"key":"Block Potion"},{"floor":33.0,"key":"Swift Potion"},{"floor":36,"key":"Slimebound:SlimedPotion"},{"floor":39,"key":"champ:CounterPotion"},{"floor":42,"key":"Weak Potion"}],"is_trial":false,"path_per_floor":["R","M","?","?","?","M","T","M","M","$","R","?","M","M","M","B",null,"R","M","?","M","$","M","T","M","M","M","R","M","M","M","M","B",null,"R","M","M","$","M","$","T","M","$","?","M","R","M","M"],"character_chosen":"SLIMEBOUND","items_purchased":["Slimebound:LivingWall","Frozen Egg 2","Slimebound:SamplingLick","Slimebound:MegaLick","Slimebound:LeechingTouch","Vajra","Frozen Eye","Letter Opener"],"campfire_rested":2,"item_purchase_floors":[10,10,10,22,22,38,40,43],"current_hp_per_floor":[65,65,65,65,65,65,65,65,65,65,65,65,62,46,44,25,70,70,61,61,48,45,37,37,29,15,15,36,33,21,10,16,8,70,70,70,70,57,63,60,60,51,42,42,32,53,54,0,0,0],"gold":198,"neow_bonus":"UPGRADE_CARD","is_daily":false,"chose_seed":false,"campfire_upgraded":4,"win_rate":0.0,"timestamp":1611903871,"path_taken":["R","M","?","?","?","M","T","?","M","$","R","?","?","M","M","BOSS","R","M","?","M","$","?","T","M","M","M","R","?","M","?","M","BOSS","R","M","M","$","M","$","T","?","$","?","M","R","?","M"],"items_purchased_type":["Card","Relic","Card","Card","Card","Relic","Relic","Relic"],"build_version":"2020-12-22","purchased_purges":6,"victory":false,"max_hp_per_floor":[65,65,65,65,65,65,65,65,65,65,65,65,65,65,65,65,70,70,70,70,70,70,70,70,70,70,70,70,70,70,70,70,70,70,70,70,70,70,70,70,70,70,70,70,70,70,70,70,70,70],"card_choices":[{"not_picked":["Slimebound:Repurpose","Slimebound:RejuvenatingLick"],"picked":"Slimebound:GoopSpray","floor":2.0},{"not_picked":["Slimebound:HauntingLick","Slimebound:RainOfGoop"],"picked":"Slimebound:LeechingTouch","floor":6.0},{"not_picked":["Slimebound:SlimeSpikes","Slimebound:SamplingLick","Slimebound:ComboTackle"],"picked":"SKIP","floor":8.0},{"not_picked":["Slimebound:RollThrough","Slimebound:Gluttony","Slimebound:SlimeSpikes"],"picked":"SKIP","floor":9.0},{"not_picked":["Slimebound:PressTheAttack","Slimebound:Gluttony","Slimebound:SplitAcid"],"picked":"SKIP","floor":10.0},{"not_picked":["Slimebound:HauntingLick","Slimebound:ComboTackle"],"picked":"Slimebound:AcidTongue+1","floor":13.0},{"not_picked":["Slimebound:ProtectTheBoss+1","Slimebound:LeechEnergy","Slimebound:SplitLeeching"],"picked":"SKIP","floor":14.0},{"not_picked":["Slimebound:SplitLeeching","Slimebound:Chomp"],"picked":"Slimebound:SpikyOuterGoop+1","floor":15.0},{"not_picked":["Slimebound:FinishingTackle+1","Slimebound:LeechEnergy","Slimebound:BestDefense+1"],"picked":"SKIP","floor":19.0},{"not_picked":["Slimebound:HauntingLick+1","Slimebound:GrowthPunch"],"picked":"Slimebound:GoopSpray","floor":21.0},{"not_picked":["Slimebound:Schlurp","Slimebound:MinionMaster+1","Slimebound:PressTheAttack+1"],"picked":"SKIP","floor":22.0},{"not_picked":["Slimebound:GrowthPunch","Slimebound:FlameTackle"],"picked":"Slimebound:LeechingTouch","floor":23.0},{"not_picked":["Slimebound:Schlurp","Slimebound:SplitAcid+1"],"picked":"Slimebound:MegaLick+1","floor":25.0},{"not_picked":["Slimebound:FinishingTackle","Slimebound:PressTheAttack"],"picked":"Slimebound:SpikyOuterGoop+1","floor":26.0},{"not_picked":["Slimebound:Prepare+1","Slimebound:Dissolve","Slimebound:MegaLick"],"picked":"SKIP","floor":27.0},{"not_picked":["Slimebound:ComboTackle","Slimebound:SplitBruiser+1"],"picked":"Slimebound:SamplingLick+1","floor":29.0},{"not_picked":["Slimebound:Repurpose","Slimebound:PressTheAttack","Slimebound:SelfFormingGoo+1"],"picked":"SKIP","floor":30.0},{"not_picked":["Slimebound:FormOfPuddle","Slimebound:Nibble","Slimebound:SlimeSpikes"],"picked":"SKIP","floor":31.0},{"not_picked":["Slimebound:LeechEnergy","Slimebound:SamplingLick","Slimebound:RollThrough"],"picked":"SKIP","floor":32.0},{"not_picked":["Slimebound:GoopSpray","Slimebound:SplitLeeching+1","Slimebound:LeechingTouch"],"picked":"SKIP","floor":36},{"not_picked":["Slimebound:SplitMire+1","Slimebound:PressTheAttack"],"picked":"Slimebound:MegaLick","floor":37},{"not_picked":["Slimebound:PressTheAttack","Slimebound:SlimeSpikes+1","Slimebound:TongueLash"],"picked":"SKIP","floor":38},{"not_picked":["Slimebound:MegaLick","Slimebound:GoopSpray+1","Slimebound:SplitMire+1"],"picked":"SKIP","floor":39},{"not_picked":["Slimebound:PressTheAttack+1","Slimebound:LeechEnergy","Slimebound:LeadByExample+1"],"picked":"SKIP","floor":40},{"not_picked":["Slimebound:ProtectTheBoss+1","Slimebound:TongueLash","Slimebound:SlimeSpikes+1"],"picked":"SKIP","floor":42},{"not_picked":["Slimebound:LeadByExample+1","Slimebound:FinishingTackle+1","Slimebound:Teamwork"],"picked":"SKIP","floor":43},{"not_picked":["Slimebound:FlameTackle+1","Slimebound:MegaLick","Slimebound:SplitAcid+1"],"picked":"SKIP","floor":45},{"not_picked":["Slimebound:Schlurp+1","Slimebound:ItLooksTasty+1","Slimebound:SplitBruiser+1"],"picked":"SKIP","floor":47}],"player_experience":33093,"relics_obtained":[{"floor":7.0,"key":"Bag of Preparation"},{"floor":24.0,"key":"Ancient Tea Set"},{"floor":41,"key":"Thread and Needle"}],"event_choices":[{"damage_healed":0.0,"max_hp_gain":0.0,"max_hp_loss":0.0,"gold_gain":0.0,"cards_transformed":["Slimebound:Defend_Slimebound"],"event_name":"Living Wall","player_choice":"Change","floor":5.0,"gold_loss":0.0,"damage_taken":0.0,"cards_obtained":["Slimebound:RainOfGoop"]},{"cards_removed":["Slimebound:Defend_Slimebound"],"damage_healed":0.0,"max_hp_gain":0.0,"max_hp_loss":0.0,"gold_gain":0.0,"event_name":"NoteForYourself","player_choice":"Took Card","floor":20.0,"gold_loss":0.0,"damage_taken":0.0,"cards_obtained":["Defend_B"]}],"is_beta":false,"boss_relics":[{"not_picked":["Fusion Hammer","Black Star"],"picked":"Tiny House"},{"not_picked":["bronze:MakeshiftBattery","Cursed Key"],"picked":"Runic Pyramid"}],"items_purged_floors":[10,10,10,22,22,22],"is_endless":false,"potions_floor_spawned":[2,13,15,16,19,27,29,32,33,36,39,42],"killed_by":"Sphere and 2 Shapes","ascension_level":0}}