{"host":"vm3f1ccwgbs4oygt","time":1611960475,"event":{"mods":["BaseMod","Bestiary","BetterRewards","Block Reminder","Colored Powertips","Highlight Path","Minty Spire (QoL Compilation)","Permanent Neow","Relic Stats","Shop Mod","StSLib"],"gold_per_floor":[118,132,151,151,151,178,143,171,194,194,213,213,67,93,93,93,93],"floor_reached":16,"language":"ENG","playtime":1696,"items_purged":[],"score":130,"play_id":"52ef1348-6284-4f76-ad03-7502d0fd3c5a","local_time":"20210129234755","is_ascension_mode":true,"campfire_choices":[{"floor":10,"key":"REST"},{"data":"After Image","floor":12,"key":"SMITH"},{"floor":15,"key":"REST"}],"circlet_count":0,"master_deck":["Strike_G","Strike_G","Strike_G+1","Strike_G","Defend_G","Defend_G","Defend_G","Defend_G","Defend_G","Survivor","Neutralize+1","Catalyst","Quick Slash","Poisoned Stab","Outmaneuver","After Image+1","Prepared","PiercingWail"],"relics":["Ring of the Snake","Blood Vial","Regal Pillow","Whetstone","Ninja Scroll","Happy Flower"],"acts_visited":["Exordium"],"potions_floor_usage":[6,8,16],"damage_taken":[{"damage":0,"enemies":"Jaw Worm","floor":1,"turns":6},{"damage":0,"enemies":"Small Slimes","floor":2,"turns":4},{"damage":0,"enemies":"2 Louse","floor":3,"turns":2},{"damage":24,"enemies":"3 Sentries","floor":6,"turns":11},{"damage":53,"enemies":"Gremlin Nob","floor":8,"turns":6},{"damage":25,"enemies":"Lots of Slimes","floor":11,"turns":5},{"damage":2,"enemies":"3 Sentries","floor":14,"turns":10},{"damage":78,"enemies":"Hexaghost","floor":16,"turns":17}],"seed_played":"2896792946684706551","potions_obtained":[{"floor":2,"key":"Block Potion"},{"floor":3,"key":"PowerPotion"},{"floor":14,"key":"LiquidMemories"}],"is_trial":false,"path_per_floor":["M","M","M","?","?","E","?","E","T","R","M","R","?","E","R","B"],"character_chosen":"THE_SILENT","items_purchased":[],"campfire_rested":2,"item_purchase_floors":[],"current_hp_per_floor":[70,70,70,70,75,51,69,18,18,55,32,32,32,32,69,0,0],"gold":93,"neow_bonus":"REMOVE_CARD","is_daily":false,"chose_seed":false,"campfire_upgraded":1,"win_rate":0.0,"timestamp":1611960475,"path_taken":["M","M","M","?","?","E","?","E","T","R","M","R","?","E","R","BOSS"],"items_purchased_type":[],"build_version":"2020-12-22","purchased_purges":0,"victory":false,"max_hp_per_floor":[70,70,70,70,75,75,75,75,75,75,75,75,75,75,75,75,75],"relic_stats":{"Blood Vial":8,"Regal Pillow":30,"Happy Flower":[5],"counters":[8,61],"Whetstone":["Neutralize","Strike_G"],"obtain_stats":[{"Blood Vial":6,"Regal Pillow":8,"Happy Flower":14,"Ninja Scroll":13,"Whetstone":9,"Ring of the Snake":0},{"Blood Vial":4,"Regal Pillow":5,"Happy Flower":7,"Ninja Scroll":6,"Whetstone":5,"Ring of the Snake":0},{"Blood Vial":23,"Regal Pillow":29,"Happy Flower":44,"Ninja Scroll":34,"Whetstone":29,"Ring of the Snake":0}],"Ring of the Snake":[16]},"card_choices":[{"not_picked":["Outmaneuver","Blur"],"picked":"Catalyst","floor":1},{"not_picked":["Sucker Punch","Calculated Gamble"],"picked":"Quick Slash","floor":2},{"not_picked":["Flying Knee","Cloak And Dagger"],"picked":"Poisoned Stab","floor":3},{"not_picked":["Expertise","Riddle With Holes"],"picked":"Outmaneuver","floor":6},{"not_picked":["Backflip","Dagger Throw"],"picked":"After Image","floor":8},{"not_picked":["Cloak And Dagger","Sucker Punch"],"picked":"Prepared","floor":11},{"not_picked":["Sucker Punch","Dagger Spray"],"picked":"PiercingWail","floor":14}],"player_experience":992022,"relics_obtained":[{"floor":6,"key":"Blood Vial"},{"floor":8,"key":"Regal Pillow"},{"floor":9,"key":"Whetstone"},{"floor":14,"key":"Happy Flower"}],"event_choices":[{"damage_healed":0,"gold_gain":0,"player_choice":"Ignored","damage_taken":0,"max_hp_gain":0,"max_hp_loss":0,"event_name":"Liars Game","floor":4,"gold_loss":0},{"damage_healed":0,"gold_gain":0,"player_choice":"Donut","damage_taken":0,"max_hp_gain":5,"max_hp_loss":0,"event_name":"Big Fish","floor":5,"gold_loss":0},{"damage_healed":18,"gold_gain":0,"player_choice":"Healed","damage_taken":0,"max_hp_gain":0,"max_hp_loss":0,"event_name":"The Cleric","floor":7,"gold_loss":35},{"damage_healed":0,"gold_gain":0,"player_choice":"Paid Gold","damage_taken":0,"relics_obtained":["Ninja Scroll"],"max_hp_gain":0,"max_hp_loss":0,"event_name":"WeMeetAgain","floor":13,"gold_loss":146}],"is_beta":false,"boss_relics":[],"items_purged_floors":[],"is_endless":false,"potions_floor_spawned":[2,3,14],"killed_by":"Hexaghost","ascension_level":2}}