{"host":"ctlqibkg0sskiu65","time":1611879261,"event":{"mods":["AchievementEnabler","Aspiration","BaseMod","BetterRewards","Colored Map","Colored Powertips","Conspire","Fiend Mod","Infinite Spire","Minty Spire (QoL Compilation)","Quick Restart","Replay The Spire","Shop Mod","StSLib","The Bladedancer","The Cursed","The Hierophant","The Jungle","The Kombatant","The Servant 0.9.4","TheBandit"],"gold_per_floor":[109,129,149,163,183,183,210,210,237,256,256,256,276,288,288,288,288],"floor_reached":16,"language":"ENG","playtime":520,"items_purged":[],"score":201,"play_id":"2844a134-043a-4a29-84c2-833de3971222","local_time":"20210128181421","is_ascension_mode":true,"campfire_choices":[{"floor":6,"key":"REST"},{"data":"Burst","floor":8,"key":"SMITH"},{"floor":15,"key":"REST"}],"circlet_count":0,"master_deck":["AscendersBane","Strike_G","Strike_G","Strike_G","Strike_G","Strike_G","Defend_G","Defend_G","Defend_G","Defend_G","Defend_G","Survivor","Neutralize","Deadly Poison","Replay:Poison Smokescreen","Deflect","Dagger Spray","Sucker Punch","Burst+1","Hidden Blade","Neutralize","Dodge and Roll","Dagger Spray"],"relics":["Ring of the Snake","Replay:Bottled Snecko","Art of War","conspire:DeflatedDodgeball"],"acts_visited":["Exordium"],"potions_floor_usage":[13,14,16],"damage_taken":[{"damage":3.0,"enemies":"Cultist","floor":1.0,"turns":4.0},{"damage":0.0,"enemies":"Jaw Worm","floor":2.0,"turns":3.0},{"damage":4,"enemies":"Small Slimes","floor":3,"turns":5},{"damage":6,"enemies":"Looter","floor":4,"turns":4},{"damage":9,"enemies":"3 Louse","floor":5,"turns":4},{"damage":30,"enemies":"3 Sentries","floor":7,"turns":10},{"damage":5,"enemies":"2 Fungi Beasts","floor":10,"turns":4},{"damage":4,"enemies":"Exordium Thugs","floor":13,"turns":4},{"damage":7,"enemies":"Looter","floor":14,"turns":3},{"damage":34,"enemies":"Slime Boss","floor":16,"turns":3}],"seed_played":"5069496183439462913","potions_obtained":[{"floor":1.0,"key":"CunningPotion"},{"floor":4,"key":"Energy Potion"},{"floor":10,"key":"Explosive Potion"},{"floor":13,"key":"EssenceOfSteel"}],"is_trial":false,"path_per_floor":["M","M","M","M","M","R","E","R","T","M","T","?","M","M","R","B"],"character_chosen":"THE_SILENT","items_purchased":["Deadly Poison"],"campfire_rested":2,"item_purchase_floors":[0],"current_hp_per_floor":[56,56,52,46,37,56,26,26,26,21,21,21,17,10,29,0,0],"gold":288,"neow_bonus":"","is_daily":false,"chose_seed":false,"campfire_upgraded":1,"win_rate":0.0,"timestamp":1611879261,"path_taken":["M","?","M","M","M","R","E","R","T","M","?","?","M","M","R","BOSS"],"items_purchased_type":["Card"],"build_version":"2020-12-22","purchased_purges":0,"victory":false,"max_hp_per_floor":[66,66,66,66,66,66,66,66,66,66,66,66,66,66,66,66,66],"card_choices":[{"not_picked":["Backflip","Dagger Throw"],"picked":"Replay:Poison Smokescreen","floor":1.0},{"not_picked":["Eviscerate","Riddle With Holes"],"picked":"Deflect","floor":2.0},{"not_picked":["Deflect","Slice"],"picked":"Dagger Spray","floor":3},{"not_picked":["Blur","PiercingWail"],"picked":"Sucker Punch","floor":4},{"not_picked":["Hidden Blade","Masterful Stab","Concentrate"],"picked":"SKIP","floor":5},{"not_picked":["Flying Knee","Footwork"],"picked":"Burst","floor":7},{"not_picked":["Endless Agony","Dodge and Roll","Outmaneuver"],"picked":"SKIP","floor":10},{"not_picked":["Cloak And Dagger","Backflip"],"picked":"Dodge and Roll","floor":13},{"not_picked":["Sucker Punch","Terror"],"picked":"Dagger Spray","floor":14}],"player_experience":255022,"relics_obtained":[{"floor":7,"key":"Replay:Bottled Snecko"},{"floor":9,"key":"Art of War"},{"floor":11,"key":"conspire:DeflatedDodgeball"}],"event_choices":[{"damage_healed":0,"gold_gain":0,"player_choice":"2 cards matched","damage_taken":0,"max_hp_gain":0,"max_hp_loss":0,"event_name":"Match and Keep!","floor":12,"gold_loss":0,"cards_obtained":["Hidden Blade","Neutralize"]}],"is_beta":false,"boss_relics":[],"items_purged_floors":[],"is_endless":false,"potions_floor_spawned":[1,4,10,13],"killed_by":"Slime Boss","ascension_level":18}}