{"host":"hkj1blq6xqcrzx6o","time":1611930812,"event":{"mods":["BaseMod","Downfall","Marisa£®ÏF”Í°°ƒß¿Ì…≥£©","Minty Spire (QoL Compilation)","Reimu£®≤©¿ˆ¡È√Œ£©","Remilia£®¿Ÿ√◊¿Ú—«£©","Replay The Spire","StSLib","The Cursed","The Senshi","The Servant 0.9.4"],"gold_per_floor":[99,111,121,135,135,135,181,181,18,18,118,118,43,59,69,69,69,69],"floor_reached":16,"language":"ZHS","playtime":678,"items_purged":[],"score":90,"play_id":"c5768282-13d1-4488-9ddc-98f9008ec66d","local_time":"20210129223332","is_ascension_mode":false,"campfire_choices":[{"floor":10,"key":"RECALL"}],"circlet_count":0,"master_deck":["bronze:Strike","bronze:Strike","bronze:Strike","bronze:Defend","bronze:Defend","bronze:Defend","bronze:Replicate","bronze:Goto","bronze:SpaghettiCode","bronze:BronzeOrb","bronze:GetLatest","bronze:Allocate","bronze:ChosenStrike","bronze:DelayedSlice","bronze:ClassDefault","bronze:Break","bronze:Optimize","bronze:Optimize","bronze:BronzeOrb","bronze:Shell"],"relics":["bronze:BronzeCore","Juzu Bracelet","bronze:SilverBullet","White Beast Statue"],"acts_visited":["Exordium"],"potions_floor_usage":[11,16,16,16],"damage_taken":[{"damage":0,"enemies":"Small Slimes","floor":2,"turns":1},{"damage":0,"enemies":"Jaw Worm","floor":3,"turns":5},{"damage":0,"enemies":"Cultist","floor":4,"turns":2},{"damage":10,"enemies":"downfall:FleeingMerchant","floor":9,"turns":4},{"damage":8,"enemies":"downfall:LadyInBlue","floor":11,"turns":4},{"damage":15,"enemies":"downfall:FleeingMerchant","floor":13,"turns":4},{"damage":0,"enemies":"3 Louse","floor":14,"turns":2},{"damage":7,"enemies":"Blue Slaver","floor":15,"turns":3},{"damage":41,"enemies":"DF_ARCHETYPE_STREAMLINE","floor":16,"turns":4}],"seed_played":"-7942122600476993767","potions_obtained":[{"floor":2,"key":"Swift Potion"},{"floor":4,"key":"Explosive Potion"},{"floor":11,"key":"bronze:FreeFunctionsPotion"},{"floor":11,"key":"Fruit Juice"},{"floor":11,"key":"ColorlessPotion"},{"floor":13,"key":"bronze:BuildAFunctionPotion"}],"is_trial":false,"path_per_floor":["R","M","M","M","?","?","T","?","$","R","?","?","$","M","M","B"],"character_chosen":"THE_AUTOMATON","items_purchased":["bronze:SilverBullet","bronze:Optimize"],"campfire_rested":0,"item_purchase_floors":[9,13],"current_hp_per_floor":[77,77,77,77,77,77,77,70,60,60,57,57,42,42,35,0,0,0],"gold":69,"neow_bonus":"TEN_PERCENT_HP_BONUS","is_daily":false,"chose_seed":false,"campfire_upgraded":0,"win_rate":0.0,"timestamp":1611930812,"path_taken":["R","M","M","M","?","?","T","?","?","R","?","?","$","M","M","BOSS"],"items_purchased_type":["Relic","Card"],"build_version":"2020-12-22","purchased_purges":0,"victory":false,"max_hp_per_floor":[77,77,77,77,77,77,77,77,77,77,82,82,82,82,82,82,82,82],"card_choices":[{"not_picked":["bronze:Invalidate","bronze:Fortify"],"picked":"bronze:BronzeOrb","floor":2},{"not_picked":["bronze:Frontload","bronze:BronzeOrb"],"picked":"bronze:GetLatest","floor":3},{"not_picked":["bronze:Frontload","bronze:FineTuning"],"picked":"bronze:Allocate","floor":4},{"not_picked":["bronze:BuggyMess","bronze:WildBeam"],"picked":"bronze:DelayedSlice","floor":9},{"not_picked":["bronze:BitShift","bronze:WildBeam"],"picked":"bronze:ClassDefault","floor":11},{"not_picked":["bronze:Repair","bronze:ItsAFeature"],"picked":"bronze:Break","floor":13},{"not_picked":["bronze:BronzeArmor","bronze:Overheat"],"picked":"bronze:BronzeOrb","floor":14},{"not_picked":["bronze:DelayedSlice","bronze:WhirlingStrike"],"picked":"bronze:Shell","floor":15}],"player_experience":13768,"relics_obtained":[{"floor":11,"key":"White Beast Statue"}],"event_choices":[{"damage_healed":0,"gold_gain":0,"cards_transformed":["bronze:Defend"],"player_choice":"Change","damage_taken":0,"max_hp_gain":0,"max_hp_loss":0,"event_name":"Living Wall","floor":6,"gold_loss":0,"cards_obtained":["bronze:ChosenStrike"]},{"damage_healed":0,"gold_gain":0,"player_choice":"Success","damage_taken":7,"relics_obtained":["Juzu Bracelet"],"max_hp_gain":0,"max_hp_loss":0,"event_name":"Scrap Ooze","floor":8,"gold_loss":0}],"is_beta":false,"boss_relics":[],"items_purged_floors":[],"is_endless":false,"potions_floor_spawned":[2,4,13,14,15],"killed_by":"DF_ARCHETYPE_STREAMLINE","ascension_level":0}}