{"host":"c3lc60y5x60jlt1y","time":1611900081,"event":{"mods":["AchievementEnabler","BaseMod","Bestiary","Colored Map","Minty Spire (QoL Compilation)","Quick Restart","StSLib","ojb\u0027s Info Mod"],"gold_per_floor":[111,111,8,8,19,19,19,19,19,19,33,108,121,140,140,242,242,262,92,92,102,116,116,130,130,130,130,130,142,142,142,142,239,239,251,251,251,266,286,286,301,301,301],"floor_reached":42,"language":"ENG","playtime":2658,"items_purged":["Defend_P"],"score":438,"play_id":"f1b5302c-effb-4266-be48-ee94455284af","local_time":"20210129080121","is_ascension_mode":false,"campfire_choices":[{"data":"Meditate","floor":6.0,"key":"SMITH"},{"data":"Eruption","floor":8.0,"key":"SMITH"},{"data":"PathToVictory","floor":10.0,"key":"SMITH"},{"data":"Ragnarok","floor":15.0,"key":"SMITH"},{"data":"Adaptation","floor":23.0,"key":"SMITH"},{"data":"Vigilance","floor":27,"key":"SMITH"},{"data":"TalkToTheHand","floor":30,"key":"SMITH"},{"data":"Establishment","floor":32,"key":"SMITH"},{"data":"Omniscience","floor":40,"key":"SMITH"}],"circlet_count":0,"master_deck":["Strike_P","Strike_P","Defend_P","Defend_P","Eruption+1","Vigilance+1","PathToVictory+1","Adaptation+1","Conclude","Meditate+1","TalkToTheHand+1","Ragnarok+1","Establishment+1","InnerPeace","EmptyFist","FlurryOfBlows","MentalFortress","Wireheading","PathToVictory+1","Wallop+1","Indignation","FlurryOfBlows","Omniscience+1","EmptyBody","Worship+1","PathToVictory"],"relics":["Coffee Dripper"],"acts_visited":["Exordium","TheCity","TheBeyond"],"potions_floor_usage":[24,24],"damage_taken":[{"damage":0.0,"enemies":"Cultist","floor":1.0,"turns":2.0},{"damage":2.0,"enemies":"Small Slimes","floor":5.0,"turns":3.0},{"damage":0.0,"enemies":"2 Louse","floor":11.0,"turns":1.0},{"damage":0.0,"enemies":"2 Fungi Beasts","floor":13.0,"turns":2.0},{"damage":0.0,"enemies":"Lots of Slimes","floor":14.0,"turns":2.0},{"damage":50.0,"enemies":"The Guardian","floor":16.0,"turns":10.0},{"damage":7.0,"enemies":"Shell Parasite","floor":18.0,"turns":3.0},{"damage":0.0,"enemies":"Chosen","floor":21.0,"turns":4.0},{"damage":24.0,"enemies":"Centurion and Healer","floor":22.0,"turns":6.0},{"damage":19,"enemies":"Shelled Parasite and Fungi","floor":24,"turns":4},{"damage":15,"enemies":"Sentry and Sphere","floor":29,"turns":6},{"damage":0,"enemies":"Automaton","floor":33,"turns":6},{"damage":7,"enemies":"3 Darklings","floor":35,"turns":3},{"damage":16,"enemies":"3 Shapes","floor":38,"turns":4},{"damage":16,"enemies":"3 Darklings","floor":39,"turns":5},{"damage":25,"enemies":"Spire Growth","floor":41,"turns":4},{"damage":9,"enemies":"Sphere and 2 Shapes","floor":42,"turns":1}],"seed_played":"3367201923644708148","potions_obtained":[{"floor":5.0,"key":"Fire Potion"},{"floor":11.0,"key":"Energy Potion"},{"floor":13.0,"key":"GamblersBrew"},{"floor":18.0,"key":"Fire Potion"},{"floor":24,"key":"Strength Potion"},{"floor":29,"key":"BlessingOfTheForge"}],"is_trial":false,"path_per_floor":["M","?","$","?","M","R","?","R","T","R","M","?","M","M","R","B",null,"M","$","?","M","M","R","M","?","T","R","?","M","R","?","R","B",null,"M","?","?","M","M","R","M","M"],"character_chosen":"WATCHER","items_purchased":["Adaptation","Conclude","EmptyFist","FlurryOfBlows"],"campfire_rested":0,"item_purchase_floors":[3,3,19,19],"current_hp_per_floor":[72,72,72,72,70,70,70,70,70,70,70,63,63,63,63,13,72,65,65,65,65,41,41,22,22,22,22,22,7,7,7,7,7,72,65,65,65,49,33,33,8,0,0],"gold":301,"neow_bonus":"BOSS_RELIC","is_daily":false,"chose_seed":false,"campfire_upgraded":9,"win_rate":0.0,"timestamp":1611900081,"path_taken":["M","?","$","?","M","R","?","R","T","R","M","?","?","M","R","BOSS","M","$","?","M","M","R","M","?","T","R","?","?","R","?","R","BOSS","M","?","?","M","M","R","M","M"],"items_purchased_type":["Card","Card","Card","Card"],"build_version":"2020-12-22","purchased_purges":1,"victory":false,"max_hp_per_floor":[72,72,72,72,72,72,72,72,72,72,72,72,72,72,72,72,72,72,72,72,72,72,72,72,72,72,72,72,72,72,72,72,72,72,72,72,72,72,72,72,72,72,72],"card_choices":[{"not_picked":["Crescendo","FollowUp"],"picked":"PathToVictory","floor":1.0},{"not_picked":["SashWhip","CutThroughFate"],"picked":"Meditate","floor":5.0},{"not_picked":["Conclude","Consecrate"],"picked":"TalkToTheHand","floor":11.0},{"not_picked":["FlyingSleeves","CrushJoints"],"picked":"Ragnarok","floor":13.0},{"not_picked":["Crescendo","ClearTheMind","Protect"],"picked":"SKIP","floor":14.0},{"not_picked":["Ragnarok","Brilliance"],"picked":"Establishment","floor":16.0},{"not_picked":["EmptyBody","WreathOfFlame"],"picked":"InnerPeace","floor":18.0},{"not_picked":["Weave","Halt"],"picked":"PathToVictory+1","floor":21.0},{"not_picked":["Perseverance+1","CutThroughFate"],"picked":"Wallop+1","floor":22.0},{"not_picked":["EmptyBody+1","CutThroughFate"],"picked":"Indignation","floor":24},{"not_picked":["JustLucky+1","SashWhip"],"picked":"FlurryOfBlows","floor":29},{"not_picked":["Wish","Brilliance"],"picked":"Omniscience","floor":33},{"not_picked":["ClearTheMind+1","Indignation","Protect"],"picked":"SKIP","floor":35},{"not_picked":["JustLucky+1","BowlingBash+1"],"picked":"EmptyBody","floor":38},{"not_picked":["Sanctity","MasterReality"],"picked":"Worship+1","floor":39},{"not_picked":["WindmillStrike","FollowUp"],"picked":"PathToVictory","floor":41}],"player_experience":8747582,"relics_obtained":[],"event_choices":[{"damage_healed":0.0,"max_hp_gain":0.0,"max_hp_loss":0.0,"gold_gain":0.0,"event_name":"Liars Game","player_choice":"Ignored","floor":2.0,"gold_loss":0.0,"damage_taken":0.0},{"damage_healed":0.0,"max_hp_gain":0.0,"max_hp_loss":0.0,"gold_gain":0.0,"event_name":"Golden Idol","player_choice":"Ignored","floor":4.0,"gold_loss":0.0,"damage_taken":0.0},{"damage_healed":0.0,"max_hp_gain":0.0,"max_hp_loss":0.0,"gold_gain":0.0,"event_name":"Dead Adventurer","player_choice":"Searched \u00270\u0027 times","floor":7.0,"gold_loss":0.0,"damage_taken":0.0},{"damage_healed":0.0,"max_hp_gain":0.0,"max_hp_loss":0.0,"gold_gain":75.0,"event_name":"FaceTrader","player_choice":"Touch","floor":12.0,"gold_loss":0.0,"damage_taken":7.0},{"damage_healed":0.0,"max_hp_gain":0.0,"max_hp_loss":0.0,"gold_gain":0.0,"cards_transformed":["Defend_P","Strike_P"],"event_name":"Drug Dealer","player_choice":"Became Test Subject","floor":20.0,"gold_loss":0.0,"damage_taken":0.0,"cards_obtained":["MentalFortress","Wireheading"]},{"cards_removed":["Strike_P"],"damage_healed":0,"gold_gain":0,"player_choice":"Card Removal","damage_taken":0,"max_hp_gain":0,"max_hp_loss":0,"event_name":"Wheel of Change","floor":28,"gold_loss":0},{"damage_healed":0,"gold_gain":0,"player_choice":"Ignored","damage_taken":0,"max_hp_gain":0,"max_hp_loss":0,"event_name":"The Mausoleum","floor":31,"gold_loss":0},{"damage_healed":0,"gold_gain":0,"player_choice":"Ignored","damage_taken":0,"max_hp_gain":0,"max_hp_loss":0,"event_name":"Tomb of Lord Red Mask","floor":36,"gold_loss":0},{"damage_healed":0,"gold_gain":0,"player_choice":"Ignored","damage_taken":0,"max_hp_gain":0,"max_hp_loss":0,"event_name":"NoteForYourself","floor":37,"gold_loss":0}],"is_beta":false,"boss_relics":[{"not_picked":[]},{"not_picked":[]}],"items_purged_floors":[19],"is_endless":false,"potions_floor_spawned":[5,11,13,18,24,29],"killed_by":"Sphere and 2 Shapes","ascension_level":0}}