{"host":"na09lpbrez4gbfiz","time":1611910699,"event":{"mods":["Act Like it!","BaseMod","BetterRewards","Colored Map","Colored Powertips","DeckTracker","Googly Eyes","Highlight Path","Minty Spire (QoL Compilation)","Quick Restart","Spicy Shops","StSLib","SuperFastMode","Synergy Search"],"gold_per_floor":[118,118,43,53,53,81,103,135,135,162,162,14,25,25,25,25,25],"floor_reached":16,"language":"ENG","playtime":2021,"items_purged":["Strike_B"],"score":169,"play_id":"fc3f6632-b249-4206-99a5-3ac8f376ba70","local_time":"20210129095819","is_ascension_mode":true,"campfire_choices":[{"floor":11,"key":"REST"},{"floor":15,"key":"REST"}],"circlet_count":0,"master_deck":["Strike_B","Strike_B","Defend_B","Defend_B","Defend_B","Zap","Dualcast","Ball Lightning","Genetic Algorithm","Electrodynamics"],"relics":["Cracked Core","NeowsBlessing","Thread and Needle","Odd Mushroom","Ginger","Turnip","Symbiotic Virus","Anchor","Golden Idol"],"acts_visited":["Exordium"],"potions_floor_usage":[8,10],"damage_taken":[{"damage":0,"enemies":"Small Slimes","floor":1,"turns":1},{"damage":0,"enemies":"2 Louse","floor":4,"turns":1},{"damage":0,"enemies":"3 Sentries","floor":6,"turns":1},{"damage":20,"enemies":"The Mushroom Lair","floor":7,"turns":4},{"damage":25,"enemies":"Gremlin Nob","floor":8,"turns":4},{"damage":31,"enemies":"3 Sentries","floor":10,"turns":8},{"damage":0,"enemies":"Jaw Worm","floor":13,"turns":2},{"damage":50,"enemies":"Hexaghost","floor":16,"turns":9}],"seed_played":"2246451826154849196","potions_obtained":[{"floor":1,"key":"PotionOfCapacity"},{"floor":4,"key":"FairyPotion"},{"floor":8,"key":"Block Potion"},{"floor":13,"key":"FearPotion"}],"is_trial":false,"path_per_floor":["M","?","$","M","?","E","?","E","T","E","R","$","M","?","R","B"],"character_chosen":"DEFECT","items_purchased":["Anchor"],"campfire_rested":2,"item_purchase_floors":[12],"current_hp_per_floor":[75,75,75,75,68,68,48,23,23,22,44,44,44,26,48,0,0],"gold":25,"neow_bonus":"THREE_ENEMY_KILL","is_daily":false,"chose_seed":false,"campfire_upgraded":0,"win_rate":0.0,"timestamp":1611910699,"path_taken":["M","?","$","M","?","E","?","E","T","E","R","?","M","?","R","BOSS"],"items_purchased_type":["Relic"],"build_version":"2020-12-22","purchased_purges":1,"victory":false,"max_hp_per_floor":[75,75,75,75,75,75,75,75,75,75,75,75,75,75,75,75,75],"card_choices":[{"not_picked":["FTL","Ball Lightning","Hologram"],"picked":"SKIP","floor":1},{"not_picked":["Redo","Storm","Barrage"],"picked":"SKIP","floor":4},{"not_picked":["Blizzard","Coolheaded"],"picked":"Ball Lightning","floor":6},{"not_picked":["Static Discharge","White Noise"],"picked":"Genetic Algorithm","floor":7},{"not_picked":["Hologram","Turbo","Ball Lightning"],"picked":"SKIP","floor":8},{"not_picked":["Leap","Stack"],"picked":"Electrodynamics","floor":10},{"not_picked":["BootSequence","Chill","Skim"],"picked":"SKIP","floor":13}],"player_experience":203213,"relics_obtained":[{"floor":6,"key":"Thread and Needle"},{"floor":7,"key":"Odd Mushroom"},{"floor":8,"key":"Ginger"},{"floor":9,"key":"Turnip"},{"floor":10,"key":"Symbiotic Virus"}],"event_choices":[{"cards_removed":["Strike_B"],"damage_healed":0,"gold_gain":0,"player_choice":"Forget","damage_taken":0,"max_hp_gain":0,"max_hp_loss":0,"event_name":"Living Wall","floor":2,"gold_loss":0},{"cards_removed":["Defend_B"],"damage_healed":0,"gold_gain":0,"player_choice":"Card Removal","damage_taken":7,"max_hp_gain":0,"max_hp_loss":0,"event_name":"Golden Wing","floor":5,"gold_loss":0},{"damage_healed":0,"gold_gain":0,"player_choice":"Fought Mushrooms","damage_taken":0,"max_hp_gain":0,"max_hp_loss":0,"event_name":"Mushrooms","floor":7,"gold_loss":0},{"damage_healed":0,"gold_gain":0,"player_choice":"Take Damage","damage_taken":18,"relics_obtained":["Golden Idol"],"max_hp_gain":0,"max_hp_loss":0,"event_name":"Golden Idol","floor":14,"gold_loss":0}],"is_beta":false,"boss_relics":[],"items_purged_floors":[3],"is_endless":false,"potions_floor_spawned":[1,4,8,13],"killed_by":"Hexaghost","ascension_level":4}}