{"host":"4ag909k4xupnj24b","time":1611928798,"event":{"mods":["BaseMod","Minty Spire (QoL Compilation)","StSLib"],"gold_per_floor":[111,6,17,34,49,49,66,99,99,99,117,150,150,161,161,161,161],"floor_reached":16,"language":"ENG","playtime":784,"items_purged":[],"score":243,"play_id":"a39a4ee9-323b-45a6-8233-31a42ad03326","local_time":"20210129055958","is_ascension_mode":true,"campfire_choices":[{"data":"Whirlwind","floor":6,"key":"SMITH"},{"floor":10,"key":"REST"},{"data":"Reaper","floor":13,"key":"SMITH"},{"data":"Flex","floor":15,"key":"SMITH"}],"circlet_count":0,"master_deck":["AscendersBane","Strike_R","Strike_R","Strike_R","Strike_R","Strike_R","Defend_R","Defend_R","Defend_R","Defend_R","Bash","Perfected Strike","Rampage","Battle Trance","Sword Boomerang","Whirlwind+1","Shrug It Off","True Grit","Rage","Flex+1","Reaper+1"],"relics":["SacredBark","Omamori","Singing Bowl","The Courier"],"acts_visited":["Exordium"],"potions_floor_usage":[8,12,12,16],"damage_taken":[{"damage":7,"enemies":"2 Louse","floor":1,"turns":3},{"damage":11,"enemies":"Cultist","floor":3,"turns":4},{"damage":2,"enemies":"Jaw Worm","floor":4,"turns":3},{"damage":7,"enemies":"Large Slime","floor":5,"turns":6},{"damage":8,"enemies":"Looter","floor":7,"turns":5},{"damage":0,"enemies":"3 Sentries","floor":8,"turns":4},{"damage":0,"enemies":"Exordium Wildlife","floor":11,"turns":3},{"damage":23,"enemies":"Lagavulin","floor":12,"turns":5},{"damage":31,"enemies":"Lots of Slimes","floor":14,"turns":4},{"damage":30,"enemies":"Slime Boss","floor":16,"turns":9}],"seed_played":"-5826619309468520300","potions_obtained":[{"floor":3,"key":"ElixirPotion"},{"floor":4,"key":"AttackPotion"},{"floor":8,"key":"FearPotion"},{"floor":11,"key":"SteroidPotion"},{"floor":12,"key":"LiquidMemories"}],"is_trial":false,"path_per_floor":["M","$","M","M","M","R","M","E","T","R","M","E","R","M","R","B"],"character_chosen":"IRONCLAD","items_purchased":["Rampage","Battle Trance"],"campfire_rested":1,"item_purchase_floors":[2,2],"current_hp_per_floor":[61,61,50,48,41,41,33,33,33,55,55,32,32,23,23,0,0],"gold":161,"neow_bonus":"BOSS_RELIC","is_daily":false,"chose_seed":false,"campfire_upgraded":3,"win_rate":0.0,"timestamp":1611928798,"path_taken":["M","$","M","M","M","R","M","E","T","R","M","E","R","M","R","BOSS"],"items_purchased_type":["Card","Card"],"build_version":"2020-12-22","purchased_purges":0,"victory":false,"max_hp_per_floor":[75,75,75,75,75,75,75,75,75,75,75,75,75,77,77,77,77],"card_choices":[{"not_picked":["Wild Strike","Havoc"],"picked":"Perfected Strike","floor":1},{"not_picked":["Carnage","Infernal Blade"],"picked":"Sword Boomerang","floor":3},{"not_picked":["Pummel","Infernal Blade"],"picked":"Whirlwind","floor":4},{"not_picked":["Sword Boomerang","Body Slam"],"picked":"Shrug It Off","floor":5},{"not_picked":["Disarm","Pummel"],"picked":"True Grit","floor":7},{"not_picked":["Burning Pact","Headbutt"],"picked":"Rage","floor":8},{"not_picked":["Warcry","Heavy Blade"],"picked":"Flex","floor":11},{"not_picked":["Second Wind","Ghostly Armor"],"picked":"Reaper","floor":12},{"not_picked":["Evolve","Armaments","Body Slam"],"picked":"Singing Bowl","floor":14}],"player_experience":886759,"relics_obtained":[{"floor":8,"key":"Omamori"},{"floor":9,"key":"Singing Bowl"},{"floor":12,"key":"The Courier"}],"event_choices":[],"is_beta":false,"boss_relics":[],"items_purged_floors":[],"is_endless":false,"potions_floor_spawned":[3,4,8,11,12],"killed_by":"Slime Boss","ascension_level":15}}