{"host":"juoup3p5tvzzktl5","time":1611898216,"event":{"mods":["ATMod(∞¢Ë™Mod)","Aspiration","BaseMod","Better Vampires","BetterRewards","Colored Map","Colored Powertips","Friendly Minions","GifTheSpireLib","Hermit","Hubris","Infinite Spire","KinomotoSakuraMod(ƒæ÷Æ±æ”£)","Koishi","KomeijiMod","Marisa£®ÏF”Í°°ƒß¿Ì…≥£©","Minty Spire (QoL Compilation)","Quick Restart","Reimu£®≤©¿ˆ¡È√Œ£©","Relic Filter Mod","Reliquary","Replay The Spire","Shop Mod","StSLib","The Administrix","The Alterego","The Bug Knight","The Construct","The Cursed","The Jungle","The Mystic","The Runesmith","The Senshi","Youmu£®ªÍ∆«—˝√Œ£©","Yuyuko"],"gold_per_floor":[134,134,134,154,54,54,80,90,90,116,216,216],"floor_reached":11,"language":"ZHS","playtime":571,"items_purged":["Defend_R","Defend_R"],"score":142,"play_id":"bf0f01f0-bcbe-43eb-92dd-35ddc2ee021f","local_time":"20210129143016","is_ascension_mode":true,"campfire_choices":[{"data":"AT_FamilyPortrait","floor":6.0,"key":"SMITH"}],"circlet_count":0,"master_deck":["AscendersBane","Strike_R","Strike_R","Strike_R+1","Strike_R","Defend_R","Defend_R+1","Bash","AT_FamilyPortrait+1","Perfected Strike","Pommel Strike","Armaments"],"relics":["Burning Blood","AT_ATBox","hubris:MedicalManual","hubris:Icosahedron","Runesmith:AutoHammer","Juzu Bracelet","Simple Rune"],"acts_visited":["Exordium"],"potions_floor_usage":[],"damage_taken":[{"damage":7.0,"enemies":"Small Slimes","floor":1.0,"turns":3.0},{"damage":7.0,"enemies":"2 Louse","floor":4.0,"turns":2.0},{"damage":10.0,"enemies":"Gremlin Nob","floor":7.0,"turns":3.0},{"damage":0.0,"enemies":"Jaw Worm","floor":8.0,"turns":3.0},{"damage":29,"enemies":"3 Sentries","floor":11,"turns":4}],"seed_played":"-5638144463051327590","potions_obtained":[{"floor":1.0,"key":"SpeedPotion"},{"floor":7.0,"key":"PowerPotion"}],"is_trial":false,"path_per_floor":["M","?","?","M","$","R","E","M","T","T","E"],"character_chosen":"IRONCLAD","items_purchased":[],"campfire_rested":0,"item_purchase_floors":[],"current_hp_per_floor":[47,47,47,46,46,46,42,48,48,48,19,19],"gold":216,"neow_bonus":"","is_daily":false,"chose_seed":false,"campfire_upgraded":1,"win_rate":0.0,"timestamp":1611898216,"path_taken":["M","?","?","M","?","R","E","M","T","?","E"],"items_purchased_type":[],"build_version":"2020-12-22","purchased_purges":2,"victory":false,"max_hp_per_floor":[75,75,75,75,75,75,75,75,75,75,75,75],"card_choices":[{"not_picked":["Replay:Undeath\u0027s Touch","Flame Barrier"],"picked":"Perfected Strike","floor":1.0},{"not_picked":["Rupture","Flame Barrier"],"picked":"Pommel Strike","floor":4.0},{"not_picked":["AT_GerminateFire","AT_DrawKnifeCut"],"picked":"Armaments","floor":7.0},{"not_picked":["Cleave","Dual Wield","Flex"],"picked":"SKIP","floor":8.0}],"player_experience":1091374,"relics_obtained":[{"floor":7.0,"key":"Runesmith:AutoHammer"},{"floor":9.0,"key":"Juzu Bracelet"},{"floor":10.0,"key":"Simple Rune"}],"event_choices":[],"is_beta":false,"boss_relics":[],"items_purged_floors":[0,5],"is_endless":false,"potions_floor_spawned":[1,7],"killed_by":"3 Sentries","ascension_level":20}}