{"host":"zk71suw73lg2r165","time":1611891129,"event":{"mods":["BaseMod","Colored Map","Minty Spire (QoL Compilation)","Permanent Neow","Relic Stats","StSLib"],"gold_per_floor":[111,127,0,11,25,52,52,79,79,99,126,142,167,183,183,260,260,272,322,37,37,37,48,48,48],"floor_reached":24,"language":"ENG","playtime":703,"items_purged":["Strike_B"],"score":456,"play_id":"79ae90cf-14cc-4be0-83fc-123f8ebdbde7","local_time":"20210128223209","is_ascension_mode":true,"campfire_choices":[{"data":"Self Repair","floor":7.0,"key":"SMITH"},{"data":"Barrage","floor":15.0,"key":"SMITH"}],"circlet_count":0,"master_deck":["AscendersBane","Strike_B+1","Defend_B","Defend_B","Defend_B","Defend_B","Zap","Dualcast","Glacier","Compile Driver","Doom and Gloom","Ball Lightning+1","Self Repair+1","Conserve Battery","Capacitor","Echo Form","Leap","Barrage+1","Reinforced Body","Multi-Cast","Seek","Redo"],"relics":["Cracked Core","Whetstone","PreservedInsect","Art of War","Bag of Marbles","Cursed Key","Regal Pillow","Nilry\u0027s Codex"],"acts_visited":["Exordium","TheCity"],"potions_floor_usage":[24,24],"damage_taken":[{"damage":1.0,"enemies":"Cultist","floor":1.0,"turns":3.0},{"damage":1.0,"enemies":"Small Slimes","floor":2.0,"turns":4.0},{"damage":1.0,"enemies":"Jaw Worm","floor":4.0,"turns":4.0},{"damage":2.0,"enemies":"Exordium Wildlife","floor":5.0,"turns":7.0},{"damage":26.0,"enemies":"Gremlin Nob","floor":6.0,"turns":4.0},{"damage":19.0,"enemies":"3 Sentries","floor":8.0,"turns":7.0},{"damage":1.0,"enemies":"Large Slime","floor":10.0,"turns":4.0},{"damage":8.0,"enemies":"Gremlin Nob","floor":11.0,"turns":3.0},{"damage":0.0,"enemies":"Looter","floor":12.0,"turns":3.0},{"damage":19.0,"enemies":"3 Sentries","floor":13.0,"turns":6.0},{"damage":0.0,"enemies":"3 Louse","floor":14.0,"turns":1.0},{"damage":28.0,"enemies":"Slime Boss","floor":16.0,"turns":4.0},{"damage":12.0,"enemies":"3 Byrds","floor":18.0,"turns":2.0},{"damage":9.0,"enemies":"2 Thieves","floor":23.0,"turns":4.0},{"damage":20,"enemies":"Book of Stabbing","floor":24,"turns":4}],"seed_played":"7781220872126537666","potions_obtained":[{"floor":2.0,"key":"LiquidMemories"},{"floor":4.0,"key":"AttackPotion"},{"floor":5.0,"key":"EssenceOfDarkness"},{"floor":10.0,"key":"SkillPotion"},{"floor":13.0,"key":"Weak Potion"},{"floor":16.0,"key":"Explosive Potion"},{"floor":23.0,"key":"Weak Potion"}],"is_trial":false,"path_per_floor":["M","M","$","M","M","E","R","E","T","M","E","M","E","M","R","B",null,"M","?","$","?","?","M","E"],"character_chosen":"DEFECT","items_purchased":["Ball Lightning","Regal Pillow","EssenceOfDarkness"],"campfire_rested":0,"item_purchase_floors":[3,20,20],"current_hp_per_floor":[63,62,62,61,66,47,47,38,38,47,39,39,30,30,30,12,56,44,44,44,23,23,14,0,0],"gold":48,"neow_bonus":"THREE_CARDS","is_daily":false,"chose_seed":false,"campfire_upgraded":2,"win_rate":0.0,"timestamp":1611891129,"path_taken":["M","M","$","M","M","E","R","E","T","M","E","M","E","M","R","BOSS","M","?","?","?","?","M","E"],"items_purchased_type":["Card","Relic","Potion"],"build_version":"2020-12-22","purchased_purges":1,"victory":false,"max_hp_per_floor":[71,71,71,71,71,71,71,71,71,71,71,71,71,71,71,71,71,71,71,71,71,71,71,71,71],"relic_stats":{"Regal Pillow":0,"counters":[15,60],"PreservedInsect":95,"Art of War":[9],"Whetstone":["Ball Lightning","Strike_B"],"Cursed Key":0,"obtain_stats":[{"Regal Pillow":20,"Nilry\u0027s Codex":21,"PreservedInsect":8,"Art of War":9,"Bag of Marbles":13,"Whetstone":6,"Cracked Core":0,"Cursed Key":17},{"Regal Pillow":13,"Nilry\u0027s Codex":13,"PreservedInsect":6,"Art of War":6,"Bag of Marbles":10,"Whetstone":5,"Cracked Core":0,"Cursed Key":12},{"Regal Pillow":52,"Nilry\u0027s Codex":52,"PreservedInsect":29,"Art of War":29,"Bag of Marbles":45,"Whetstone":22,"Cracked Core":0,"Cursed Key":50}]},"card_choices":[{"not_picked":["Scrape","Steam Power"],"picked":"Glacier","floor":0.0},{"not_picked":["Sweeping Beam","Turbo"],"picked":"Compile Driver","floor":1.0},{"not_picked":["Glacier","Chaos"],"picked":"Doom and Gloom","floor":2.0},{"not_picked":["Undo","Gash"],"picked":"Self Repair","floor":4.0},{"not_picked":["Melter","Hologram"],"picked":"Conserve Battery","floor":5.0},{"not_picked":["Turbo","Rebound"],"picked":"Capacitor","floor":6.0},{"not_picked":["Steam","Hologram"],"picked":"Echo Form","floor":8.0},{"not_picked":["Conserve Battery","Sweeping Beam","Rebound"],"picked":"SKIP","floor":10.0},{"not_picked":["Storm","Recycle"],"picked":"Leap","floor":11.0},{"not_picked":["Stack","Turbo"],"picked":"Barrage","floor":12.0},{"not_picked":["Scrape","Reprogram","Gash"],"picked":"SKIP","floor":13.0},{"not_picked":["Streamline","Go for the Eyes"],"picked":"Reinforced Body","floor":14.0},{"not_picked":["Meteor Strike","Hyperbeam"],"picked":"Multi-Cast","floor":16.0},{"not_picked":["Barrage","Beam Cell","Compile Driver"],"picked":"SKIP","floor":18.0},{"not_picked":["Go for the Eyes","Gash","Rebound"],"picked":"SKIP","floor":23.0}],"player_experience":1412651,"relics_obtained":[{"floor":6.0,"key":"Whetstone"},{"floor":8.0,"key":"PreservedInsect"},{"floor":9.0,"key":"Art of War"},{"floor":13.0,"key":"Bag of Marbles"},{"floor":21.0,"key":"Nilry\u0027s Codex"}],"event_choices":[{"damage_healed":0.0,"max_hp_gain":0.0,"max_hp_loss":0.0,"gold_gain":50.0,"event_name":"Golden Shrine","player_choice":"Pray","floor":19.0,"gold_loss":0.0,"damage_taken":0.0},{"damage_healed":0.0,"max_hp_gain":0.0,"max_hp_loss":0.0,"gold_gain":0.0,"event_name":"Cursed Tome","player_choice":"Obtained Book","floor":21.0,"gold_loss":0.0,"damage_taken":21.0},{"damage_healed":0.0,"max_hp_gain":0.0,"max_hp_loss":0.0,"gold_gain":0.0,"cards_transformed":["Strike_B","Strike_B"],"event_name":"Drug Dealer","player_choice":"Became Test Subject","floor":22.0,"gold_loss":0.0,"damage_taken":0.0,"cards_obtained":["Seek","Redo"]}],"is_beta":false,"boss_relics":[{"not_picked":["SacredBark","Philosopher\u0027s Stone"],"picked":"Cursed Key"}],"items_purged_floors":[3],"is_endless":false,"potions_floor_spawned":[2,4,5,10,13,16,23],"killed_by":"Book of Stabbing","ascension_level":20}}