{"host":"ojezjkpqju62j8xy","time":1611901198,"event":{"mods":["ATMod(°¢èªMod)","Act Like it!","Aspiration","BaseMod","Conspire","Gensokyo","Minty Spire (QoL Compilation)","Pale of the Ancients","Replay The Spire","Spicy Shops","StSLib","¡¾ÒÅÎï¿¨ÅÆ¡¿REMEMod","²ÐÁôÖ®Îï"],"gold_per_floor":[118,118,118,147,147,174,205,237,262,262,288,288,288],"floor_reached":13,"language":"ZHS","playtime":448,"items_purged":[],"score":234,"play_id":"10a06f1a-8c09-4a24-8981-c039e6a19b72","local_time":"20210129141958","is_ascension_mode":true,"campfire_choices":[{"floor":10,"key":"RECALL"}],"circlet_count":0,"master_deck":["AscendersBane","Strike_R","Strike_R","Strike_R","Defend_R","Defend_R","Defend_R+1","Bash","AT_DrawKnifeCut","AT_EmpoweredMortalDraw","Gensokyo:AllTheWorldsEvil","Burning Pact","Body Slam","ReplayTheSpireMod:Stacked+1","Pommel Strike","Disarm","Thunderclap","Thunderclap","Offering"],"relics":["Burning Blood","AT_ATBox","REME_ComplimentaryCards","Gensokyo:PortableGap","Red Skull","aspiration:Lifesprig","White Beast Statue","Replay:Wax Seal","AT_SpeedBoots","War Paint"],"acts_visited":["Gensokyo:Gensokyo"],"potions_floor_usage":[4,11],"damage_taken":[{"damage":8,"enemies":"Gensokyo:Gryphon","floor":1,"turns":3},{"damage":35,"enemies":"Gensokyo:Mamizou","floor":4,"turns":9},{"damage":0,"enemies":"Gensokyo:Cirno","floor":6,"turns":4},{"damage":24,"enemies":"Gensokyo:Aya","floor":7,"turns":4},{"damage":2,"enemies":"Gensokyo:Cirno","floor":8,"turns":4},{"damage":13,"enemies":"Gensokyo:Aya","floor":11,"turns":5},{"damage":36,"enemies":"Gensokyo:Mamizou","floor":13,"turns":4}],"seed_played":"4757311672480473920","potions_obtained":[{"floor":1,"key":"LiquidMemories"},{"floor":7,"key":"Swift Potion"},{"floor":8,"key":"ElixirPotion"},{"floor":11,"key":"Doom Potion"}],"is_trial":false,"path_per_floor":["M","?","?","?","?","E","E","E","T","R","E","E"],"character_chosen":"IRONCLAD","items_purchased":[],"campfire_rested":0,"item_purchase_floors":[],"current_hp_per_floor":[66,64,64,35,38,44,26,30,30,30,23,0,0],"gold":288,"neow_bonus":"TRANSFORM_TWO_CARDS","is_daily":false,"chose_seed":false,"campfire_upgraded":0,"win_rate":0.0,"timestamp":1611901198,"path_taken":["M","?","?","?","?","E","E","E","T","R","E","E"],"items_purchased_type":[],"build_version":"2020-12-22","purchased_purges":0,"victory":false,"max_hp_per_floor":[75,64,64,61,61,58,55,55,55,55,52,52,52],"card_choices":[{"not_picked":["Ghostly Armor","Shrug It Off"],"picked":"ReplayTheSpireMod:Stacked","floor":1},{"not_picked":["Clothesline","Shrug It Off"],"picked":"Pommel Strike","floor":4},{"not_picked":["Iron Wave","Abandon"],"picked":"Disarm","floor":6},{"not_picked":["Fiend Fire","Pommel Strike"],"picked":"Thunderclap","floor":7},{"not_picked":["Headbutt","Carnage"],"picked":"Thunderclap","floor":8},{"not_picked":["Abandon","Clash"],"picked":"Offering","floor":11}],"player_experience":1491699,"relics_obtained":[{"floor":4,"key":"Red Skull"},{"floor":6,"key":"aspiration:Lifesprig"},{"floor":7,"key":"White Beast Statue"},{"floor":8,"key":"Replay:Wax Seal"},{"floor":9,"key":"AT_SpeedBoots"},{"floor":11,"key":"War Paint"}],"event_choices":[],"is_beta":false,"boss_relics":[],"items_purged_floors":[],"is_endless":false,"potions_floor_spawned":[1,7,8,11],"killed_by":"Gensokyo:Mamizou","ascension_level":20}}