{"host":"zsnmfqgcm92hlreo","time":1611892851,"event":{"mods":["AchievementEnabler","BaseMod","Bestiary","Block Reminder","Colored Powertips","Minty Spire (QoL Compilation)","Permanent Neow","Quick Restart","Relic Stats","Weighted Paths"],"gold_per_floor":[117,136,54,77,97,122,122,152,152,152,152,168,168,181,181,253,253,272,272,63,63,83,83,112,128,128,128,128,157,169,189,189,262,262,276,2,18,68,80,115,115,125,149,149,149,149,161,161,161,161,161],"floor_reached":50,"language":"ENG","playtime":2233,"items_purged":[],"score":1140,"play_id":"1875279a-d3aa-460d-8112-2d8a99ad911e","local_time":"20210128220051","is_ascension_mode":true,"campfire_choices":[{"floor":7.0,"key":"REST"},{"floor":10.0,"key":"REST"},{"data":"Crippling Poison","floor":13.0,"key":"SMITH"},{"data":"Noxious Fumes","floor":15.0,"key":"SMITH"},{"floor":23.0,"key":"REST"},{"floor":27.0,"key":"REST"},{"floor":32.0,"key":"REST"},{"floor":41,"key":"REST"},{"floor":44,"key":"REST"},{"floor":46,"key":"REST"},{"floor":49,"key":"RECALL"}],"circlet_count":0,"master_deck":["AscendersBane","Survivor","Neutralize","Dagger Spray","All Out Attack","Bouncing Flask","Finisher","Dash","Quick Slash","All Out Attack","Backflip","Distraction","Cloak And Dagger","Blade Dance","Dodge and Roll","Deflect","Slice","Blade Dance","Crippling Poison+1","Adrenaline","Noxious Fumes+1","After Image","Crippling Poison+1","Choke","Noxious Fumes+1","Backflip+1","Backflip+1","PiercingWail+1","Bane","Noxious Fumes+1","Footwork","Leg Sweep+1","Night Terror+1","Blade Dance+1","Distraction+1","Tools of the Trade","Backflip+1","Deadly Poison+1","Catalyst+1","Dodge and Roll+1","Blur+1","Leg Sweep+1","Dodge and Roll+1","Deadly Poison+1","Prepared+1","Deadly Poison+1"],"relics":["Pandora\u0027s Box","Omamori","Ginger","The Courier","TungstenRod","Fusion Hammer","Toxic Egg 2","DollysMirror","WarpedTongs","Prayer Wheel","Pen Nib","WingedGreaves","Cursed Key","Happy Flower"],"acts_visited":["Exordium","TheCity","TheBeyond"],"potions_floor_usage":[42,50,50],"damage_taken":[{"damage":0.0,"enemies":"Cultist","floor":1.0,"turns":3.0},{"damage":0.0,"enemies":"Small Slimes","floor":2.0,"turns":3.0},{"damage":0.0,"enemies":"2 Louse","floor":5.0,"turns":3.0},{"damage":21.0,"enemies":"Lagavulin","floor":6.0,"turns":7.0},{"damage":29.0,"enemies":"Gremlin Nob","floor":8.0,"turns":4.0},{"damage":0.0,"enemies":"Exordium Thugs","floor":12.0,"turns":3.0},{"damage":0.0,"enemies":"2 Fungi Beasts","floor":14.0,"turns":2.0},{"damage":19.0,"enemies":"Hexaghost","floor":16.0,"turns":8.0},{"damage":8.0,"enemies":"2 Thieves","floor":18.0,"turns":4.0},{"damage":0.0,"enemies":"3 Byrds","floor":22.0,"turns":4.0},{"damage":19.0,"enemies":"Slavers","floor":24.0,"turns":3.0},{"damage":12.0,"enemies":"Snecko","floor":25.0,"turns":4.0},{"damage":25.0,"enemies":"Book of Stabbing","floor":29.0,"turns":4.0},{"damage":0.0,"enemies":"3 Cultists","floor":30.0,"turns":3.0},{"damage":0.0,"enemies":"Sentry and Sphere","floor":31.0,"turns":6.0},{"damage":13.0,"enemies":"Automaton","floor":33.0,"turns":7.0},{"damage":0.0,"enemies":"3 Shapes","floor":35.0,"turns":3.0},{"damage":7.0,"enemies":"Orb Walker","floor":37.0,"turns":3.0},{"damage":3,"enemies":"Writhing Mass","floor":39,"turns":6},{"damage":37,"enemies":"Giant Head","floor":40,"turns":6},{"damage":25,"enemies":"Maw","floor":42,"turns":6},{"damage":4,"enemies":"Transient","floor":47,"turns":6},{"damage":39,"enemies":"Time Eater","floor":50,"turns":6}],"seed_played":"-987330318513284959","potions_obtained":[{"floor":2.0,"key":"Dexterity Potion"},{"floor":6.0,"key":"Block Potion"},{"floor":16.0,"key":"SteroidPotion"},{"floor":25.0,"key":"CunningPotion"},{"floor":33.0,"key":"Poison Potion"},{"floor":47,"key":"Block Potion"}],"is_trial":false,"path_per_floor":["M","M","$","T","M","E","R","E","T","R","?","M","R","M","R","B",null,"M","?","$","?","M","R","E","M","T","R","?","E","M","M","R","B",null,"M","$","M","?","M","E","R","M","T","R","?","R","M","?","R","B"],"character_chosen":"THE_SILENT","items_purchased":["Dodge and Roll","Deflect","Choke","DollysMirror","Backflip+1","Catalyst+1","Dodge and Roll+1","Blur+1","Leg Sweep+1","Dodge and Roll+1"],"campfire_rested":8,"item_purchase_floors":[3,3,20,20,20,36,36,36,36,36],"current_hp_per_floor":[59,59,59,59,59,38,57,28,28,47,66,66,66,66,66,47,61,53,53,53,53,53,66,47,35,35,54,54,29,29,29,48,35,58,58,58,51,51,48,11,30,5,5,24,24,43,39,39,39,0,0],"gold":161,"neow_bonus":"BOSS_RELIC","is_daily":false,"chose_seed":false,"campfire_upgraded":2,"win_rate":0.0,"timestamp":1611892851,"path_taken":["M","M","$","?","M","E","R","E","T","R","?","M","R","M","R","BOSS","M","?","$","?","M","R","E","?","T","R","?","E","M","?","R","BOSS","M","$","M","?","?","E","R","?","T","R","?","R","?","?","R","BOSS"],"items_purchased_type":["Card","Card","Card","Relic","Card","Card","Card","Card","Card","Card"],"build_version":"2020-12-22","purchased_purges":0,"victory":false,"max_hp_per_floor":[66,66,66,66,66,66,66,66,66,66,66,66,66,66,66,66,66,66,66,66,66,66,66,66,66,66,66,66,66,66,66,66,66,66,66,66,66,66,66,66,66,66,66,66,66,66,66,66,66,66,66],"relic_stats":{"Happy Flower":[6],"counters":[23,104],"Pandora\u0027s Box":["Dagger Spray","All Out Attack","Bouncing Flask","Finisher","Dash","Quick Slash","All Out Attack","Backflip","Distraction","Tactician"],"Prayer Wheel":8,"Pen Nib":[13],"Ginger":[11],"Cursed Key":1,"obtain_stats":[{"Happy Flower":40,"The Courier":8,"Pen Nib":26,"Omamori":4,"Ginger":6,"Cursed Key":34,"WarpedTongs":21,"DollysMirror":20,"Pandora\u0027s Box":0,"Prayer Wheel":24,"Fusion Hammer":17,"WingedGreaves":29,"Toxic Egg 2":19,"TungstenRod":9,"Ring of the Snake":0},{"Happy Flower":20,"The Courier":5,"Pen Nib":12,"Omamori":2,"Ginger":4,"Cursed Key":16,"WarpedTongs":9,"DollysMirror":9,"Pandora\u0027s Box":0,"Prayer Wheel":11,"Fusion Hammer":8,"WingedGreaves":13,"Toxic Egg 2":9,"TungstenRod":5,"Ring of the Snake":0},{"Happy Flower":86,"The Courier":20,"Pen Nib":48,"Omamori":6,"Ginger":16,"Cursed Key":68,"WarpedTongs":37,"DollysMirror":37,"Pandora\u0027s Box":0,"Prayer Wheel":44,"Fusion Hammer":33,"WingedGreaves":52,"Toxic Egg 2":37,"TungstenRod":20,"Ring of the Snake":0}],"TungstenRod":36,"WarpedTongs":[65]},"card_choices":[{"not_picked":["Outmaneuver","Expertise"],"picked":"Cloak And Dagger","floor":1.0},{"not_picked":["Quick Slash","Expertise"],"picked":"Blade Dance","floor":2.0},{"not_picked":["Quick Slash","Sucker Punch"],"picked":"Slice","floor":5.0},{"not_picked":["Tactician","Eviscerate"],"picked":"Blade Dance","floor":6.0},{"not_picked":["Slice","Dagger Throw"],"picked":"Crippling Poison","floor":8.0},{"not_picked":["Noxious Fumes","Deflect"],"picked":"Adrenaline","floor":12.0},{"not_picked":["Cloak And Dagger","Flying Knee"],"picked":"Noxious Fumes","floor":14.0},{"not_picked":["Doppelganger","Tools of the Trade"],"picked":"After Image","floor":16.0},{"not_picked":["Sucker Punch","Dagger Spray"],"picked":"Crippling Poison+1","floor":18.0},{"not_picked":["Outmaneuver+1","Quick Slash","Backstab"],"picked":"SKIP","floor":22.0},{"not_picked":["Poisoned Stab","Slice"],"picked":"Backflip+1","floor":24.0},{"not_picked":["Deadly Poison+1","Reflex+1"],"picked":"PiercingWail+1","floor":25.0},{"not_picked":["Heel Hook","Sucker Punch"],"picked":"Bane","floor":25.0},{"not_picked":["Deflect+1","Heel Hook+1"],"picked":"Footwork","floor":29.0},{"not_picked":["Cloak And Dagger+1","Crippling Poison+1"],"picked":"Leg Sweep+1","floor":30.0},{"not_picked":["Dash","Endless Agony"],"picked":"Night Terror+1","floor":30.0},{"not_picked":["Sucker Punch","Infinite Blades"],"picked":"Blade Dance+1","floor":31.0},{"not_picked":["Slice","Dagger Throw"],"picked":"Distraction+1","floor":31.0},{"not_picked":["Die Die Die","Phantasmal Killer+1"],"picked":"Tools of the Trade","floor":33.0},{"not_picked":["Dagger Throw","Backstab"],"picked":"Backflip+1","floor":35.0},{"not_picked":["Poisoned Stab","Backflip+1"],"picked":"Deadly Poison+1","floor":35.0},{"not_picked":["Masterful Stab+1","Endless Agony","Underhanded Strike"],"picked":"SKIP","floor":37.0},{"not_picked":["Acrobatics+1","Deadly Poison+1","Flechettes+1"],"picked":"SKIP","floor":37.0},{"not_picked":["Flying Knee+1","Endless Agony","Dagger Spray"],"picked":"SKIP","floor":39},{"not_picked":["Infinite Blades","Prepared+1","Concentrate+1"],"picked":"SKIP","floor":39},{"not_picked":["Dagger Throw","Underhanded Strike"],"picked":"Deadly Poison+1","floor":40},{"not_picked":["Quick Slash","Flying Knee"],"picked":"Prepared+1","floor":42},{"not_picked":["Prepared+1","Masterful Stab+1","Sucker Punch"],"picked":"SKIP","floor":42},{"not_picked":["Underhanded Strike+1","Flying Knee"],"picked":"Deadly Poison+1","floor":47},{"not_picked":["Escape Plan+1","Flechettes","A Thousand Cuts"],"picked":"SKIP","floor":47}],"player_experience":922919,"relics_obtained":[{"floor":4.0,"key":"Omamori"},{"floor":6.0,"key":"Ginger"},{"floor":8.0,"key":"The Courier"},{"floor":9.0,"key":"TungstenRod"},{"floor":24.0,"key":"Prayer Wheel"},{"floor":26.0,"key":"Pen Nib"},{"floor":29.0,"key":"WingedGreaves"},{"floor":40,"key":"Happy Flower"}],"event_choices":[{"cards_removed":["Tactician"],"damage_healed":19.0,"max_hp_gain":0.0,"max_hp_loss":0.0,"gold_gain":0.0,"event_name":"Bonfire Elementals","player_choice":"Offered Uncommon","floor":11.0,"gold_loss":0.0,"damage_taken":0.0},{"damage_healed":0.0,"max_hp_gain":0.0,"max_hp_loss":0.0,"gold_gain":0.0,"event_name":"The Mausoleum","player_choice":"Opened","floor":19.0,"gold_loss":0.0,"damage_taken":0.0,"relics_obtained":["Toxic Egg 2"],"cards_obtained":["Writhe"]},{"damage_healed":0.0,"max_hp_gain":0.0,"max_hp_loss":0.0,"gold_gain":0.0,"event_name":"Accursed Blacksmith","player_choice":"Rummage","floor":21.0,"gold_loss":0.0,"damage_taken":0.0,"relics_obtained":["WarpedTongs"],"cards_obtained":["Pain"]},{"damage_healed":0.0,"max_hp_gain":0.0,"max_hp_loss":0.0,"gold_gain":0.0,"event_name":"Duplicator","player_choice":"Copied","floor":28.0,"gold_loss":0.0,"damage_taken":0.0,"cards_obtained":["Noxious Fumes"]},{"damage_healed":0.0,"max_hp_gain":0.0,"max_hp_loss":0.0,"gold_gain":50.0,"event_name":"Golden Shrine","player_choice":"Pray","floor":38.0,"gold_loss":0.0,"damage_taken":0.0},{"cards_removed":["Normality"],"damage_healed":0,"gold_gain":0,"player_choice":"Removed Curses","damage_taken":0,"max_hp_gain":0,"max_hp_loss":0,"event_name":"Fountain of Cleansing","floor":45,"gold_loss":0},{"damage_healed":0,"gold_gain":0,"player_choice":"Ignored","damage_taken":0,"max_hp_gain":0,"max_hp_loss":0,"event_name":"Tomb of Lord Red Mask","floor":48,"gold_loss":0}],"is_beta":false,"boss_relics":[{"not_picked":["Astrolabe","Coffee Dripper"],"picked":"Fusion Hammer"},{"not_picked":["Snecko Eye","Calling Bell"],"picked":"Cursed Key"}],"items_purged_floors":[],"is_endless":false,"potions_floor_spawned":[2,6,16,22,25,31,33,37,40,47],"killed_by":"Time Eater","ascension_level":20}}