{"host":"iirf6tm60n5v4e3j","time":1611914200,"event":{"mods":["Act Like it!","BaseMod","Gensokyo","Marisa????????","Minty Spire (QoL Compilation)","StSLib","The Marked"],"gold_per_floor":[12,12,12,12,24,56,10,60,86,43,43,43,72,114,114,224,224,250,250,210,236,259,259,37,83,159,159,185,185,185,210,210,320,320,337,291,291,303,303,352,352,352,378,422,439,480,497,508,508,508,508,508,22,54,54],"floor_reached":56,"language":"ENG","playtime":4812,"items_purged":["Strike_MRS","Defend_MRS"],"score":1712,"play_id":"ba081cba-35b8-4b58-aac4-d954d66f2008","local_time":"20210129015640","is_ascension_mode":true,"campfire_choices":[{"data":"OneTimeOff","floor":11,"key":"SMITH"},{"floor":15,"key":"REST"},{"data":"AsteroidBelt","floor":23,"key":"SMITH"},{"data":"MagicChant","floor":27,"key":"SMITH"},{"data":"GalacticHalo","floor":30,"key":"SMITH"},{"floor":32,"key":"RECALL"},{"data":"CollectingQuirk","floor":41,"key":"SMITH"},{"data":"DragonMeteor","floor":49,"key":"SMITH"},{"data":"DoubleSpark","floor":52,"key":"SMITH"}],"circlet_count":0,"master_deck":["Strike_MRS","Defend_MRS+1","Defend_MRS","Defend_MRS","MasterSpark+1","UpSweep","TreasureHunter","AsteroidBelt+1","Gensokyo:MarisaTwilightSpark+1","OneTimeOff+1","DragonMeteor+1","WitchOfGreed","GrandCross+1","Orbital","DoubleSpark","AsteroidBelt","CasketOfStar+1","Parasite","Parasite","MagicChant+1","DoubleSpark+1","Gensokyo:AllTheWorldsEvil","MagicAbsorber","PowerUp","GalacticHalo+1","MagicChant+1","Gensokyo:ShootingStar","CollectingQuirk+1","CurseOfTheBell","Gensokyo:RPG","PropBag+1","Acceleration","Occultation"],"relics":["MiniHakkero","Gensokyo:CelestialsFlawlessClothing","Bag of Preparation","Ornamental Fan","Strawberry","Oddly Smooth Stone","ShroomBag","Vajra","CaptainsWheel","Coffee Dripper","Nunchaku","ClockworkSouvenir","MagicBroom","Pear","MealTicket","Art of War","Gensokyo:RedStar","StoneCalendar","Calling Bell","Juzu Bracelet","AmplifyWand","Mango","War Paint","Smiling Mask","White Beast Statue","FossilizedHelix","Frozen Eye","Whetstone","Eternal Feather","Pen Nib"],"acts_visited":["Exordium","Gensokyo:Gensokyo","Gensokyo:Gensokyoer","TheEnding"],"potions_floor_usage":[6,14,14,16,16,16,16,25,40,48,55,55],"damage_taken":[{"damage":9,"enemies":"Gensokyo:Gryphon","floor":1,"turns":4},{"damage":7,"enemies":"Gensokyo:Python","floor":5,"turns":3},{"damage":73,"enemies":"Gensokyo:Cirno","floor":6,"turns":14},{"damage":8,"enemies":"Gensokyo:Mamizou","floor":8,"turns":6},{"damage":5,"enemies":"Gensokyo:2_Kodama","floor":13,"turns":5},{"damage":11,"enemies":"Gensokyo:Aya","floor":14,"turns":6},{"damage":4,"enemies":"Gensokyo:Reimu","floor":16,"turns":10},{"damage":12,"enemies":"Gensokyo:3_Dogs","floor":18,"turns":4},{"damage":2,"enemies":"Gensokyo:2_Gloops","floor":21,"turns":4},{"damage":2,"enemies":"Gensokyo:Koishi","floor":25,"turns":4},{"damage":0,"enemies":"Gensokyo:Reisen","floor":28,"turns":4},{"damage":3,"enemies":"Gensokyo:Slime_Group","floor":31,"turns":4},{"damage":16,"enemies":"Gensokyo:Eternal_Rivals","floor":33,"turns":8},{"damage":45,"enemies":"Gensokyo:3_Boulders","floor":35,"turns":3},{"damage":0,"enemies":"Gensokyo:3_Bats","floor":38,"turns":3},{"damage":0,"enemies":"Gensokyo:Doremy","floor":40,"turns":6},{"damage":12,"enemies":"Gensokyo:Kasen","floor":44,"turns":3},{"damage":17,"enemies":"Gensokyo:Sharpion","floor":45,"turns":3},{"damage":5,"enemies":"Gensokyo:Marisa","floor":46,"turns":4},{"damage":0,"enemies":"Gensokyo:SeedOfUnknown","floor":47,"turns":2},{"damage":0,"enemies":"Gensokyo:Dusk_and_Dawn","floor":48,"turns":2},{"damage":0,"enemies":"Gensokyo:Yuyuko","floor":50,"turns":3},{"damage":6,"enemies":"Shield and Spear","floor":54,"turns":2},{"damage":0,"enemies":"The Heart","floor":55,"turns":5}],"seed_played":"-3149271515383617921","potions_obtained":[{"floor":5,"key":"DuplicationPotion"},{"floor":8,"key":"Block Potion"},{"floor":8,"key":"Dexterity Potion"},{"floor":13,"key":"Energy Potion"},{"floor":14,"key":"EntropicBrew"},{"floor":14,"key":"BottledSpark"},{"floor":18,"key":"Regen Potion"},{"floor":21,"key":"Swift Potion"},{"floor":25,"key":"FearPotion"},{"floor":33,"key":"Block Potion"},{"floor":40,"key":"Block Potion"},{"floor":40,"key":"Dexterity Potion"},{"floor":45,"key":"StarNLove"},{"floor":48,"key":"FearPotion"}],"is_trial":false,"path_per_floor":["M","?","?","?","M","E","$","E","T","COS","R","?","M","E","R","B",null,"M","?","?","M","T","R","$","E","T","R","E","?","R","M","R","B",null,"M","COS","?","M","?","E","R","?","T","E","M","E","M","M","R","B",null,"R","$","E","B",null],"character_chosen":"MARISA","items_purchased":["WitchOfGreed","ClockworkSouvenir","Acceleration","Occultation","Frozen Eye","Whetstone"],"campfire_rested":1,"item_purchase_floors":[7,24,53,53,53,53],"current_hp_per_floor":[66,66,48,48,41,43,43,42,42,42,42,42,37,26,50,50,82,74,74,74,76,76,76,76,78,88,88,92,92,92,92,92,80,106,61,61,61,65,65,71,71,71,71,63,48,57,59,63,63,63,106,106,106,100,106],"gold":54,"neow_bonus":"THREE_RARE_CARDS","is_daily":false,"chose_seed":false,"campfire_upgraded":7,"win_rate":0.0,"timestamp":1611914200,"path_taken":["M","?","?","?","M","E","$","E","T","COS","R","?","?","E","R","BOSS","M","?","?","?","?","R","$","E","T","R","E","?","R","M","R","BOSS","M","COS","?","M","?","E","R","?","T","E","M","E","M","M","R","BOSS","R","$","E","BOSS"],"items_purchased_type":["Card","Relic","Card","Card","Relic","Relic"],"build_version":"2020-12-22","purchased_purges":2,"victory":true,"max_hp_per_floor":[75,75,75,75,75,75,75,82,82,82,82,82,82,82,82,82,82,82,82,82,82,82,82,82,82,92,92,92,92,92,92,92,92,106,106,106,106,106,106,106,106,106,106,106,106,106,106,106,106,106,106,106,106,106,106],"card_choices":[{"not_picked":["BigCrunch","SuperNova"],"picked":"TreasureHunter","floor":0},{"not_picked":["LuminesStrike","DoubleSpark"],"picked":"AsteroidBelt","floor":1},{"not_picked":["SporeBomb","OpenUniverse"],"picked":"OneTimeOff","floor":5},{"not_picked":["AlicesGift","6A"],"picked":"DragonMeteor","floor":6},{"not_picked":["OrrerysSun","DarkMatter"],"picked":"GrandCross","floor":8},{"not_picked":["ShootingEcho","MysteriousBeam"],"picked":"Orbital","floor":12},{"not_picked":["WitchLeyline","GravityBeat"],"picked":"DoubleSpark","floor":12},{"not_picked":["SprinkleStarSeal","GravityBeat"],"picked":"AsteroidBelt","floor":13},{"not_picked":["JA","ManaRampage"],"picked":"CasketOfStar","floor":14},{"not_picked":["IllusionStar","PowerUp"],"picked":"MagicChant","floor":14},{"not_picked":["ManaRampage","BlazingStar"],"picked":"SatelliteIllusion","floor":16},{"not_picked":["EnergyRecoil","DC"],"picked":"DoubleSpark","floor":18},{"not_picked":["ShootingEcho","ShootTheMoon"],"picked":"MagicAbsorber","floor":21},{"not_picked":["MachineGunSpark","ShootingEcho"],"picked":"PowerUp","floor":25},{"not_picked":["WitchLeyline+1","StarBarrage+1"],"picked":"GalacticHalo","floor":28},{"not_picked":["GalacticHalo","NonDirectionalLaser"],"picked":"MagicChant","floor":31},{"not_picked":[],"picked":"Gensokyo:ShootingStar","floor":33},{"not_picked":["UltimateShortwave","BigCrunch"],"picked":"CollectingQuirk","floor":33},{"not_picked":["GalacticHalo","MachineGunSpark","MysteriousBeam"],"picked":"SKIP","floor":35},{"not_picked":["DragonMeteor+1","AsteroidBelt+1","StarBarrage+1"],"picked":"SKIP","floor":38},{"not_picked":["SporeBomb+1","DarkMatter+1"],"picked":"PropBag+1","floor":40},{"not_picked":["IllusionStar+1","EscapeVelocity","AsteroidBelt"],"picked":"SKIP","floor":44},{"not_picked":["6A+1","MysteriousBeam","EnergyFlow"],"picked":"SKIP","floor":45},{"not_picked":["StarlightTyphoon","Orbital","IllusionStar+1"],"picked":"SKIP","floor":46},{"not_picked":["StarlightTyphoon","Orbital","IllusionStar+1"],"picked":"SKIP","floor":46},{"not_picked":["DoubleSpark+1","DragonMeteor+1","IllusionStar"],"picked":"SKIP","floor":47},{"not_picked":["LuminesStrike","DarkMatter+1","SatelliteIllusion"],"picked":"SKIP","floor":48},{"not_picked":["StarBarrage+1","DC","GrandCross+1"],"picked":"SKIP","floor":54}],"player_experience":177769,"relics_obtained":[{"floor":6,"key":"Bag of Preparation"},{"floor":6,"key":"Ornamental Fan"},{"floor":8,"key":"Strawberry"},{"floor":9,"key":"Oddly Smooth Stone"},{"floor":14,"key":"ShroomBag"},{"floor":14,"key":"Vajra"},{"floor":16,"key":"CaptainsWheel"},{"floor":22,"key":"Nunchaku"},{"floor":25,"key":"MagicBroom"},{"floor":26,"key":"Pear"},{"floor":28,"key":"MealTicket"},{"floor":28,"key":"Art of War"},{"floor":33,"key":"StoneCalendar"},{"floor":34,"key":"Juzu Bracelet"},{"floor":34,"key":"AmplifyWand"},{"floor":34,"key":"Mango"},{"floor":40,"key":"War Paint"},{"floor":40,"key":"Smiling Mask"},{"floor":44,"key":"White Beast Statue"},{"floor":46,"key":"FossilizedHelix"},{"floor":54,"key":"Eternal Feather"},{"floor":54,"key":"Pen Nib"}],"event_choices":[],"is_beta":false,"boss_relics":[{"not_picked":["BewitchedHakkero","Velvet Choker"],"picked":"Coffee Dripper"},{"not_picked":["SlaversCollar","Black Star"],"picked":"Calling Bell"}],"items_purged_floors":[24,53],"is_endless":false,"potions_floor_spawned":[5,8,13,14,21,28,38,40,45,46,47,48,54],"ascension_level":4}}