{"host":"f6w7z8zvb0mi4wy9","time":1611941329,"event":{"mods":["BaseMod","Colored Map","Minty Spire (QoL Compilation)","READ ME - Guardian Mod","StSLib","SuperFastMode","The Jungle"],"gold_per_floor":[118,133,133,149,149,180,180,198,224,258,52,68,68,85,85,186,186,200,200,200,217,217,248,248,248,248,248,276,289,316,326,326,428,428,440,65,77,94,20,20,40,73,99,99,116,25,43,78,78,78,78,78,4,38,38],"floor_reached":56,"language":"KOR","playtime":1885,"items_purged":["Pain","Strike_B","Strike_B","Strike_B"],"score":1482,"play_id":"c5a0f416-f12a-487d-992e-341d76266c0d","local_time":"20210130022849","is_ascension_mode":true,"campfire_choices":[{"data":"Dualcast","floor":13.0,"key":"SMITH"},{"data":"Chaos","floor":15.0,"key":"SMITH"},{"data":"Fission","floor":25.0,"key":"SMITH"},{"floor":27.0,"key":"REST"},{"data":"Defragment","floor":32.0,"key":"SMITH"},{"floor":40.0,"key":"RECALL"},{"floor":44.0,"key":"REST"},{"floor":49.0,"key":"REST"},{"data":"Reboot","floor":52,"key":"SMITH"}],"circlet_count":0,"master_deck":["Defend_B","Defend_B","Defend_B","Defend_B","Zap+1","Dualcast+1","Reboot+1","Cold Snap","Glacier","Blizzard","Capacitor","Blizzard","Glacier","Chaos+1","Fission+1","Coolheaded","Capacitor","Loop","Defragment+1","Chaos+1","Barrage+1","Electrodynamics","CurseOfTheBell","Fusion+1","Master of Strategy+1","Steam+1","Beam Cell+1","FTL","Seek+1","Finesse+1","Machine Learning","Coolheaded+1","Force Field+1"],"relics":["Cracked Core","Pen Nib","WarpedTongs","Smiling Mask","Art of War","Runic Capacitor","Sozu","Bottled Flame","DataDisk","Toxic Egg 2","Calling Bell","Boot","StrikeDummy","Emotion Chip","Membership Card","Bag of Preparation","ClockworkSouvenir","Gremlin Horn","Oddly Smooth Stone","MealTicket","Pear"],"acts_visited":["Exordium","TheCity","TheBeyond","TheEnding"],"potions_floor_usage":[54,55],"damage_taken":[{"damage":2.0,"enemies":"Jaw Worm","floor":1.0,"turns":5.0},{"damage":0.0,"enemies":"Cultist","floor":2.0,"turns":5.0},{"damage":1.0,"enemies":"Small Slimes","floor":4.0,"turns":3.0},{"damage":11.0,"enemies":"3 Sentries","floor":6.0,"turns":7.0},{"damage":3.0,"enemies":"Looter","floor":8.0,"turns":3.0},{"damage":12.0,"enemies":"Lagavulin","floor":10.0,"turns":7.0},{"damage":0.0,"enemies":"Exordium Thugs","floor":12.0,"turns":5.0},{"damage":1.0,"enemies":"Blue Slaver","floor":14.0,"turns":4.0},{"damage":8.0,"enemies":"Slime Boss","floor":16.0,"turns":7.0},{"damage":6.0,"enemies":"2 Thieves","floor":18.0,"turns":4.0},{"damage":0.0,"enemies":"Chosen","floor":21.0,"turns":5.0},{"damage":16.0,"enemies":"Book of Stabbing","floor":23.0,"turns":6.0},{"damage":16.0,"enemies":"Gremlin Leader","floor":28.0,"turns":5.0},{"damage":13.0,"enemies":"Snake Plant","floor":29.0,"turns":4.0},{"damage":0.0,"enemies":"Book of Stabbing","floor":30.0,"turns":8.0},{"damage":0.0,"enemies":"Shelled Parasite and Fungi","floor":31.0,"turns":5.0},{"damage":0.0,"enemies":"Collector","floor":33.0,"turns":8.0},{"damage":0.0,"enemies":"3 Shapes","floor":35.0,"turns":3.0},{"damage":20.0,"enemies":"3 Darklings","floor":37.0,"turns":3.0},{"damage":0.0,"enemies":"Maw","floor":38.0,"turns":6.0},{"damage":5.0,"enemies":"Writhing Mass","floor":41.0,"turns":5.0},{"damage":34.0,"enemies":"Nemesis","floor":42.0,"turns":5.0},{"damage":0.0,"enemies":"Jaw Worm Horde","floor":45.0,"turns":2.0},{"damage":0.0,"enemies":"Maw","floor":47.0,"turns":5.0},{"damage":1.0,"enemies":"Reptomancer","floor":48.0,"turns":3.0},{"damage":0.0,"enemies":"Donu and Deca","floor":50.0,"turns":5.0},{"damage":16,"enemies":"Shield and Spear","floor":54,"turns":4},{"damage":21,"enemies":"The Heart","floor":55,"turns":10}],"seed_played":"-5694737913892719125","potions_obtained":[{"floor":2.0,"key":"Energy Potion"},{"floor":6.0,"key":"Energy Potion"},{"floor":8.0,"key":"FearPotion"},{"floor":16.0,"key":"DistilledChaos"}],"is_trial":false,"path_per_floor":["M","M","?","M","?","E","?","M","T","E","$","M","R","M","R","B",null,"M","?","?","M","?","E","?","R","T","R","E","M","E","M","R","B",null,"M","$","M","M","$","R","M","E","T","R","M","$","M","E","R","B",null,"R","$","E","B",null],"character_chosen":"DEFECT","items_purchased":["Runic Capacitor","Membership Card","Bag of Preparation","Master of Strategy+1","ClockworkSouvenir","Finesse+1","Coolheaded+1"],"campfire_rested":3,"item_purchase_floors":[11,36,36,36,39,46,53],"current_hp_per_floor":[73,73,73,72,65,54,54,51,51,39,39,39,39,38,38,30,75,69,55,55,55,55,39,39,39,39,63,47,34,34,34,34,34,80,80,80,60,60,60,60,55,21,21,45,45,45,45,44,68,68,80,80,80,74,53],"gold":38,"neow_bonus":"ONE_RANDOM_RARE_CARD","is_daily":false,"chose_seed":false,"campfire_upgraded":5,"win_rate":0.0,"timestamp":1611941329,"path_taken":["M","M","?","?","?","E","?","?","T","E","$","M","R","M","R","BOSS","M","?","?","M","?","E","?","R","T","R","E","M","E","M","R","BOSS","M","$","M","M","$","R","M","E","T","R","?","$","?","E","R","BOSS","R","$","E","BOSS"],"items_purchased_type":["Relic","Relic","Relic","Card","Relic","Card","Card"],"build_version":"2020-12-22","purchased_purges":4,"victory":true,"max_hp_per_floor":[75,75,75,75,75,75,75,75,75,75,75,75,75,75,75,75,75,75,80,80,80,80,80,80,80,80,80,80,80,80,80,80,80,80,80,80,80,80,80,80,80,80,80,80,80,80,80,80,80,80,80,80,80,90,90],"card_choices":[{"not_picked":["Force Field","Barrage"],"picked":"Cold Snap","floor":1.0},{"not_picked":["Beam Cell","Steam"],"picked":"Glacier","floor":2.0},{"not_picked":["Conserve Battery","Coolheaded"],"picked":"Blizzard","floor":4.0},{"not_picked":["Steam Power","Storm"],"picked":"Capacitor","floor":6.0},{"not_picked":["Auto Shields","Compile Driver"],"picked":"Blizzard","floor":8.0},{"not_picked":["Leap","Fusion"],"picked":"Glacier","floor":10.0},{"not_picked":["Stack","Turbo","Double Energy"],"picked":"SKIP","floor":12.0},{"not_picked":["Leap","Ball Lightning"],"picked":"Chaos","floor":14.0},{"not_picked":["Machine Learning","Rainbow"],"picked":"Fission","floor":16.0},{"not_picked":["Barrage","Doom and Gloom"],"picked":"Coolheaded","floor":18.0},{"not_picked":["Compile Driver+1","Reprogram","Coolheaded"],"picked":"SKIP","floor":21.0},{"not_picked":["Compile Driver","Capacitor+1"],"picked":"Loop","floor":23.0},{"not_picked":["Aggregate","Beam Cell","Go for the Eyes"],"picked":"SKIP","floor":28.0},{"not_picked":["Cold Snap","Doom and Gloom"],"picked":"Defragment","floor":29.0},{"not_picked":["Static Discharge","Go for the Eyes"],"picked":"Chaos+1","floor":30.0},{"not_picked":["Conserve Battery+1","Loop"],"picked":"Barrage+1","floor":31.0},{"not_picked":["Biased Cognition","Meteor Strike"],"picked":"Electrodynamics","floor":33.0},{"not_picked":["Coolheaded+1","Redo+1"],"picked":"Fusion+1","floor":35.0},{"not_picked":["Steam Power+1","Sweeping Beam+1"],"picked":"Steam+1","floor":37.0},{"not_picked":["Consume+1","Double Energy+1"],"picked":"Beam Cell+1","floor":38.0},{"not_picked":["Sweeping Beam+1","Storm+1"],"picked":"FTL","floor":41.0},{"not_picked":["Static Discharge","Genetic Algorithm+1","Turbo+1"],"picked":"SKIP","floor":42.0},{"not_picked":["Undo+1","Gash"],"picked":"Seek+1","floor":45.0},{"not_picked":["Redo+1","Consume+1","Rip and Tear+1"],"picked":"SKIP","floor":47.0},{"not_picked":["Gash","Hyperbeam"],"picked":"Machine Learning","floor":48.0},{"not_picked":["Sweeping Beam+1","Beam Cell+1"],"picked":"Force Field+1","floor":54}],"player_experience":905055,"relics_obtained":[{"floor":6.0,"key":"Pen Nib"},{"floor":9.0,"key":"Smiling Mask"},{"floor":10.0,"key":"Art of War"},{"floor":23.0,"key":"Bottled Flame"},{"floor":28.0,"key":"DataDisk"},{"floor":30.0,"key":"Toxic Egg 2"},{"floor":34.0,"key":"Boot"},{"floor":34.0,"key":"StrikeDummy"},{"floor":34.0,"key":"Emotion Chip"},{"floor":42.0,"key":"Gremlin Horn"},{"floor":43.0,"key":"Oddly Smooth Stone"},{"floor":48.0,"key":"MealTicket"},{"floor":54,"key":"Pear"}],"event_choices":[{"damage_healed":0.0,"max_hp_gain":0.0,"max_hp_loss":0.0,"gold_gain":0.0,"event_name":"Upgrade Shrine","player_choice":"Upgraded","floor":3.0,"gold_loss":0.0,"damage_taken":0.0,"cards_upgraded":["Zap"]},{"cards_removed":["Strike_B"],"damage_healed":0.0,"max_hp_gain":0.0,"max_hp_loss":0.0,"gold_gain":0.0,"event_name":"Golden Wing","player_choice":"Card Removal","floor":5.0,"gold_loss":0.0,"damage_taken":7.0},{"damage_healed":0.0,"max_hp_gain":0.0,"max_hp_loss":0.0,"gold_gain":0.0,"event_name":"Accursed Blacksmith","player_choice":"Rummage","floor":7.0,"gold_loss":0.0,"damage_taken":0.0,"relics_obtained":["WarpedTongs"],"cards_obtained":["Pain"]},{"damage_healed":0.0,"max_hp_gain":5.0,"max_hp_loss":0.0,"gold_gain":0.0,"event_name":"Forgotten Altar","player_choice":"Shed Blood","floor":19.0,"gold_loss":0.0,"damage_taken":19.0},{"damage_healed":0.0,"max_hp_gain":0.0,"max_hp_loss":0.0,"gold_gain":0.0,"event_name":"The Mausoleum","player_choice":"Ignored","floor":20.0,"gold_loss":0.0,"damage_taken":0.0},{"damage_healed":0.0,"max_hp_gain":0.0,"max_hp_loss":0.0,"gold_gain":0.0,"event_name":"The Library","player_choice":"Read","floor":22.0,"gold_loss":0.0,"damage_taken":0.0,"cards_obtained":["Capacitor"]},{"damage_healed":0.0,"max_hp_gain":0.0,"max_hp_loss":0.0,"gold_gain":0.0,"event_name":"Lab","player_choice":"Got Potions","floor":24.0,"gold_loss":0.0,"damage_taken":0.0}],"is_beta":false,"boss_relics":[{"not_picked":["Empty Cage","Inserter"],"picked":"Sozu"},{"not_picked":["SacredBark","Fusion Hammer"],"picked":"Calling Bell"}],"items_purged_floors":[11,36,46,53],"is_endless":false,"potions_floor_spawned":[2,6,8,16,28,29,31,37,38,42,48],"ascension_level":1}}