{"host":"up0yrwoki2hbybns","time":1611938341,"event":{"mods":["BaseMod","Downfall","Hermit","Infinite Spire","Minty Spire (QoL Compilation)","Quick Restart","Replay The Spire","StSLib","The Runesmith"],"gold_per_floor":[111,111,111,130,205,236,75,150,196,244,283,283,358,395,395,520,520,562,619,619,619,665,665,726,783,783,836,836,836,836,888,888,1029,1029,1084,1173,1173,1236,1324,1324,1374,1374,1374,1374,1464,1516,1574,1033,1033,1055],"floor_reached":51,"language":"ENG","playtime":4474,"items_purged":["Hallucinations"],"score":876,"play_id":"4781fb25-101a-452a-be4f-a6828d737a57","local_time":"20210129213901","is_ascension_mode":true,"campfire_choices":[{"data":"ReplayTheSpireMod:Chaos Vortex","floor":12,"key":"SMITH"},{"floor":15,"key":"REST"},{"data":"Envenom","floor":23,"key":"SMITH"},{"data":"Survivor","floor":28,"key":"SMITH"},{"data":"Amnesia","floor":32,"key":"PURGE"},{"data":"ReplayTheSpireMod:Faulty Equipment","floor":40,"key":"SMITH"},{"data":"Bouncing Flask","floor":44,"key":"SMITH"},{"data":"Replay:Bag of Tricks","floor":49,"key":"SMITH"}],"circlet_count":0,"master_deck":["Defend_G","Defend_G","Defend_G","Defend_G","Survivor+1","Neutralize","Slice","ReplayTheSpireMod:Chaos Vortex+1","Riddle With Holes","Slice","Heel Hook","PiercingWail","Envenom+1","Fluid Movement","Dagger Spray","Flying Knee","Deadly Poison","ReplayTheSpireMod:From All Sides+1","Bouncing Flask+1","Dagger Spray","Slimebound:Tackle+1","Slimebound:Tackle+1","Slimebound:Tackle+1","Heel Hook","Dagger Spray","Crippling Poison+1","Adrenaline+1","Bite","Bite","Bite","Bite","Bite","Crippling Poison","ReplayTheSpireMod:From All Sides","Dagger Spray+1","Cloak And Dagger","Riddle With Holes","Backstab","Deadly Poison+1","Sucker Punch+1","Acrobatics","Quick Slash+1","Predator","Burst+1","Replay:Bag of Tricks+1","Well Laid Plans"],"relics":["Cursed Key","Replay:Bandana","Pet Ghost","Bottled Lightning","MealTicket","Runic Dome","Ninja Scroll","BranchBurnRelic","Coffee Dripper","CaptainsWheel","Replay:WaspNest","infinitespire:Joker Card","Blue Doll","Guide Book"],"acts_visited":["Exordium","TheCity","TheBeyond"],"potions_floor_usage":[25],"damage_taken":[{"damage":0,"enemies":"2 Louse","floor":1,"turns":3},{"damage":0,"enemies":"Cultist","floor":4,"turns":3},{"damage":7,"enemies":"3 Sentries","floor":6,"turns":10},{"damage":7,"enemies":"Lagavulin","floor":10,"turns":6},{"damage":0,"enemies":"Small Slimes","floor":11,"turns":3},{"damage":0,"enemies":"Lagavulin Event","floor":13,"turns":7},{"damage":6,"enemies":"2 Fungi Beasts","floor":14,"turns":3},{"damage":26,"enemies":"The Guardian","floor":16,"turns":8},{"damage":16,"enemies":"Spheric Guardian","floor":18,"turns":4},{"damage":22,"enemies":"2 Thieves","floor":19,"turns":4},{"damage":5,"enemies":"Snake Plant","floor":22,"turns":3},{"damage":0,"enemies":"Sentry and Sphere","floor":24,"turns":5},{"damage":17,"enemies":"Slavers","floor":25,"turns":6},{"damage":0,"enemies":"Snecko","floor":27,"turns":3},{"damage":0,"enemies":"Centurion and Healer","floor":31,"turns":6},{"damage":27,"enemies":"Champ","floor":33,"turns":12},{"damage":0,"enemies":"Orb Walker","floor":35,"turns":3},{"damage":0,"enemies":"3 Darklings","floor":38,"turns":4},{"damage":21,"enemies":"2 Orb Walkers","floor":39,"turns":5},{"damage":0,"enemies":"Sphere and 2 Shapes","floor":41,"turns":4},{"damage":3,"enemies":"Mind Bloom Boss Battle","floor":45,"turns":6},{"damage":15,"enemies":"Maw","floor":46,"turns":6},{"damage":25,"enemies":"Nightmare","floor":47,"turns":7},{"damage":36,"enemies":"infinitespire:MassOfShapes","floor":50,"turns":10}],"seed_played":"-2898165566880788095","potions_obtained":[{"floor":4,"key":"Poison Potion"},{"floor":6,"key":"Block Potion"},{"floor":13,"key":"Elixir"},{"floor":31,"key":"DistilledChaos"},{"floor":41,"key":"FairyPotion"}],"is_trial":false,"path_per_floor":["M","?","?","M","?","E","$","?","T","E","M","R","?","M","R","B",null,"M","M","?","AVR","M","R","M","E","T","M","R","?","?","M","R","B",null,"M","?","?","M","?","R","M","?","T","R","?","M","NM","$","R","B",null],"character_chosen":"THE_SILENT","items_purchased":["Envenom","Burst+1","Replay:Bag of Tricks","Guide Book","Well Laid Plans"],"campfire_rested":1,"item_purchase_floors":[7,48,48,48,48],"current_hp_per_floor":[70,53,53,53,42,35,35,28,28,21,21,21,21,15,36,10,70,54,32,32,32,27,27,27,10,10,10,10,10,10,36,36,27,49,49,49,49,49,36,36,49,47,47,47,47,34,21,36,36,25],"gold":1055,"neow_bonus":"BOSS_RELIC","is_daily":false,"chose_seed":false,"campfire_upgraded":6,"win_rate":0.0,"timestamp":1611938341,"path_taken":["M","?","?","?","?","E","$","?","T","E","?","R","?","M","R","BOSS","M","M","?","AVR","M","R","M","E","T","M","R","?","?","M","R","BOSS","M","?","?","M","?","R","M","?","T","R","?","M","NM","$","R","BOSS"],"items_purchased_type":["Card","Card","Card","Relic","Card"],"build_version":"2020-12-22","purchased_purges":1,"victory":true,"max_hp_per_floor":[70,70,70,70,70,70,70,70,70,70,70,70,70,70,70,70,70,70,70,70,70,70,70,70,70,70,70,70,49,49,49,49,49,49,49,49,49,49,49,49,49,47,47,47,47,47,47,47,47,47],"card_choices":[{"not_picked":["Prepared","Hidden Blade"],"picked":"Slice","floor":1},{"not_picked":["ReplayTheSpireMod:Haul","infinitespire:Collect"],"picked":"ReplayTheSpireMod:Chaos Vortex","floor":2},{"not_picked":["Underhanded Strike","Distraction"],"picked":"Heel Hook","floor":4},{"not_picked":["Eviscerate","A Thousand Cuts"],"picked":"PiercingWail","floor":6},{"not_picked":["Toxin Wave","Blur"],"picked":"Fluid Movement","floor":10},{"not_picked":["Predator","Slice"],"picked":"Dagger Spray","floor":11},{"not_picked":["ReplayTheSpireMod:Shiv Toss","Concentrate"],"picked":"Flying Knee","floor":13},{"not_picked":["PiercingWail","Underhanded Strike"],"picked":"Deadly Poison","floor":14},{"not_picked":["Phantasmal Killer","Unload"],"picked":"ReplayTheSpireMod:From All Sides","floor":16},{"not_picked":["Cloak And Dagger","Expertise"],"picked":"Bouncing Flask","floor":18},{"not_picked":["Sucker Punch","Quick Slash"],"picked":"Dagger Spray","floor":19},{"not_picked":["Outmaneuver+1","ReplayTheSpireMod:Scrap Shanks"],"picked":"Heel Hook","floor":22},{"not_picked":["Choke","Quick Slash"],"picked":"Dagger Spray","floor":24},{"not_picked":["Cloak And Dagger","Sneak Up"],"picked":"Crippling Poison+1","floor":25},{"not_picked":["Backflip","Underhanded Strike"],"picked":"Adrenaline","floor":27},{"not_picked":["Skewer","Hidden Blade"],"picked":"Crippling Poison","floor":31},{"not_picked":["Corpse Explosion","Storm of Steel"],"picked":"ReplayTheSpireMod:From All Sides","floor":33},{"not_picked":["Deflect+1","Cloak And Dagger"],"picked":"Dagger Spray+1","floor":35},{"not_picked":["ReplayTheSpireMod:Scrap Shanks+1","PiercingWail"],"picked":"Cloak And Dagger","floor":36},{"not_picked":["Acrobatics+1","ReplayTheSpireMod:Scrap Shanks+1"],"picked":"Riddle With Holes","floor":36},{"not_picked":["Flying Knee","Night Terror"],"picked":"Backstab","floor":38},{"not_picked":["Dagger Throw+1","Flying Knee+1"],"picked":"Deadly Poison+1","floor":39},{"not_picked":["PiercingWail","Endless Agony+1"],"picked":"Sucker Punch+1","floor":41},{"not_picked":["Poisoned Stab+1","Dagger Spray"],"picked":"Acrobatics","floor":45},{"not_picked":["Blur","Sucker Punch"],"picked":"Quick Slash+1","floor":46},{"not_picked":["Poisoned Stab","Slice"],"picked":"Predator","floor":47}],"player_experience":453229,"relics_obtained":[{"floor":6,"key":"Replay:Bandana"},{"floor":9,"key":"Pet Ghost"},{"floor":10,"key":"Bottled Lightning"},{"floor":13,"key":"MealTicket"},{"floor":25,"key":"Ninja Scroll"},{"floor":26,"key":"Dead Branch"},{"floor":39,"key":"CaptainsWheel"},{"floor":43,"key":"Replay:WaspNest"},{"floor":45,"key":"infinitespire:Joker Card"},{"floor":47,"key":"Blue Doll"}],"event_choices":[{"damage_healed":0,"gold_gain":0,"player_choice":"2 cards matched","damage_taken":0,"max_hp_gain":0,"max_hp_loss":0,"event_name":"Match and Keep!","floor":3,"gold_loss":0,"cards_obtained":["Riddle With Holes","Slice"]},{"damage_healed":0,"gold_gain":0,"player_choice":"2 cards matched","damage_taken":0,"max_hp_gain":0,"max_hp_loss":0,"event_name":"Match and Keep!","floor":3,"gold_loss":0,"cards_obtained":["Riddle With Holes","Slice"]},{"damage_healed":0,"gold_gain":75,"player_choice":"Gather Gold","damage_taken":11,"max_hp_gain":0,"max_hp_loss":0,"event_name":"World of Goop","floor":5,"gold_loss":0},{"damage_healed":0,"gold_gain":75,"player_choice":"Touch","damage_taken":7,"max_hp_gain":0,"max_hp_loss":0,"event_name":"FaceTrader","floor":8,"gold_loss":0},{"damage_healed":0,"gold_gain":30,"player_choice":"Searched \u00273\u0027 times","damage_taken":0,"max_hp_gain":0,"max_hp_loss":0,"event_name":"Dead Adventurer","floor":13,"gold_loss":0},{"damage_healed":0,"gold_gain":0,"player_choice":"Became a vampire","damage_taken":0,"max_hp_gain":0,"max_hp_loss":21,"event_name":"Vampires","floor":29,"gold_loss":0,"cards_obtained":["Bite","Bite","Bite","Bite","Bite"]},{"cards_removed":["Defend_G"],"damage_healed":0,"gold_gain":0,"player_choice":"Removed Skill","damage_taken":0,"max_hp_gain":0,"max_hp_loss":0,"event_name":"Falling","floor":37,"gold_loss":0},{"damage_healed":0,"gold_gain":0,"player_choice":"Fight","damage_taken":0,"max_hp_gain":0,"max_hp_loss":0,"event_name":"Mysterious Sphere","floor":39,"gold_loss":0},{"damage_healed":0,"gold_gain":0,"player_choice":"Max HP","damage_taken":0,"max_hp_gain":0,"max_hp_loss":2,"event_name":"Winding Halls","floor":42,"gold_loss":0},{"damage_healed":0,"gold_gain":0,"player_choice":"Fight","damage_taken":0,"max_hp_gain":0,"max_hp_loss":0,"event_name":"MindBloom","floor":45,"gold_loss":0}],"is_beta":false,"boss_relics":[{"not_picked":["Pandora\u0027s Box","Tiny House"],"picked":"Runic Dome"},{"not_picked":["Runesmith:UraniumAnvil","infinitespire:Cupcake"],"picked":"Coffee Dripper"}],"items_purged_floors":[48],"is_endless":false,"potions_floor_spawned":[4,6,13,19,24,31,35,41,45],"ascension_level":3}}