{"host":"ibtxpp7hbhk6t4eo","time":1611915122,"event":{"mods":["BaseMod","Downfall","Minty Spire (QoL Compilation)","StSLib","Waifu the Spire"],"gold_per_floor":[112,112,212,212,225,251,285,315,315,340,4,33,61,77,77,181,181,193,70,80,180,180,213,247,247,273,306,322,351,351,382,382,479,479,493,519,519,519],"floor_reached":39,"language":"ZHS","playtime":1512,"items_purged":["Pain"],"score":1194,"play_id":"4ba2f076-a998-4975-aa1a-aa8f8dc4e83f","local_time":"20210129181202","daily_mods":["SealedDeck","Vintage","Colorless Cards","Heirloom","Time Dilation","Flight","DeadlyEvents","Elite Swarm"],"is_ascension_mode":false,"campfire_choices":[{"data":"Transmutation","floor":15,"key":"SMITH"},{"data":"bronze:BuggyMess","floor":25,"key":"SMITH"},{"data":"Apotheosis","floor":30,"key":"SMITH"},{"data":"bronze:Turbo","floor":32,"key":"SMITH"}],"circlet_count":0,"master_deck":["bronze:Fortify","bronze:Boost","bronze:Shield","bronze:Shield","bronze:WildBeam","bronze:BugBarrage+1","bronze:Turbo+1","bronze:DelayedGuard","bronze:FollowUp","bronze:WildBeam","Regret","Master of Strategy","Doubt","bronze:Break+1","Transmutation+1","bronze:ShipIt","Clumsy","downfall:Icky","Master of Strategy","bronze:DelayedSlice","Panache","bronze:Verify","bronze:RecursiveStrike","bronze:BuggyMess+1","bronze:DonuBeam","bronze:DecaBeam","bronze:Flail","Master of Strategy+1","Apotheosis+1","Doubt","Clumsy","Chrysalis+1","bronze:Verify","Violence+1","Mayhem","Pain","downfall:Bewildered"],"relics":["bronze:BronzeCore","bronze:AnalyticalCore","Du-Vu Doll","Question Card","downfall:ExtraCursedKey","champ:DuelingGlove","bronze:CableSpool","Incense Burner","Happy Flower","Prayer Wheel","StoneCalendar","Turnip","Bronze Scales","Shuriken","Anchor","sneckomod:SneckoTalon","Bottled Tornado","sneckomod:BlankCard","Whetstone","Mummified Hand","Bag of Marbles","Blood Vial","Pocketwatch","Mercury Hourglass","Toxic Egg 2","Fusion Hammer","hexamod:BolsterEngine","War Paint"],"acts_visited":["Exordium","TheCity","TheBeyond"],"potions_floor_usage":[38,38],"damage_taken":[{"damage":0,"enemies":"Small Slimes","floor":1,"turns":1},{"damage":7,"enemies":"2 Louse","floor":5,"turns":2},{"damage":6,"enemies":"Gremlin Nob","floor":6,"turns":3},{"damage":0,"enemies":"Lagavulin","floor":7,"turns":2},{"damage":0,"enemies":"Gremlin Nob","floor":8,"turns":1},{"damage":5,"enemies":"Lagavulin","floor":10,"turns":2},{"damage":15,"enemies":"3 Sentries","floor":12,"turns":3},{"damage":7,"enemies":"Lagavulin","floor":13,"turns":3},{"damage":0,"enemies":"Cultist","floor":14,"turns":1},{"damage":14,"enemies":"Hexaghost","floor":16,"turns":5},{"damage":0,"enemies":"Shell Parasite","floor":18,"turns":1},{"damage":0,"enemies":"Spheric Guardian","floor":20,"turns":1},{"damage":0,"enemies":"Spheric Guardian","floor":21,"turns":3},{"damage":0,"enemies":"Book of Stabbing","floor":23,"turns":2},{"damage":0,"enemies":"Slavers","floor":24,"turns":2},{"damage":0,"enemies":"Gremlin Leader","floor":27,"turns":1},{"damage":0,"enemies":"Centurion and Healer","floor":28,"turns":1},{"damage":1,"enemies":"Slavers","floor":29,"turns":2},{"damage":0,"enemies":"Book of Stabbing","floor":31,"turns":1},{"damage":0,"enemies":"Collector","floor":33,"turns":2},{"damage":0,"enemies":"Orb Walker","floor":35,"turns":1},{"damage":21,"enemies":"Awakened One","floor":38,"turns":5}],"seed_played":"5052810108044370522","potions_obtained":[{"floor":1,"key":"PowerPotion"},{"floor":4,"key":"bronze:BurnAndBuffPotion"},{"floor":4,"key":"DistilledChaos"}],"is_trial":true,"path_per_floor":["M","?","?","?","M","E","E","E","T","E","$","E","E","M","R","B",null,"M","$","M","?","?","E","E","R","T","E","M","E","R","E","R","B",null,"M","T","?","B",null],"character_chosen":"THE_AUTOMATON","items_purchased":["Turnip","bronze:DelayedSlice","bronze:BuggyMess"],"campfire_rested":0,"item_purchase_floors":[11,11,19],"current_hp_per_floor":[70,70,75,75,68,62,62,62,62,57,57,42,35,35,35,21,75,75,75,75,75,75,75,75,75,75,75,75,74,74,75,75,75,75,75,75,75,54],"gold":519,"neow_bonus":"","is_daily":false,"chose_seed":false,"campfire_upgraded":4,"win_rate":0.0,"timestamp":1611915122,"path_taken":["M","?","?","?","?","E","E","E","T","E","$","E","E","M","R","BOSS","M","$","M","?","?","E","E","R","T","?","M","E","R","E","R","BOSS","M","?","?","BOSS"],"items_purchased_type":["Relic","Card","Card"],"build_version":"2020-12-22","purchased_purges":1,"victory":true,"max_hp_per_floor":[70,70,75,75,75,75,75,75,75,75,75,75,75,75,75,75,75,75,75,75,75,75,75,75,75,75,75,75,75,75,75,75,75,75,75,75,75,75],"card_choices":[{"not_picked":["Thinking Ahead","Sadistic Nature","bronze:HardenedForm"],"picked":"bronze:Break","floor":6},{"not_picked":["Master of Strategy","Thinking Ahead","bronze:Assembly"],"picked":"Transmutation","floor":7},{"not_picked":["Violence","bronze:Virus","bronze:RecursiveStrike"],"picked":"bronze:ShipIt","floor":8},{"not_picked":["bronze:Virus","Transmutation","Metamorphosis"],"picked":"Master of Strategy","floor":10},{"not_picked":["Thinking Ahead","Chrysalis","Secret Weapon"],"picked":"Panache","floor":12},{"not_picked":["bronze:Break","Panache","Metamorphosis"],"picked":"bronze:Verify","floor":13},{"not_picked":["bronze:Assembly","Magnetism","Metamorphosis"],"picked":"bronze:RecursiveStrike","floor":16},{"not_picked":[],"picked":"bronze:DonuBeam","floor":21},{"not_picked":[],"picked":"bronze:DecaBeam","floor":21},{"not_picked":["bronze:BitShift","bronze:Deprecate","bronze:Shell"],"picked":"bronze:Flail","floor":21},{"not_picked":["Secret Technique","Thinking Ahead","Secret Weapon"],"picked":"Master of Strategy","floor":23},{"not_picked":["bronze:Verify","Master of Strategy","bronze:ThunderWave"],"picked":"Apotheosis","floor":24},{"not_picked":["bronze:BurnOut","Secret Technique","Master of Strategy"],"picked":"Chrysalis","floor":27},{"not_picked":["Chrysalis","Transmutation","bronze:SpaghettiCode"],"picked":"bronze:Verify","floor":29},{"not_picked":["bronze:HyperBeam","bronze:Mutator","bronze:ShipIt"],"picked":"Violence+1","floor":31},{"not_picked":["bronze:RecursiveStrike","bronze:HyperBeam","bronze:HardenedForm"],"picked":"Mayhem","floor":33}],"player_experience":71977,"relics_obtained":[{"floor":1,"key":"Question Card"},{"floor":5,"key":"champ:DuelingGlove"},{"floor":6,"key":"bronze:CableSpool"},{"floor":7,"key":"Incense Burner"},{"floor":8,"key":"Happy Flower"},{"floor":9,"key":"Prayer Wheel"},{"floor":10,"key":"StoneCalendar"},{"floor":12,"key":"Bronze Scales"},{"floor":13,"key":"Shuriken"},{"floor":14,"key":"Anchor"},{"floor":18,"key":"Bottled Tornado"},{"floor":20,"key":"sneckomod:BlankCard"},{"floor":23,"key":"Whetstone"},{"floor":24,"key":"Mummified Hand"},{"floor":26,"key":"Bag of Marbles"},{"floor":27,"key":"Blood Vial"},{"floor":28,"key":"Pocketwatch"},{"floor":29,"key":"Mercury Hourglass"},{"floor":31,"key":"Toxic Egg 2"},{"floor":35,"key":"hexamod:BolsterEngine"},{"floor":36,"key":"War Paint"}],"event_choices":[{"damage_healed":0,"gold_gain":0,"player_choice":"Leave","damage_taken":0,"max_hp_gain":0,"max_hp_loss":0,"event_name":"The Cleric","floor":2,"gold_loss":0},{"damage_healed":0,"gold_gain":0,"player_choice":"Got Potions","damage_taken":0,"max_hp_gain":0,"max_hp_loss":0,"event_name":"Lab","floor":4,"gold_loss":0},{"damage_healed":0,"gold_gain":0,"player_choice":"Ignored","damage_taken":0,"max_hp_gain":0,"max_hp_loss":0,"event_name":"Ghosts","floor":22,"gold_loss":0},{"damage_healed":0,"gold_gain":0,"player_choice":"Took Portal","damage_taken":0,"max_hp_gain":0,"max_hp_loss":0,"event_name":"SecretPortal","floor":37,"gold_loss":0}],"is_beta":false,"boss_relics":[{"not_picked":["SlaversCollar","Sozu"],"picked":"sneckomod:SneckoTalon"},{"not_picked":["Runic Dome","Tiny House"],"picked":"Fusion Hammer"}],"items_purged_floors":[19],"is_endless":false,"potions_floor_spawned":[1,8,12,16,18,24,28,31,33],"ascension_level":0}}