{"host":"1c52r9kaxdyo25eq","time":1611925575,"event":{"mods":["AchievementEnabler","BaseMod","DeckTracker","Minty Spire (QoL Compilation)","Rare Cards Sparkle","SuperFastMode","everything is the same but u backflip on backflip"],"gold_per_floor":[118,136,151,165,165,165,193,193,274,289,364,396,408,69,69,141,141,158,175,87,103,122,155,155,173,173,190,202,230,130,130,130,204,204,219,219,229,229,104,139,153,185,240,240,90,90,115,115,115,115,115,115,115,150,150],"floor_reached":56,"language":"KOR","playtime":1900,"items_purged":["Strike_R","Strike_R","Strike_R","Wild Strike"],"score":2398,"play_id":"49973fab-7533-422f-9f58-a20a851dc5aa","local_time":"20210129220615","is_ascension_mode":true,"campfire_choices":[{"data":"Body Slam","floor":6.0,"key":"SMITH"},{"data":"Second Wind","floor":8.0,"key":"SMITH"},{"data":"Barricade","floor":15.0,"key":"SMITH"},{"data":"Evolve","floor":24.0,"key":"SMITH"},{"floor":32.0,"key":"REST"},{"floor":44.0,"key":"RECALL"},{"data":"Power Through","floor":46.0,"key":"SMITH"},{"data":"Impervious","floor":49.0,"key":"SMITH"},{"data":"Pommel Strike","floor":52.0,"key":"SMITH"}],"circlet_count":0,"master_deck":["AscendersBane","Defend_R","Defend_R","Defend_R","Bash","Pommel Strike+1","Second Wind+1","Body Slam+1","Evolve+1","Bloodletting","Reckless Charge","Barricade+1","Impervious+1","Feed","Ghostly Armor","Power Through+1","Battle Trance","Shrug It Off","Dual Wield"],"relics":["Burning Blood","Torii","Mercury Hourglass","Anchor","Runic Pyramid","Nunchaku","Singing Bowl","Boot","Runic Cube","Toy Ornithopter","Bottled Tornado","TungstenRod","Centennial Puzzle"],"acts_visited":["Exordium","TheCity","TheBeyond","TheEnding"],"potions_floor_usage":[55,55],"damage_taken":[{"damage":14.0,"enemies":"Jaw Worm","floor":1.0,"turns":3.0},{"damage":2.0,"enemies":"2 Louse","floor":2.0,"turns":3.0},{"damage":0.0,"enemies":"Small Slimes","floor":3.0,"turns":3.0},{"damage":16.0,"enemies":"2 Fungi Beasts","floor":4.0,"turns":4.0},{"damage":15.0,"enemies":"3 Sentries","floor":7.0,"turns":7.0},{"damage":11.0,"enemies":"Looter","floor":10.0,"turns":3.0},{"damage":1.0,"enemies":"Gremlin Nob","floor":12.0,"turns":3.0},{"damage":1.0,"enemies":"3 Louse","floor":13.0,"turns":3.0},{"damage":3.0,"enemies":"The Guardian","floor":16.0,"turns":8.0},{"damage":25.0,"enemies":"2 Thieves","floor":18.0,"turns":4.0},{"damage":8.0,"enemies":"Shell Parasite","floor":19.0,"turns":7.0},{"damage":3.0,"enemies":"Cultist and Chosen","floor":21.0,"turns":8.0},{"damage":4.0,"enemies":"3 Cultists","floor":22.0,"turns":6.0},{"damage":35.0,"enemies":"Slavers","floor":23.0,"turns":6.0},{"damage":1.0,"enemies":"Centurion and Healer","floor":25.0,"turns":7.0},{"damage":3.0,"enemies":"Cultist and Chosen","floor":27.0,"turns":5.0},{"damage":12.0,"enemies":"Sentry and Sphere","floor":28.0,"turns":5.0},{"damage":7.0,"enemies":"Book of Stabbing","floor":29.0,"turns":5.0},{"damage":22.0,"enemies":"Automaton","floor":33.0,"turns":9.0},{"damage":1.0,"enemies":"3 Shapes","floor":35.0,"turns":4.0},{"damage":9.0,"enemies":"3 Darklings","floor":37.0,"turns":6.0},{"damage":3.0,"enemies":"Giant Head","floor":40.0,"turns":7.0},{"damage":20.0,"enemies":"Writhing Mass","floor":41.0,"turns":6.0},{"damage":6.0,"enemies":"Reptomancer","floor":42.0,"turns":7.0},{"damage":0.0,"enemies":"Mind Bloom Boss Battle","floor":47.0,"turns":5.0},{"damage":17.0,"enemies":"Donu and Deca","floor":50.0,"turns":8.0},{"damage":4.0,"enemies":"Shield and Spear","floor":54.0,"turns":9.0},{"damage":67,"enemies":"The Heart","floor":55,"turns":11}],"seed_played":"3412315465616353074","potions_obtained":[{"floor":4.0,"key":"Fire Potion"},{"floor":7.0,"key":"Energy Potion"},{"floor":10.0,"key":"Fire Potion"},{"floor":13.0,"key":"LiquidMemories"},{"floor":18.0,"key":"LiquidBronze"},{"floor":22.0,"key":"Weak Potion"},{"floor":28.0,"key":"FearPotion"},{"floor":37.0,"key":"Explosive Potion"},{"floor":42.0,"key":"Energy Potion"},{"floor":47.0,"key":"EntropicBrew"},{"floor":54.0,"key":"DuplicationPotion"}],"is_trial":false,"path_per_floor":["M","M","M","M","?","R","E","R","T","M","?","E","M","$","R","B",null,"M","M","$","M","M","E","R","M","T","M","M","E","$","?","R","B",null,"M","?","M","?","$","E","M","E","T","R","$","R","?","?","R","B",null,"R","$","E","B",null],"character_chosen":"IRONCLAD","items_purchased":["Barricade","Impervious","Power Through"],"campfire_rested":1,"item_purchase_floors":[14,14,20],"current_hp_per_floor":[60,64,68,58,58,58,49,49,49,44,33,38,43,43,43,46,63,47,48,48,54,59,33,33,41,41,47,44,48,48,19,49,35,87,97,97,99,99,99,104,95,105,105,105,105,105,116,116,116,105,121,121,121,129,73],"gold":150,"neow_bonus":"REMOVE_TWO","is_daily":false,"chose_seed":false,"campfire_upgraded":7,"win_rate":0.0,"timestamp":1611925575,"path_taken":["M","M","M","M","?","R","E","R","T","M","?","E","M","?","R","BOSS","M","M","$","M","M","E","R","M","T","M","M","E","$","?","R","BOSS","M","?","M","?","$","E","M","E","T","R","$","R","?","?","R","BOSS","R","$","E","BOSS"],"items_purchased_type":["Card","Card","Card"],"build_version":"2020-12-22","purchased_purges":4,"victory":true,"max_hp_per_floor":[68,68,68,68,68,68,68,68,68,68,68,68,68,68,68,68,68,71,74,74,77,80,83,83,86,86,89,92,97,97,102,102,104,104,109,104,109,109,109,111,116,121,121,121,121,121,126,126,126,126,126,126,126,129,129],"card_choices":[{"not_picked":["Body Slam","Clothesline"],"picked":"Pommel Strike","floor":1.0},{"not_picked":["Wild Strike","Dark Embrace"],"picked":"Second Wind","floor":2.0},{"not_picked":["Havoc","True Grit"],"picked":"Body Slam","floor":3.0},{"not_picked":["Havoc","Cleave"],"picked":"Evolve","floor":4.0},{"not_picked":["Twin Strike","Anger","Flex"],"picked":"SKIP","floor":7.0},{"not_picked":["Cleave","Twin Strike"],"picked":"Wild Strike","floor":10.0},{"not_picked":["Bloodletting","Twin Strike","Second Wind"],"picked":"SKIP","floor":12.0},{"not_picked":["Seeing Red","True Grit"],"picked":"Reckless Charge","floor":13.0},{"not_picked":["Double Tap","Juggernaut"],"picked":"Feed","floor":16.0},{"not_picked":["Evolve","Thunderclap"],"picked":"Ghostly Armor","floor":18.0},{"not_picked":["Clothesline","Dropkick","Ghostly Armor"],"picked":"SKIP","floor":19.0},{"not_picked":["Clothesline","Dropkick","Hemokinesis"],"picked":"SKIP","floor":21.0},{"not_picked":["Thunderclap","Perfected Strike","Heavy Blade"],"picked":"SKIP","floor":22.0},{"not_picked":["Havoc","Reckless Charge","Rupture"],"picked":"SKIP","floor":23.0},{"not_picked":["Havoc","Ghostly Armor","Sentinel"],"picked":"SKIP","floor":25.0},{"not_picked":["Thunderclap","Clash"],"picked":"Battle Trance","floor":27.0},{"not_picked":["Evolve+1","Shockwave+1"],"picked":"Shrug It Off","floor":28.0},{"not_picked":["Sword Boomerang","Shockwave","Battle Trance"],"picked":"Singing Bowl","floor":29.0},{"not_picked":["Berserk","Demon Form","Brutality"],"picked":"Singing Bowl","floor":33.0},{"not_picked":["Twin Strike","Second Wind","Dropkick"],"picked":"Singing Bowl","floor":35.0},{"not_picked":["Shrug It Off","Clothesline","Headbutt"],"picked":"Singing Bowl","floor":37.0},{"not_picked":["Thunderclap","Dropkick+1","Flex"],"picked":"Singing Bowl","floor":40.0},{"not_picked":["Havoc","Thunderclap","Heavy Blade"],"picked":"Singing Bowl","floor":41.0},{"not_picked":["True Grit","Rampage","Sword Boomerang"],"picked":"Singing Bowl","floor":42.0},{"not_picked":["Inflame","Whirlwind","Searing Blow"],"picked":"Singing Bowl","floor":47.0},{"not_picked":["Warcry","Limit Break"],"picked":"Dual Wield","floor":54.0}],"player_experience":625818,"relics_obtained":[{"floor":7.0,"key":"Torii"},{"floor":9.0,"key":"Mercury Hourglass"},{"floor":12.0,"key":"Anchor"},{"floor":23.0,"key":"Nunchaku"},{"floor":26.0,"key":"Singing Bowl"},{"floor":29.0,"key":"Boot"},{"floor":40.0,"key":"Toy Ornithopter"},{"floor":42.0,"key":"Bottled Tornado"},{"floor":47.0,"key":"TungstenRod"},{"floor":54.0,"key":"Centennial Puzzle"}],"event_choices":[{"damage_healed":0.0,"max_hp_gain":0.0,"max_hp_loss":0.0,"gold_gain":0.0,"cards_transformed":["Strike_R"],"event_name":"Living Wall","player_choice":"Change","floor":5.0,"gold_loss":0.0,"damage_taken":0.0,"cards_obtained":["Bloodletting"]},{"damage_healed":0.0,"max_hp_gain":0.0,"max_hp_loss":0.0,"gold_gain":75.0,"event_name":"World of Goop","player_choice":"Gather Gold","floor":11.0,"gold_loss":0.0,"damage_taken":11.0},{"damage_healed":0.0,"max_hp_gain":5.0,"max_hp_loss":0.0,"gold_gain":0.0,"event_name":"Forgotten Altar","player_choice":"Shed Blood","floor":31.0,"gold_loss":0.0,"damage_taken":34.0},{"damage_healed":0.0,"max_hp_gain":0.0,"max_hp_loss":5.0,"gold_gain":0.0,"event_name":"Winding Halls","player_choice":"Max HP","floor":36.0,"gold_loss":0.0,"damage_taken":0.0},{"damage_healed":0.0,"max_hp_gain":0.0,"max_hp_loss":0.0,"gold_gain":0.0,"event_name":"Tomb of Lord Red Mask","player_choice":"Ignored","floor":38.0,"gold_loss":0.0,"damage_taken":0.0},{"damage_healed":0.0,"max_hp_gain":0.0,"max_hp_loss":0.0,"gold_gain":0.0,"event_name":"MindBloom","player_choice":"Fight","floor":47.0,"gold_loss":0.0,"damage_taken":0.0},{"damage_healed":0.0,"max_hp_gain":0.0,"max_hp_loss":0.0,"gold_gain":0.0,"event_name":"Lab","player_choice":"Got Potions","floor":48.0,"gold_loss":0.0,"damage_taken":0.0}],"is_beta":false,"boss_relics":[{"not_picked":["Black Star","Busted Crown"],"picked":"Runic Pyramid"},{"not_picked":["Tiny House","SacredBark"],"picked":"Runic Cube"}],"items_purged_floors":[14,30,39,45],"is_endless":false,"potions_floor_spawned":[4,7,10,13,18,22,28,37,42,47,54],"ascension_level":16}}