{"host":"v9ordiuf4xzdpttp","time":1611950532,"event":{"mods":["AchievementEnabler","Act Like it!","AlwaysNeverKeys","Aspiration","BaseMod","Better Third Choice","Better Vampires","BetterRewards","CCEM2","Colored Map","Conspire","Gold Saver","Halation","Infinite Spire","Jedi Mod","Marked Mod","Melee Mod","Minty Spire (QoL Compilation)","Pale of the Ancients","Remove Card Discount Mod","Shop Mod","Small Relic Pack","Spicy Shops","StSLib","The Bug Knight","The Death Knight","The Runesmith"],"gold_per_floor":[115,129,149,164,176,176,192,202,249,249,266,16,16,48,48,147,147,147],"floor_reached":17,"language":"ENG","playtime":1153,"items_purged":["Strike_P","Strike_P","Strike_P","Strike_P"],"score":169,"play_id":"385c5f6c-3bcf-4744-afd5-f27381d8d18a","local_time":"20210129150212","is_ascension_mode":true,"campfire_choices":[{"floor":6,"key":"REST"},{"floor":10,"key":"REST"},{"floor":13,"key":"REST"},{"floor":15,"key":"REST"}],"circlet_count":0,"master_deck":["Defend_P","Defend_P","Defend_P","Defend_P","Eruption","Vigilance","ForeignInfluence","MarkedMod:FirstStrike","BattleHymn","MarkedMod:Acupuncture","JustLucky","ClearTheMind","CutThroughFate","DevaForm","BattleHymn","ForeignInfluence","MarkedMod:GracefulMovements","CurseOfTheBell"],"relics":["PureWater","MerchantsRug","CCEMRelics:PorcelainBowl","Calling Bell","jedi:Pinwheel","aspiration:HiddenCompartment","Runesmith:Locket"],"acts_visited":["Exordium","TheCity"],"potions_floor_usage":[7],"damage_taken":[{"damage":21,"enemies":"infinitespire:Voidling","floor":1,"turns":3},{"damage":0,"enemies":"Cultist","floor":2,"turns":3},{"damage":6,"enemies":"conspire:RoseBush","floor":3,"turns":3},{"damage":14,"enemies":"Blue Slaver","floor":4,"turns":2},{"damage":18,"enemies":"Lots of Slimes","floor":5,"turns":4},{"damage":17,"enemies":"Exordium Wildlife","floor":7,"turns":4},{"damage":6,"enemies":"3 Louse","floor":8,"turns":2},{"damage":16,"enemies":"Exordium Thugs","floor":11,"turns":5},{"damage":3,"enemies":"HollowMod:MossKnight","floor":14,"turns":5},{"damage":57,"enemies":"The Guardian","floor":16,"turns":7}],"seed_played":"-6433797915821923526","potions_obtained":[{"floor":2,"key":"MarkedMod:BlackLotusJuice"},{"floor":4,"key":"GamblersBrew"},{"floor":8,"key":"DeathKnight:RimePotion"},{"floor":16,"key":"Weak Potion"}],"is_trial":false,"path_per_floor":["M","M","M","M","M","R","M","M","T","R","M","$","R","E","R","B",null],"character_chosen":"WATCHER","items_purchased":["BattleHymn","MerchantsRug","ForeignInfluence"],"campfire_rested":4,"item_purchase_floors":[12,12,12],"current_hp_per_floor":[58,58,52,38,20,43,26,20,20,43,27,27,50,47,70,13,79,79],"gold":147,"neow_bonus":"TEN_PERCENT_HP_BONUS","is_daily":false,"chose_seed":false,"campfire_upgraded":0,"win_rate":0.0,"timestamp":1611950532,"path_taken":["M","M","M","M","?","R","M","M","T","R","?","$","R","E","R","BOSS"],"items_purchased_type":["Card","Relic","Card"],"build_version":"2020-12-22","purchased_purges":4,"victory":false,"max_hp_per_floor":[79,79,79,79,79,79,79,79,79,79,79,79,79,79,79,79,79,79],"card_choices":[{"not_picked":["CutThroughFate","SandsOfTime"],"picked":"ForeignInfluence","floor":1},{"not_picked":["ThirdEye","Worship"],"picked":"MarkedMod:FirstStrike","floor":2},{"not_picked":["JustLucky","Crescendo"],"picked":"BattleHymn","floor":3},{"not_picked":["Halt","MarkedMod:FirstStrike"],"picked":"MarkedMod:Acupuncture","floor":4},{"not_picked":["EmptyFist","SashWhip"],"picked":"JustLucky","floor":5},{"not_picked":["BowlingBash","FlyingSleeves"],"picked":"ClearTheMind","floor":7},{"not_picked":["CrushJoints","Conclude"],"picked":"CutThroughFate","floor":8},{"not_picked":["ForeignInfluence","CrushJoints"],"picked":"DevaForm","floor":11},{"not_picked":["FlurryOfBlows","Nirvana"],"picked":"MarkedMod:GracefulMovements","floor":14}],"player_experience":230547,"relics_obtained":[{"floor":9,"key":"halation:IllGainedPizza"},{"floor":14,"key":"CCEMRelics:PorcelainBowl"},{"floor":17,"key":"jedi:Pinwheel"},{"floor":17,"key":"aspiration:HiddenCompartment"},{"floor":17,"key":"Runesmith:Locket"}],"event_choices":[],"is_beta":false,"boss_relics":[{"not_picked":["relicPack:ShieldShield","conspire:RunicOctahedron"],"picked":"Calling Bell"}],"items_purged_floors":[12,12,12,12],"is_endless":false,"potions_floor_spawned":[2,4,8,16],"ascension_level":1}}