{"host":"toh0bbw446wnuexf","time":1611908899,"event":{"mods":["BaseMod","Downfall","Hermit","Minty Spire (QoL Compilation)","Random Character Button","StSLib"],"gold_per_floor":[99,99,99,24,44,58,58,58,88,108,122,122,122,136,149,251,251,251,251,251,251],"floor_reached":19,"language":"ENG","playtime":1109,"items_purged":["sneckomod:Unknown"],"score":175,"play_id":"05f0dfc4-8d8d-46db-9901-97c7be0cd22e","local_time":"20210129212819","is_ascension_mode":true,"campfire_choices":[{"data":"sneckomod:TailWhip","floor":8,"key":"SMITH"},{"floor":12,"key":"REST"}],"circlet_count":0,"master_deck":["sneckomod:Strike","sneckomod:Strike","sneckomod:Strike","sneckomod:Defend","sneckomod:Defend","sneckomod:Defend","sneckomod:TailWhip+1","sneckomod:SnekBite","hermit:Grudge","bronze:ItsAFeature"],"relics":["sneckomod:SneckoSoul","downfall:HeartsMalice","Kunai","sneckomod:LoadedDie","Ancient Tea Set","SlaversCollar"],"acts_visited":["Exordium","TheCity"],"potions_floor_usage":[16,16],"damage_taken":[{"damage":0,"enemies":"Small Slimes","floor":2,"turns":1},{"damage":0,"enemies":"Jaw Worm","floor":3,"turns":1},{"damage":0,"enemies":"downfall:FleeingMerchant","floor":4,"turns":1},{"damage":3,"enemies":"2 Louse","floor":5,"turns":3},{"damage":0,"enemies":"Large Slime","floor":6,"turns":4},{"damage":40,"enemies":"3 Sentries","floor":9,"turns":8},{"damage":8,"enemies":"3 Louse","floor":10,"turns":3},{"damage":4,"enemies":"Blue Slaver","floor":11,"turns":4},{"damage":10,"enemies":"Exordium Thugs","floor":14,"turns":4},{"damage":0,"enemies":"Large Slime","floor":15,"turns":6},{"damage":29,"enemies":"DF_ARCHETYPE_STREAMLINE","floor":16,"turns":14},{"damage":17,"enemies":"Shell Parasite","floor":19,"turns":6}],"seed_played":"-6354728120849113396","potions_obtained":[{"floor":5,"key":"SkillPotion"},{"floor":6,"key":"SpeedPotion"},{"floor":9,"key":"sneckomod:OffclassReductionPotion"},{"floor":11,"key":"Dexterity Potion"},{"floor":15,"key":"Fire Potion"}],"is_trial":false,"path_per_floor":["R","M","M","$","M","M","T","R","E","M","M","R","?","M","M","B",null,"R","M"],"character_chosen":"THE_SNECKO","items_purchased":[],"campfire_rested":1,"item_purchase_floors":[],"current_hp_per_floor":[90,90,90,90,87,87,87,87,47,39,35,62,55,45,45,16,90,90,73,73,73],"gold":251,"neow_bonus":"THREE_ENEMY_KILL","is_daily":false,"chose_seed":false,"campfire_upgraded":1,"win_rate":0.0,"timestamp":1611908899,"path_taken":["R","M","M","$","M","M","T","R","E","M","M","R","?","M","M","BOSS","R","M"],"items_purchased_type":[],"build_version":"2020-12-22","purchased_purges":1,"victory":false,"max_hp_per_floor":[90,90,90,90,90,90,90,90,90,90,90,90,90,90,90,90,90,90,90,90,90],"card_choices":[{"not_picked":["sneckomod:IronFang","sneckomod:UnknownCommonAttack","sneckomod:DiceCrush"],"picked":"SKIP","floor":2},{"not_picked":["sneckomod:QuickBite","sneckomod:UnknownCommonAttack","sneckomod:SoulRoll"],"picked":"SKIP","floor":3},{"not_picked":["sneckomod:ImprovisedGuard","sneckomod:MasterEye","sneckomod:UnknownCommonSkill"],"picked":"SKIP","floor":4},{"not_picked":["sneckomod:UnknownBlock","sneckomod:Unknown1Cost","sneckomod:GlitteringGambit"],"picked":"SKIP","floor":5},{"not_picked":["sneckomod:UnknownBlock","sneckomod:UnknownCommonAttack","sneckomod:QuickBite"],"picked":"SKIP","floor":6},{"not_picked":["sneckomod:QuickMove","sneckomod:Unknown1Cost","sneckomod:UnknownBlock"],"picked":"SKIP","floor":9},{"not_picked":["sneckomod:QuickMove","sneckomod:QuickBite","sneckomod:UnknownCommonSkill"],"picked":"SKIP","floor":10},{"not_picked":["sneckomod:DiceCrush","sneckomod:Nope","sneckomod:Unknown1Cost"],"picked":"SKIP","floor":11},{"not_picked":["sneckomod:Memorize","sneckomod:UnknownExhaust"],"picked":"sneckomod:UnknownDexterity","floor":14},{"not_picked":["sneckomod:Rotation","sneckomod:Nope","sneckomod:QuickMove"],"picked":"SKIP","floor":15}],"player_experience":631774,"relics_obtained":[{"floor":7,"key":"Kunai"},{"floor":9,"key":"sneckomod:LoadedDie"}],"event_choices":[{"damage_healed":0,"gold_gain":0,"player_choice":"Success","damage_taken":7,"relics_obtained":["Ancient Tea Set"],"max_hp_gain":0,"max_hp_loss":0,"event_name":"Scrap Ooze","floor":13,"gold_loss":0}],"is_beta":false,"boss_relics":[{"not_picked":["Velvet Choker","Runic Pyramid"],"picked":"SlaversCollar"}],"items_purged_floors":[4],"is_endless":false,"potions_floor_spawned":[5,6,9,11,15],"killed_by":"Shell Parasite","ascension_level":1}}