{"host":"edc6wmn2qug8wnvl","time":1611878522,"event":{"mods":["AchievementEnabler","BaseMod","Colored Map","Colored Powertips","Minty Spire (QoL Compilation)","StSLib"],"gold_per_floor":[119,119,294,294,319,319,359,380,461,497,511,554,575,598,598,598,598],"floor_reached":16,"language":"ENG","playtime":487,"items_purged":[],"score":147,"play_id":"9d6d9f1b-0878-40f8-aa89-7ce5ce1a6770","local_time":"20210128160202","is_ascension_mode":false,"campfire_choices":[{"floor":6,"key":"REST"},{"floor":15,"key":"REST"}],"circlet_count":0,"master_deck":["Strike_R","Strike_R","Strike_R","Strike_R","Strike_R","Defend_R","Defend_R","Defend_R","Defend_R","Bash","Thunderclap","Doubt","Perfected Strike","Carnage","Flex","Anger+1","Flex","Fiend Fire+1","Cleave+1","Wild Strike+1"],"relics":["Burning Blood","NeowsBlessing","Golden Idol","Anchor","Molten Egg 2","Oddly Smooth Stone","Gambling Chip"],"acts_visited":["Exordium"],"potions_floor_usage":[8,10,16],"damage_taken":[{"damage":0,"enemies":"2 Louse","floor":1,"turns":1},{"damage":0,"enemies":"Jaw Worm","floor":5,"turns":1},{"damage":0,"enemies":"3 Sentries","floor":7,"turns":1},{"damage":0,"enemies":"Small Slimes","floor":8,"turns":3},{"damage":31,"enemies":"Lagavulin","floor":10,"turns":4},{"damage":9,"enemies":"2 Fungi Beasts","floor":11,"turns":3},{"damage":14,"enemies":"Gremlin Nob","floor":12,"turns":3},{"damage":8,"enemies":"Gremlin Gang","floor":13,"turns":4},{"damage":0,"enemies":"Lots of Slimes","floor":14,"turns":1},{"damage":79,"enemies":"The Guardian","floor":16,"turns":7}],"seed_played":"2888619284025784473","potions_obtained":[{"floor":5,"key":"SneckoOil"},{"floor":8,"key":"Fire Potion"},{"floor":13,"key":"Explosive Potion"}],"is_trial":false,"path_per_floor":["M","?","?","?","M","R","E","M","T","E","M","E","M","M","R","B"],"character_chosen":"IRONCLAD","items_purchased":[],"campfire_rested":2,"item_purchase_floors":[],"current_hp_per_floor":[80,80,80,60,66,80,80,80,80,55,52,44,42,48,72,0,0],"gold":598,"neow_bonus":"THREE_ENEMY_KILL","is_daily":false,"chose_seed":false,"campfire_upgraded":0,"win_rate":0.0,"timestamp":1611878522,"path_taken":["M","?","?","?","M","R","E","M","T","E","M","E","M","M","R","BOSS"],"items_purchased_type":[],"build_version":"2020-12-22","purchased_purges":0,"victory":false,"max_hp_per_floor":[80,80,80,80,80,80,80,80,80,80,80,80,80,80,80,80,80],"card_choices":[{"not_picked":["Shrug It Off","Sword Boomerang"],"picked":"Thunderclap","floor":1},{"not_picked":["Thunderclap","Pommel Strike"],"picked":"Perfected Strike","floor":5},{"not_picked":["Headbutt","Berserk"],"picked":"Carnage","floor":7},{"not_picked":["Anger","Iron Wave"],"picked":"Flex","floor":8},{"not_picked":["Pommel Strike+1","True Grit"],"picked":"Anger+1","floor":10},{"not_picked":["Burning Pact","Disarm"],"picked":"Flex","floor":11},{"not_picked":["Iron Wave+1","True Grit"],"picked":"Fiend Fire+1","floor":12},{"not_picked":["True Grit","Rupture"],"picked":"Cleave+1","floor":13},{"not_picked":["Clash+1","Fire Breathing"],"picked":"Wild Strike+1","floor":14}],"player_experience":74481,"relics_obtained":[{"floor":7,"key":"Anchor"},{"floor":9,"key":"Molten Egg 2"},{"floor":10,"key":"Oddly Smooth Stone"},{"floor":12,"key":"Gambling Chip"}],"event_choices":[{"damage_healed":0,"gold_gain":0,"player_choice":"Leave","damage_taken":0,"max_hp_gain":0,"max_hp_loss":0,"event_name":"The Cleric","floor":2,"gold_loss":0},{"damage_healed":0,"gold_gain":175,"player_choice":"AGREE","damage_taken":0,"max_hp_gain":0,"max_hp_loss":0,"event_name":"Liars Game","floor":3,"gold_loss":0,"cards_obtained":["Doubt"]},{"damage_healed":0,"gold_gain":0,"player_choice":"Take Damage","damage_taken":20,"relics_obtained":["Golden Idol"],"max_hp_gain":0,"max_hp_loss":0,"event_name":"Golden Idol","floor":4,"gold_loss":0}],"is_beta":false,"boss_relics":[],"items_purged_floors":[],"is_endless":false,"potions_floor_spawned":[5,8,13],"killed_by":"The Guardian","ascension_level":0}}