{"host":"8hpo5v034hft9021","time":1611948035,"event":{"mods":["AchievementEnabler","BaseMod","Colored Powertips","Minty Spire (QoL Compilation)","Quick Restart","Rare Cards Sparkle","StSLib"],"gold_per_floor":[119,130,130,150,224,224,258,258,338,364,380,395,411,411,411,509,509,524,524,140,157,170,199,199,230,230,243,243,261,261,279,279,375,375,391,408,408,408,236,236,246,246,246,259,269,269,144,159,159,159,159],"floor_reached":50,"language":"ENG","playtime":3675,"items_purged":["Defend_R","Writhe","Regret"],"score":620,"play_id":"fa024d77-1fe8-402e-82a8-ea86fdd5c3fb","local_time":"20210129172035","is_ascension_mode":true,"campfire_choices":[{"data":"Flex","floor":6.0,"key":"SMITH"},{"data":"Carnage","floor":8.0,"key":"SMITH"},{"floor":15.0,"key":"REST"},{"floor":24.0,"key":"REST"},{"floor":30.0,"key":"REST"},{"data":"Bash","floor":32,"key":"SMITH"},{"data":"Immolate","floor":40,"key":"SMITH"},{"floor":49,"key":"REST"}],"circlet_count":0,"master_deck":["Defend_R","Defend_R","Defend_R","Bash+1","Flex+1","Carnage+1","Twin Strike","Armaments+1","Immolate+1","Bite","Bite","Bite","Bite","Bite","Shrug It Off+1","Shockwave+1","Jack Of All Trades+1"],"relics":["Burning Blood","Toxic Egg 2","Singing Bowl","Meat on the Bone","Ginger","Du-Vu Doll","SlaversCollar","Vajra","Lee\u0027s Waffle","Orichalcum","Regal Pillow","Blood Vial","Cursed Key","Molten Egg 2","Red Skull"],"acts_visited":["Exordium","TheCity","TheBeyond"],"potions_floor_usage":[50,50,50],"damage_taken":[{"damage":23.0,"enemies":"Small Slimes","floor":1.0,"turns":4.0},{"damage":6.0,"enemies":"Jaw Worm","floor":2.0,"turns":4.0},{"damage":0.0,"enemies":"Cultist","floor":4.0,"turns":2.0},{"damage":13.0,"enemies":"Gremlin Nob","floor":7.0,"turns":3.0},{"damage":25.0,"enemies":"3 Sentries","floor":10.0,"turns":7.0},{"damage":0.0,"enemies":"Large Slime","floor":11.0,"turns":3.0},{"damage":11.0,"enemies":"Blue Slaver","floor":12.0,"turns":3.0},{"damage":25.0,"enemies":"Gremlin Gang","floor":13.0,"turns":4.0},{"damage":13.0,"enemies":"Slime Boss","floor":16.0,"turns":8.0},{"damage":6.0,"enemies":"Spheric Guardian","floor":18.0,"turns":3.0},{"damage":25.0,"enemies":"Shell Parasite","floor":21.0,"turns":5.0},{"damage":19.0,"enemies":"Snake Plant","floor":22.0,"turns":3.0},{"damage":45.0,"enemies":"Slavers","floor":23.0,"turns":4.0},{"damage":38.0,"enemies":"Book of Stabbing","floor":25.0,"turns":4.0},{"damage":54.0,"enemies":"3 Cultists","floor":27.0,"turns":6.0},{"damage":35.0,"enemies":"Chosen and Byrds","floor":29.0,"turns":6.0},{"damage":29,"enemies":"Snecko","floor":31,"turns":5},{"damage":75,"enemies":"Collector","floor":33,"turns":11},{"damage":23,"enemies":"3 Darklings","floor":35,"turns":4},{"damage":11,"enemies":"Orb Walker","floor":36,"turns":3},{"damage":26,"enemies":"Writhing Mass","floor":41,"turns":6},{"damage":30,"enemies":"4 Shapes","floor":44,"turns":6},{"damage":39,"enemies":"Maw","floor":45,"turns":7},{"damage":14,"enemies":"3 Darklings","floor":48,"turns":3},{"damage":121,"enemies":"Donu and Deca","floor":50,"turns":7}],"seed_played":"-8994879087318716537","potions_obtained":[{"floor":2.0,"key":"BlessingOfTheForge"},{"floor":4.0,"key":"Ancient Potion"},{"floor":10.0,"key":"SpeedPotion"},{"floor":12.0,"key":"DistilledChaos"},{"floor":16.0,"key":"FearPotion"},{"floor":35,"key":"Strength Potion"}],"is_trial":false,"path_per_floor":["M","M","?","M","T","R","E","R","T","E","M","M","M","?","R","B",null,"M","?","$","M","M","E","R","E","T","M","?","M","R","M","R","B",null,"M","M","?","T","$","R","M","?","T","M","M","?","$","M","R","B"],"character_chosen":"IRONCLAD","items_purchased":["Vajra","Lee\u0027s Waffle","Shockwave+1"],"campfire_rested":4,"item_purchase_floors":[20,20,39],"current_hp_per_floor":[63,63,63,69,69,69,64,64,64,59,67,64,57,39,65,58,88,90,62,69,56,55,38,60,51,51,41,41,48,79,68,68,56,83,76,82,82,82,82,82,81,81,81,65,65,65,65,70,95,0,0],"gold":159,"neow_bonus":"REMOVE_CARD","is_daily":false,"chose_seed":false,"campfire_upgraded":4,"win_rate":0.0,"timestamp":1611948035,"path_taken":["M","M","?","M","?","R","E","R","T","E","M","M","?","?","R","BOSS","M","?","$","M","M","E","R","E","T","M","?","M","R","M","R","BOSS","M","?","?","?","$","R","M","?","T","M","M","?","?","M","R","BOSS"],"items_purchased_type":["Relic","Relic","Card"],"build_version":"2020-12-22","purchased_purges":3,"victory":false,"max_hp_per_floor":[80,80,80,80,80,80,82,82,82,84,86,88,88,88,88,88,88,90,62,69,71,73,75,75,77,77,79,79,79,79,81,81,83,83,85,87,87,87,87,87,89,89,89,91,93,93,93,95,95,95,95],"card_choices":[{"not_picked":["Ghostly Armor","Fire Breathing"],"picked":"Flex","floor":1.0},{"not_picked":["Sword Boomerang","Second Wind"],"picked":"Carnage","floor":2.0},{"not_picked":["Rupture","Heavy Blade"],"picked":"Twin Strike","floor":4.0},{"not_picked":["Wild Strike","Blood for Blood","Clothesline"],"picked":"Singing Bowl","floor":7.0},{"not_picked":["Flex+1","Searing Blow","Thunderclap"],"picked":"Singing Bowl","floor":10.0},{"not_picked":["Intimidate+1","Warcry+1","Fire Breathing"],"picked":"Singing Bowl","floor":11.0},{"not_picked":["Pummel","Fiend Fire","Bloodletting+1"],"picked":"Singing Bowl","floor":12.0},{"not_picked":["Battle Trance+1","Feel No Pain"],"picked":"Armaments+1","floor":13.0},{"not_picked":["Feed","Barricade"],"picked":"Immolate","floor":16.0},{"not_picked":["Dual Wield+1","Ghostly Armor+1","Pommel Strike"],"picked":"Singing Bowl","floor":18.0},{"not_picked":["Wild Strike","Anger","Headbutt"],"picked":"Singing Bowl","floor":21.0},{"not_picked":["Iron Wave","Havoc+1","Twin Strike"],"picked":"Singing Bowl","floor":22.0},{"not_picked":["Havoc+1","Carnage+1","Berserk"],"picked":"Singing Bowl","floor":23.0},{"not_picked":["Perfected Strike","Sever Soul","Flex+1"],"picked":"Singing Bowl","floor":25.0},{"not_picked":["Havoc+1","Metallicize","Sever Soul"],"picked":"Singing Bowl","floor":27.0},{"not_picked":["Sword Boomerang","Feel No Pain+1"],"picked":"Shrug It Off+1","floor":29.0},{"not_picked":["Twin Strike","Shrug It Off+1","Evolve"],"picked":"Singing Bowl","floor":31},{"not_picked":["Juggernaut","Exhume+1","Reaper"],"picked":"Singing Bowl","floor":33},{"not_picked":["Searing Blow+1","Carnage","Warcry+1"],"picked":"Singing Bowl","floor":35},{"not_picked":["Pommel Strike","Warcry+1","Whirlwind"],"picked":"Singing Bowl","floor":36},{"not_picked":["Searing Blow+1","Armaments+1","Flex+1"],"picked":"Singing Bowl","floor":41},{"not_picked":["Trip+1","Panacea+1"],"picked":"Jack Of All Trades+1","floor":42},{"not_picked":["Entrench+1","Combust+1","Sever Soul+1"],"picked":"Singing Bowl","floor":44},{"not_picked":["Iron Wave+1","Perfected Strike+1","Shockwave+1"],"picked":"Singing Bowl","floor":45},{"not_picked":["Havoc+1","Combust","Shockwave+1"],"picked":"Singing Bowl","floor":48}],"player_experience":482877,"relics_obtained":[{"floor":5.0,"key":"Toxic Egg 2"},{"floor":7.0,"key":"Singing Bowl"},{"floor":9.0,"key":"Meat on the Bone"},{"floor":10.0,"key":"Ginger"},{"floor":23.0,"key":"Orichalcum"},{"floor":25.0,"key":"Regal Pillow"},{"floor":26.0,"key":"Blood Vial"},{"floor":38,"key":"Molten Egg 2"},{"floor":43,"key":"Red Skull"}],"event_choices":[{"damage_healed":0.0,"max_hp_gain":0.0,"max_hp_loss":0.0,"gold_gain":0.0,"event_name":"Golden Idol","player_choice":"Ignored","floor":3.0,"gold_loss":0.0,"damage_taken":0.0},{"damage_healed":0.0,"max_hp_gain":0.0,"max_hp_loss":0.0,"gold_gain":0.0,"event_name":"Scrap Ooze","player_choice":"Success","floor":14.0,"gold_loss":0.0,"damage_taken":18.0,"relics_obtained":["Du-Vu Doll"]},{"damage_healed":0.0,"max_hp_gain":0.0,"max_hp_loss":28.0,"gold_gain":0.0,"event_name":"Vampires","player_choice":"Became a vampire","floor":19.0,"gold_loss":0.0,"damage_taken":0.0,"cards_obtained":["Bite","Bite","Bite","Bite","Bite"]},{"damage_healed":0.0,"max_hp_gain":0.0,"max_hp_loss":0.0,"gold_gain":0.0,"event_name":"Match and Keep!","player_choice":"0 cards matched","floor":28.0,"gold_loss":0.0,"damage_taken":0.0,"cards_obtained":[]},{"damage_healed":0,"gold_gain":0,"player_choice":"Ignored","damage_taken":0,"max_hp_gain":0,"max_hp_loss":0,"event_name":"Tomb of Lord Red Mask","floor":37,"gold_loss":0},{"damage_healed":0,"gold_gain":0,"player_choice":"Memory 1","damage_taken":0,"max_hp_gain":0,"max_hp_loss":0,"event_name":"SensoryStone","floor":42,"gold_loss":0},{"damage_healed":0,"gold_gain":0,"player_choice":"Ignored","damage_taken":0,"max_hp_gain":0,"max_hp_loss":0,"event_name":"Mysterious Sphere","floor":46,"gold_loss":0}],"is_beta":false,"boss_relics":[{"not_picked":["Coffee Dripper","SacredBark"],"picked":"SlaversCollar"},{"not_picked":["Pandora\u0027s Box","Empty Cage"],"picked":"Cursed Key"}],"items_purged_floors":[20,39,47],"is_endless":false,"potions_floor_spawned":[2,4,10,12,16,21,23,27,29,31,33,35,36,41,44,48],"killed_by":"Donu and Deca","ascension_level":3}}