{"host":"st1kg310ms6sytc5","time":1611948644,"event":{"mods":["Act Like it!","BaseMod","CapriCore","Good Game Mod","Minty Spire (QoL Compilation)","Reliquary","StSLib","SuperFastMode","Yakumo Yukari mod"],"gold_per_floor":[133,133,152,178,192,223,223,250,296,312,343,343,378,398,398,500,500,515,529,543,543,561,595,520,520,520,534,534,559,600,372,372,476,476,498,526,526,540,557,590,253,271,271,321,333,358,376,406,406,406,406,406,36,63,63],"floor_reached":56,"language":"ZHS","playtime":2884,"items_purged":["AT_purpleEX","Defend_purpleEX"],"score":1986,"play_id":"bd1c4338-601a-4fd7-af47-941ce2c476af","local_time":"20210130033044","is_ascension_mode":true,"campfire_choices":[{"data":"Umbrella_purple","floor":12.0,"key":"SMITH"},{"data":"Hyperbeam","floor":15.0,"key":"SMITH"},{"data":"Observe_purple_2","floor":25.0,"key":"SMITH"},{"floor":32.0,"key":"RECALL"},{"data":"Defend_purpleEX","floor":49,"key":"SMITH"},{"data":"Defend_purpleEX","floor":52,"key":"SMITH"}],"circlet_count":0,"master_deck":["Defend_purpleEX","Defend_purpleEX+1","Defend_purpleEX+1","Observe_purple_1","Observe_purple_2+1","Hyperbeam+1","Umbrella_purple+1","MeetDecomposer_purple+1","RuleDissolution_purple+1","OpenedBox_purple+1","Human_Monster_Realm_purple+1","WorldDissolvedintheRealm_purple","Boundary_LifeAndDeath_purple+1","RuleDissolution_purple+1","WangLiang_LineAndCurveDreams_purple+1","StateDuplicate_purple+1","DimensionStaggered_purple+1","PositiveMatter_Antimatter_Universe_purple+1","Boundary_LightAndDark_purple+1","ProofOfUnderstanding_purple","Anti_communist_purple+1","SfantasyHide_purple+1","MeetDecomposer_purple+1","Impatience+1","Madness+1","Anti_communist_purple+1","Madness+1","Madness+1","Impatience+1"],"relics":["Boundary_crack","Memoryfragments_purpleEX","REME:ComplimentaryCards","Toxic Egg 2","MealTicket","reliquary:QuartzCube","Pen Nib","Pear","Boot","reliquary:WritOfMandamus","PreservedInsect","Gremlin Horn","CeramicFish","Parasol_purpleEX","reliquary:SilkGlove","Cursed Key","reliquary:PrincelyHelmet","reliquary:TatteredRug","DollysMirror","Bird Faced Urn","Bottled Tornado","Calipers","reliquary:ExpiredCoupon"],"acts_visited":["Exordium","TheCity","TheBeyond","TheEnding"],"potions_floor_usage":[55,55,55],"damage_taken":[{"damage":4.0,"enemies":"Jaw Worm","floor":1.0,"turns":2.0},{"damage":0.0,"enemies":"Cultist","floor":3.0,"turns":3.0},{"damage":0.0,"enemies":"2 Louse","floor":5.0,"turns":1.0},{"damage":24.0,"enemies":"Lagavulin","floor":6.0,"turns":6.0},{"damage":15.0,"enemies":"3 Sentries","floor":8.0,"turns":4.0},{"damage":0.0,"enemies":"Large Slime","floor":10.0,"turns":4.0},{"damage":9.0,"enemies":"Gremlin Nob","floor":11.0,"turns":2.0},{"damage":13.0,"enemies":"3 Sentries","floor":13.0,"turns":6.0},{"damage":0.0,"enemies":"2 Fungi Beasts","floor":14.0,"turns":2.0},{"damage":0.0,"enemies":"The Guardian","floor":16.0,"turns":5.0},{"damage":0.0,"enemies":"3 Byrds","floor":18.0,"turns":1.0},{"damage":0.0,"enemies":"Shell Parasite","floor":19.0,"turns":2.0},{"damage":0.0,"enemies":"Chosen and Byrds","floor":20.0,"turns":2.0},{"damage":0.0,"enemies":"Centurion and Healer","floor":22.0,"turns":3.0},{"damage":0.0,"enemies":"Book of Stabbing","floor":23.0,"turns":3.0},{"damage":0.0,"enemies":"Shelled Parasite and Fungi","floor":27.0,"turns":3.0},{"damage":0.0,"enemies":"Snake Plant","floor":29.0,"turns":1.0},{"damage":0.0,"enemies":"Slavers","floor":30.0,"turns":2.0},{"damage":0.0,"enemies":"Automaton","floor":33.0,"turns":3.0},{"damage":0.0,"enemies":"Orb Walker","floor":35.0,"turns":2.0},{"damage":0.0,"enemies":"3 Shapes","floor":36.0,"turns":2.0},{"damage":0.0,"enemies":"3 Darklings","floor":38.0,"turns":3.0},{"damage":0.0,"enemies":"Maw","floor":39.0,"turns":3.0},{"damage":0.0,"enemies":"Reptomancer","floor":40.0,"turns":2.0},{"damage":0,"enemies":"Mind Bloom Boss Battle","floor":44,"turns":2},{"damage":0,"enemies":"Transient","floor":45,"turns":5},{"damage":0,"enemies":"3 Darklings","floor":46,"turns":3},{"damage":0,"enemies":"Nemesis","floor":48,"turns":3},{"damage":0,"enemies":"Time Eater","floor":50,"turns":4},{"damage":0,"enemies":"Shield and Spear","floor":54,"turns":3},{"damage":0,"enemies":"The Heart","floor":55,"turns":5}],"seed_played":"-2394906141238635605","potions_obtained":[{"floor":5.0,"key":"Weak Potion"},{"floor":8.0,"key":"FearPotion"},{"floor":10.0,"key":"PowerPotion"},{"floor":16.0,"key":"ColorlessPotion"},{"floor":19.0,"key":"Strength Potion"},{"floor":44,"key":"Dexterity Potion"}],"is_trial":false,"path_per_floor":["M","?","M","T","M","E","?","E","T","M","E","R","E","M","R","B",null,"M","M","M","?","M","E","?","R","T","M","?","M","E","$","R","B",null,"M","M","?","M","M","E","$","?","T","?","M","M","?","E","R","B",null,"R","$","E","B",null],"character_chosen":"Youkari","items_purchased":["reliquary:SilkGlove","reliquary:TatteredRug","DollysMirror","Calipers","Impatience+1"],"campfire_rested":0,"item_purchase_floors":[31,41,41,53,53],"current_hp_per_floor":[67,67,68,68,68,45,38,26,26,30,31,31,23,26,26,28,67,67,72,77,77,80,80,80,80,80,80,80,80,80,80,80,80,80,80,80,80,80,80,80,80,70,70,74,79,80,70,75,75,79,80,80,80,80,80],"gold":63,"neow_bonus":"REMOVE_CARD","is_daily":false,"chose_seed":false,"campfire_upgraded":5,"win_rate":0.0,"timestamp":1611948644,"path_taken":["M","?","?","?","M","E","?","E","T","M","E","R","E","M","R","BOSS","M","M","M","?","M","E","?","R","T","M","?","M","E","?","R","BOSS","M","M","?","M","?","E","?","?","T","?","?","M","?","E","R","BOSS","R","$","E","BOSS"],"items_purchased_type":["Relic","Relic","Relic","Relic","Card"],"build_version":"2020-12-22","purchased_purges":2,"victory":true,"max_hp_per_floor":[70,70,70,70,70,70,70,70,70,70,80,80,80,80,80,80,80,80,80,80,80,80,80,80,80,80,80,80,80,80,80,80,80,80,80,80,80,80,80,80,80,80,80,80,80,80,80,80,80,80,80,80,80,80,80],"card_choices":[{"not_picked":["AdvanceAttack_purple","SfantasyHide_purple"],"picked":"Bait_HighSpeedFlying_purple","floor":1.0},{"not_picked":["MeetDecomposer_purple+1","DimensionStaggered_purple+1"],"picked":"Umbrella_purple","floor":3.0},{"not_picked":["Bait_Toxicbait_purple+1","Mirror_FormAndEmptin_purple+1"],"picked":"MeetDecomposer_purple+1","floor":5.0},{"not_picked":["Realm_recovery_purpleEX+1","Charmbait_purple"],"picked":"RuleDissolution_purple+1","floor":6.0},{"not_picked":["EighthInstrument_OneDividesIntoTwo_purple","OmniscientAndOmnipotent_Monster_purple","Line_surface_state_purple+1"],"picked":"SKIP","floor":8.0},{"not_picked":["Mirror_WaveAndshot_purple+1","MonsterNeedle_purple+1"],"picked":"OpenedBox_purple+1","floor":10.0},{"not_picked":["EighthInstrument_OneDividesIntoTwo_purple","Shallow_ocean_purpleEX"],"picked":"Human_Monster_Realm_purple+1","floor":11.0},{"not_picked":["AdvanceAttack_purple","Boundary_LightAndDark_purple+1"],"picked":"WorldDissolvedintheRealm_purple","floor":13.0},{"not_picked":["AdvanceAttack_purple","SharpContractionReality_purple","Mirror_Drifter_purple"],"picked":"SKIP","floor":14.0},{"not_picked":["WangLiang_LineAndCurveDreams_purple","Price_of_realm_purpleEX+1"],"picked":"Boundary_LifeAndDeath_purple+1","floor":16.0},{"not_picked":["StateErode_purple+1","Line_surface_state_purple+1"],"picked":"RuleDissolution_purple+1","floor":18.0},{"not_picked":["Fantasy_PerpetualMotionMachine_purple","Realm_recovery_purpleEX+1","AdvanceAttack_purple"],"picked":"SKIP","floor":19.0},{"not_picked":["Shallow_ocean_purpleEX","SharpContractionReality_purple"],"picked":"WangLiang_LineAndCurveDreams_purple","floor":20.0},{"not_picked":["MetroBOOM_purple+1","MonsterNeedle_purple+1","Umbrella_purple+1"],"picked":"SKIP","floor":22.0},{"not_picked":["MagicEyes_LaplaceDemon_purple+1","Price_of_realm_purpleEX+1"],"picked":"DimensionStaggered_purple+1","floor":23.0},{"not_picked":["Mirror_FormAndEmptin_purple+1","Mirror_FourBoundary_purple","OmniscientAndOmnipotent_Monster_purple"],"picked":"SKIP","floor":27.0},{"not_picked":["Umbrella_purple","ButterflyHabitatTemple_purple+1"],"picked":"PositiveMatter_Antimatter_Universe_purple+1","floor":29.0},{"not_picked":["StateDuplicate_purple+1","RuleDissolution_purple+1"],"picked":"Boundary_LightAndDark_purple+1","floor":30.0},{"not_picked":["WangLiang_OokamiKakushi_purple","LoveAcrossDimensions_purple"],"picked":"ProofOfUnderstanding_purple","floor":33.0},{"not_picked":["Shallow_ocean_purpleEX","Extrememeaning_purpleEX+1"],"picked":"Anti_communist_purple+1","floor":35.0},{"not_picked":["AdvanceAttack_purple","Realm_recovery_purpleEX+1"],"picked":"SfantasyHide_purple+1","floor":36.0},{"not_picked":["SfantasyHide_purple+1","Bait_Toxicbait_purple+1","ExistenceContinue_purple"],"picked":"SKIP","floor":38.0},{"not_picked":["StateDuplicate_purple+1","Shallow_ocean_purpleEX+1","Umbrella_purple+1"],"picked":"SKIP","floor":39.0},{"not_picked":["OmniscientAndOmnipotent_Monster_purple+1","ProofOfUnderstanding_purple","Umbrella_purple"],"picked":"SKIP","floor":40.0},{"not_picked":["Chrysalis+1","Good Instincts+1"],"picked":"Impatience+1","floor":42.0},{"not_picked":["Panacea+1","PanicButton+1"],"picked":"Madness+1","floor":42.0},{"not_picked":["ExistenceContinue_purple","Shallow_ocean_purpleEX","MeetDecomposer_purple+1"],"picked":"SKIP","floor":45},{"not_picked":["Shallow_ocean_purpleEX","RuleDissolution_purple+1"],"picked":"Anti_communist_purple+1","floor":46},{"not_picked":["SharpContractionReality_purple","AdvanceAttack_purple","Shallow_ocean_purpleEX+1"],"picked":"SKIP","floor":48},{"not_picked":["Charmbait_purple","Umbrella_purple+1","WasteWire_Metro_purple"],"picked":"SKIP","floor":54}],"player_experience":1395952,"relics_obtained":[{"floor":6.0,"key":"MealTicket"},{"floor":8.0,"key":"reliquary:QuartzCube"},{"floor":9.0,"key":"Pen Nib"},{"floor":11.0,"key":"Pear"},{"floor":13.0,"key":"Boot"},{"floor":23.0,"key":"PreservedInsect"},{"floor":26.0,"key":"Gremlin Horn"},{"floor":30.0,"key":"Parasol_purpleEX"},{"floor":40.0,"key":"reliquary:PrincelyHelmet"},{"floor":44,"key":"Bird Faced Urn"},{"floor":48,"key":"Bottled Tornado"},{"floor":54,"key":"reliquary:ExpiredCoupon"}],"event_choices":[{"cards_removed":["Bait_HighSpeedFlying_purple"],"damage_healed":0.0,"max_hp_gain":0.0,"max_hp_loss":0.0,"gold_gain":0.0,"event_name":"WeMeetAgain","player_choice":"Gave Card","floor":2.0,"gold_loss":0.0,"damage_taken":0.0,"relics_obtained":["Toxic Egg 2"]},{"cards_removed":["AT_purpleEX"],"damage_healed":0.0,"max_hp_gain":0.0,"max_hp_loss":0.0,"gold_gain":0.0,"event_name":"Golden Wing","player_choice":"Card Removal","floor":7.0,"gold_loss":0.0,"damage_taken":7.0},{"damage_healed":0.0,"max_hp_gain":0.0,"max_hp_loss":0.0,"gold_gain":0.0,"event_name":"TheLibraryeventEX","player_choice":"Read","floor":21.0,"gold_loss":0.0,"damage_taken":0.0,"cards_obtained":["StateDuplicate_purple"]},{"cards_removed":["AT_purpleEX"],"damage_healed":0.0,"max_hp_gain":0.0,"max_hp_loss":0.0,"gold_gain":0.0,"event_name":"Beggar","player_choice":"Gave Gold","floor":24.0,"gold_loss":75.0,"damage_taken":0.0},{"damage_healed":0.0,"max_hp_gain":0.0,"max_hp_loss":0.0,"gold_gain":0.0,"event_name":"The Mausoleum","player_choice":"Opened","floor":28.0,"gold_loss":0.0,"damage_taken":0.0,"relics_obtained":["CeramicFish"]},{"damage_healed":0.0,"max_hp_gain":0.0,"max_hp_loss":0.0,"gold_gain":0.0,"event_name":"Upgrade Shrine","player_choice":"Upgraded","floor":37.0,"gold_loss":0.0,"damage_taken":0.0,"cards_upgraded":["WangLiang_LineAndCurveDreams_purple"]},{"damage_healed":0.0,"max_hp_gain":0.0,"max_hp_loss":0.0,"gold_gain":0.0,"event_name":"SensoryStone","player_choice":"Memory 3","floor":42.0,"gold_loss":0.0,"damage_taken":10.0},{"damage_healed":0,"gold_gain":0,"player_choice":"Fight","damage_taken":0,"max_hp_gain":0,"max_hp_loss":0,"event_name":"MindBloom","floor":44,"gold_loss":0},{"damage_healed":0,"gold_gain":0,"player_choice":"Embrace Madness","damage_taken":10,"max_hp_gain":0,"max_hp_loss":0,"event_name":"Winding Halls","floor":47,"gold_loss":0,"cards_obtained":["Madness","Madness"]}],"is_beta":false,"boss_relics":[{"not_picked":["Runic Pyramid","SlaversCollar"],"picked":"reliquary:WritOfMandamus"},{"not_picked":["reliquary:Ember","Empty Cage"],"picked":"Cursed Key"}],"items_purged_floors":[31,41],"is_endless":false,"potions_floor_spawned":[5,8,10,16,18,19,20,38,44,48],"ascension_level":5}}