{"host":"6jrnojxwearbrjzo","time":1611927955,"event":{"mods":["BaseMod","Conspire","Highlight Path","Marisa（F雨　魔理沙）","Minty Spire (QoL Compilation)","MostiFishMod","Quick Restart","Random Character Button","Shop Mod","Spicy Shops","StSLib","The Construct","The Servant 0.9.4","[功能]功能增强和修复MOD","篝火指南"],"gold_per_floor":[113,27,27,27,27,27,59,84,84,116,116,180,261,289,201,287,299,322,381,393,765,777,789,665,665,665],"floor_reached":25,"language":"ZHS","playtime":725,"items_purged":["Doubt","Strike_G","Strike_G","Defend_G","Defend_G","Defend_G","Defend_G","Strike_G","Strike_G","Clumsy"],"score":489,"play_id":"d8a7975f-c059-46bb-95e0-8ac689707c21","local_time":"20210129214555","is_ascension_mode":true,"campfire_choices":[{"floor":6,"key":"REST"},{"data":"Blade Dance","floor":11,"key":"SMITH"}],"circlet_count":0,"master_deck":["AscendersBane","Survivor+1","Neutralize+1","Choke+1","Blade Dance+1","MostiFishMod:Wind","Finisher+1"],"relics":["DaveBox","SynthV","SacredBark","SynthV:TestCard","Juzu Bracelet","Pen Nib","Akabeko","Tiny Chest","Art of War","Nunchaku","Dream Catcher","Ninja Scroll","Odd Mushroom","Ginger","MawBank","conspire:RunicOctahedron","Smiling Mask","StrikeDummy","Bag of Marbles","Whetstone","HornCleat","White Beast Statue","OrangePellets","MerchantsRug","Cauldron"],"acts_visited":["Exordium","TheCity"],"potions_floor_usage":[7,8,16],"damage_taken":[{"damage":1,"enemies":"Jaw Worm","floor":1,"turns":5},{"damage":2,"enemies":"conspire:MimicChest","floor":7,"turns":4},{"damage":3,"enemies":"Lagavulin","floor":8,"turns":4},{"damage":0,"enemies":"Gremlin Nob","floor":10,"turns":2},{"damage":4,"enemies":"3 Sentries","floor":12,"turns":4},{"damage":0,"enemies":"The Mushroom Lair","floor":14,"turns":1},{"damage":29,"enemies":"The Guardian","floor":16,"turns":5},{"damage":0,"enemies":"2 Thieves","floor":18,"turns":1}],"seed_played":"-3252596042002613769","potions_obtained":[{"floor":1,"key":"Strength Potion"},{"floor":1,"key":"GamblersBrew"},{"floor":7,"key":"DistilledChaos"},{"floor":8,"key":"SneckoOil"},{"floor":12,"key":"SkillPotion"},{"floor":16,"key":"LiquidMemories"},{"floor":24,"key":"CultistPotion"},{"floor":24,"key":"Block Potion"},{"floor":24,"key":"Dexterity Potion"},{"floor":24,"key":"EssenceOfSteel"},{"floor":24,"key":"Explosive Potion"}],"is_trial":false,"path_per_floor":["M","$","?","?","?","R","?","E","T","E","R","?","T","?","R","B",null,"M","T","?","?","?","T","$","?"],"character_chosen":"THE_SILENT","items_purchased":["Juzu Bracelet","Pen Nib","Ginger","MawBank","Bag of Marbles","Whetstone","HornCleat","White Beast Statue","OrangePellets","MerchantsRug","Cauldron","Energy Potion"],"campfire_rested":1,"item_purchase_floors":[2,2,15,15,24,24,24,24,24,24,24,24],"current_hp_per_floor":[58,58,58,58,38,57,55,52,52,52,52,48,48,48,48,19,54,54,54,54,18,18,18,18,0,0],"gold":665,"neow_bonus":"BOSS_RELIC","is_daily":false,"chose_seed":false,"campfire_upgraded":1,"win_rate":0.0,"timestamp":1611927955,"path_taken":["M","$","?","?","?","R","?","E","T","E","R","?","?","?","R","BOSS","M","?","?","?","?","?","$","?"],"items_purchased_type":["Relic","Relic","Relic","Relic","Relic","Relic","Relic","Relic","Relic","Relic","Relic","Potion"],"build_version":"2020-12-22","purchased_purges":10,"victory":false,"max_hp_per_floor":[66,66,66,66,66,66,66,66,66,66,66,66,66,66,66,66,66,66,66,66,66,66,66,66,71,71],"card_choices":[{"not_picked":["MostiFishMod:InvigoratingSolution","Leg Sweep"],"picked":"Choke","floor":1},{"not_picked":["Backflip","Dagger Spray","Dodge and Roll","Venomology"],"picked":"Blade Dance","floor":8},{"not_picked":["Well Laid Plans","Dagger Throw","Backstab","PiercingWail","Sucker Punch"],"picked":"SKIP","floor":10},{"not_picked":["Grand Finale","MostiFishMod:AdrenalineArouse","MostiFishMod:Neurotoxin","MostiFishMod:SpreadingSpore"],"picked":"MostiFishMod:Wind","floor":16},{"not_picked":["Dagger Throw","Blur+1","Blade Dance","Distraction","Prepared"],"picked":"SKIP","floor":18}],"player_experience":123299,"relics_obtained":[{"floor":1,"key":"SynthV:TestCard"},{"floor":7,"key":"Akabeko"},{"floor":8,"key":"Tiny Chest"},{"floor":9,"key":"Art of War"},{"floor":10,"key":"Nunchaku"},{"floor":13,"key":"Ninja Scroll"},{"floor":14,"key":"Odd Mushroom"},{"floor":19,"key":"Smiling Mask"},{"floor":23,"key":"StrikeDummy"}],"event_choices":[{"cards_removed":["Strike_G"],"damage_healed":0,"gold_gain":0,"player_choice":"Offered Basic","damage_taken":0,"max_hp_gain":0,"max_hp_loss":0,"event_name":"Bonfire Elementals","floor":3,"gold_loss":0},{"cards_removed":["Defend_G"],"damage_healed":0,"gold_gain":0,"player_choice":"Purged","damage_taken":0,"max_hp_gain":0,"max_hp_loss":0,"event_name":"Purifier","floor":4,"gold_loss":0},{"damage_healed":0,"gold_gain":0,"player_choice":"Entered Light","damage_taken":20,"max_hp_gain":0,"max_hp_loss":0,"event_name":"Shining Light","floor":5,"gold_loss":0,"cards_upgraded":["Survivor","Choke"]},{"damage_healed":0,"gold_gain":0,"player_choice":"Searched \u00272\u0027 times","damage_taken":0,"relics_obtained":["Dream Catcher"],"max_hp_gain":0,"max_hp_loss":0,"event_name":"Dead Adventurer","floor":12,"gold_loss":0},{"damage_healed":0,"gold_gain":0,"player_choice":"Fought Mushrooms","damage_taken":0,"max_hp_gain":0,"max_hp_loss":0,"event_name":"Mushrooms","floor":14,"gold_loss":0},{"damage_healed":0,"gold_gain":0,"player_choice":"Read","damage_taken":0,"max_hp_gain":0,"max_hp_loss":0,"event_name":"The Library","floor":20,"gold_loss":0,"cards_obtained":["Finisher"]},{"damage_healed":0,"gold_gain":360,"player_choice":"GOLD GOLD GOLD GOLD ","damage_taken":36,"max_hp_gain":0,"max_hp_loss":0,"event_name":"Knowing Skull","floor":21,"potions_obtained":[],"gold_loss":0,"cards_obtained":[]},{"damage_healed":0,"gold_gain":0,"player_choice":"Simplicity","damage_taken":0,"max_hp_gain":0,"max_hp_loss":0,"event_name":"Back to Basics","floor":22,"gold_loss":0,"cards_upgraded":[]}],"is_beta":false,"boss_relics":[{"not_picked":["MoonlightInvasionPlan","Sozu"],"picked":"conspire:RunicOctahedron"}],"items_purged_floors":[2,2,2,2,2,2,2,2,15,15],"is_endless":false,"potions_floor_spawned":[1,1,7,8,10,12,16,18],"ascension_level":17}}