{"host":"sav7uxregyirlf69","time":1611932880,"event":{"mods":["AchievementEnabler","BaseMod","Colored Map","DeckTracker","Keyboard Shortcuts","Minty Spire (QoL Compilation)","READ ME - Guardian Mod","StSLib","SuperFastMode"],"gold_per_floor":[117,42,53,53,72,72,147,147,147,173,173,60,89,108,108,180,180,199,212,212,212],"floor_reached":20,"language":"KOR","playtime":381,"items_purged":[],"score":394,"play_id":"e628b2d3-de9c-4ff1-8755-7b34ca008998","local_time":"20210130000800","is_ascension_mode":true,"campfire_choices":[{"data":"Dagger Spray","floor":6,"key":"SMITH"},{"data":"Neutralize","floor":8,"key":"SMITH"},{"floor":11,"key":"REST"},{"data":"Tactician","floor":15,"key":"SMITH"}],"circlet_count":0,"master_deck":["AscendersBane","Strike_G","Strike_G","Strike_G","Strike_G","Defend_G+1","Defend_G+1","Defend_G","Defend_G","Defend_G","Survivor","Neutralize+1","Adrenaline","Dagger Spray+1","Tactician+1","After Image","Dagger Spray","Crippling Poison","Choke","Dagger Throw","After Image","Blur","Bouncing Flask"],"relics":["Ring of the Snake","Odd Mushroom","Potion Belt","SacredBark"],"acts_visited":["Exordium","TheCity"],"potions_floor_usage":[16,16,18,20],"damage_taken":[{"damage":0,"enemies":"Cultist","floor":1,"turns":4},{"damage":1,"enemies":"Small Slimes","floor":3,"turns":4},{"damage":0,"enemies":"2 Louse","floor":5,"turns":3},{"damage":0,"enemies":"The Mushroom Lair","floor":10,"turns":5},{"damage":0,"enemies":"3 Sentries","floor":13,"turns":5},{"damage":2,"enemies":"Looter","floor":14,"turns":3},{"damage":33,"enemies":"Slime Boss","floor":16,"turns":12},{"damage":13,"enemies":"2 Thieves","floor":18,"turns":4},{"damage":25,"enemies":"Shell Parasite","floor":19,"turns":9},{"damage":20,"enemies":"Sentry and Sphere","floor":20,"turns":5}],"seed_played":"8784932566992376262","potions_obtained":[{"floor":5,"key":"LiquidMemories"},{"floor":10,"key":"Block Potion"},{"floor":13,"key":"SteroidPotion"},{"floor":16,"key":"Fruit Juice"}],"is_trial":false,"path_per_floor":["M","?","M","?","M","R","?","R","T","?","R","$","E","M","R","B",null,"M","M","M"],"character_chosen":"THE_SILENT","items_purchased":["Dagger Spray","Crippling Poison"],"campfire_rested":1,"item_purchase_floors":[12,12],"current_hp_per_floor":[59,59,58,40,40,40,29,29,29,29,47,47,47,45,45,12,48,35,10,0,0],"gold":212,"neow_bonus":"THREE_RARE_CARDS","is_daily":false,"chose_seed":false,"campfire_upgraded":3,"win_rate":0.0,"timestamp":1611932880,"path_taken":["M","?","M","?","M","R","?","R","T","?","R","$","E","M","R","BOSS","M","M","M"],"items_purchased_type":["Card","Card"],"build_version":"2020-12-22","purchased_purges":0,"victory":false,"max_hp_per_floor":[60,60,60,60,60,60,60,60,60,60,60,60,60,60,60,60,60,60,60,70,70],"card_choices":[{"not_picked":["Burst","Wraith Form v2"],"picked":"Adrenaline","floor":0},{"not_picked":["Deflect","Prepared"],"picked":"Dagger Spray","floor":1},{"not_picked":["Acrobatics","Underhanded Strike"],"picked":"Tactician","floor":3},{"not_picked":["Footwork","Prepared"],"picked":"After Image","floor":5},{"not_picked":["Poisoned Stab","Bane"],"picked":"Choke","floor":13},{"not_picked":["Underhanded Strike","Deadly Poison"],"picked":"Dagger Throw","floor":14},{"not_picked":["Envenom","Doppelganger"],"picked":"After Image","floor":16},{"not_picked":["Slice","Flying Knee"],"picked":"Blur","floor":18},{"not_picked":["Dagger Spray+1","Outmaneuver"],"picked":"Bouncing Flask","floor":19}],"player_experience":1429492,"relics_obtained":[{"floor":10,"key":"Odd Mushroom"},{"floor":13,"key":"Potion Belt"}],"event_choices":[{"cards_removed":["Strike_G"],"damage_healed":0,"gold_gain":0,"player_choice":"Card Removal","damage_taken":0,"max_hp_gain":0,"max_hp_loss":0,"event_name":"The Cleric","floor":2,"gold_loss":75},{"damage_healed":0,"gold_gain":0,"player_choice":"Entered Light","damage_taken":18,"max_hp_gain":0,"max_hp_loss":0,"event_name":"Shining Light","floor":4,"gold_loss":0,"cards_upgraded":["Defend_G","Defend_G"]},{"damage_healed":0,"gold_gain":75,"player_choice":"Gather Gold","damage_taken":11,"max_hp_gain":0,"max_hp_loss":0,"event_name":"World of Goop","floor":7,"gold_loss":0},{"damage_healed":0,"gold_gain":0,"player_choice":"Fought Mushrooms","damage_taken":0,"max_hp_gain":0,"max_hp_loss":0,"event_name":"Mushrooms","floor":10,"gold_loss":0}],"is_beta":false,"boss_relics":[{"not_picked":["Fusion Hammer","Black Star"],"picked":"SacredBark"}],"items_purged_floors":[],"is_endless":false,"potions_floor_spawned":[5,10,13,16],"killed_by":"Sentry and Sphere","ascension_level":20}}