{"host":"dxb4eoww080epc4n","time":1611913411,"event":{"mods":["AchievementEnabler","BaseMod","Better Note","BetterRewards","Colored Powertips","Conspire","Energized Spire","GifTheSpireLib","Gremlin Skip","Hubris","KinomotoSakuraMod(????)","Minty Spire (QoL Compilation)","Permanent Neow","Quick Restart","Rare Cards Sparkle","Relic Sorter","Replay The Spire","Shop Mod","Spikes Relics","StSLib","The Animator"],"gold_per_floor":[110,3,3,178,197,197,222,222,222,234,39,39,43,43],"floor_reached":13,"language":"ENG","playtime":745,"items_purged":[],"score":73,"play_id":"82c0b3bc-7f53-4073-b772-8b4aa3007ae0","local_time":"20210129104331","is_ascension_mode":false,"campfire_choices":[{"floor":6,"key":"RECALL"},{"data":"animator:Shalltear","floor":8,"key":"SMITH"},{"floor":12,"key":"REST"}],"circlet_count":0,"master_deck":["animator:Strike_Fate","animator:Defend_Fate","animator:Strike","animator:Strike","animator:Strike","animator:Defend+1","animator:Defend","animator:Defend","animator:Alexander","animator:Rider","animator:Saber","animator:Entoma","animator:Archer","animator:Shalltear+1","Doubt","animator:SakuraMatou","animator:Caster+1","animator:Chris"],"relics":["animator:LivingPicture","animator:TheMissingPiece","Toxic Egg 2","MerchantsRug"],"acts_visited":["Exordium"],"potions_floor_usage":[5],"damage_taken":[{"damage":11,"enemies":"Jaw Worm","floor":1,"turns":4},{"damage":0,"enemies":"2 Louse","floor":5,"turns":1},{"damage":0,"enemies":"Cultist","floor":7,"turns":4},{"damage":29,"enemies":"Large Slime","floor":10,"turns":9},{"damage":54,"enemies":"Gremlin Nob","floor":13,"turns":5}],"seed_played":"239609876913803313","potions_obtained":[{"floor":1,"key":"Explosive Potion"},{"floor":5,"key":"Explosive Potion"},{"floor":7,"key":"Weak Potion"}],"is_trial":false,"path_per_floor":["M","$","?","?","M","R","M","R","T","M","$","R","E"],"character_chosen":"THE_ANIMATOR","items_purchased":["animator:Archer","animator:Shalltear","MerchantsRug","animator:Chris"],"campfire_rested":1,"item_purchase_floors":[2,2,11,11],"current_hp_per_floor":[55,55,55,55,55,55,55,55,55,27,27,47,0,0],"gold":43,"neow_bonus":"ONE_RANDOM_RARE_CARD","is_daily":false,"chose_seed":false,"campfire_upgraded":1,"win_rate":0.0,"timestamp":1611913411,"path_taken":["M","$","?","?","M","R","M","R","T","M","$","R","E"],"items_purchased_type":["Card","Card","Relic","Card"],"build_version":"2020-12-22","purchased_purges":0,"victory":false,"max_hp_per_floor":[66,66,66,66,66,66,66,66,66,67,67,67,67,67],"card_choices":[{"not_picked":["animator:Shion","animator:Kuribayashi"],"picked":"animator:Entoma","floor":1},{"not_picked":["animator:Pride","animator:WinryRockbell","animator:Evileye"],"picked":"SKIP","floor":5},{"not_picked":["animator:Rider","animator:Entoma"],"picked":"animator:SakuraMatou","floor":7},{"not_picked":["animator:Rider+1","animator:Archer"],"picked":"animator:Caster+1","floor":10}],"player_experience":179707,"relics_obtained":[{"floor":9,"key":"Toxic Egg 2"}],"event_choices":[{"damage_healed":0,"gold_gain":175,"player_choice":"AGREE","damage_taken":0,"max_hp_gain":0,"max_hp_loss":0,"event_name":"Liars Game","floor":4,"gold_loss":0,"cards_obtained":["Doubt"]}],"is_beta":false,"boss_relics":[],"items_purged_floors":[],"is_endless":false,"potions_floor_spawned":[1,5,7],"killed_by":"Gremlin Nob","ascension_level":0}}