{"host":"6jrnojxwearbrjzo","time":1611925777,"event":{"mods":["BaseMod","Conspire","Highlight Path","Marisa（F雨　魔理沙）","Minty Spire (QoL Compilation)","MostiFishMod","Quick Restart","Random Character Button","Shop Mod","Spicy Shops","StSLib","The Construct","The Servant 0.9.4","[功能]功能增强和修复MOD","篝火指南"],"gold_per_floor":[112,62,99,99,249,-1151,-1151,-1101,-1101,-1101,-1084,-1034,-1024,-1010,-1010,-916,-916,-906,-906,-883,-865,-849,-849,-821,-821,-821,-821,-804,-789,-758,-758,-758,-679,-679,-664,335,335,335,335],"floor_reached":38,"language":"ZHS","playtime":1218,"items_purged":["Defend_G","Defend_G","Strike_G","Strike_G","Defend_G","Strike_G","Defend_G"],"score":889,"play_id":"0e850815-7f5c-440a-bea3-04e9629fc93c","local_time":"20210129210937","is_ascension_mode":true,"campfire_choices":[{"data":"conspire:DoublingDagger","floor":15,"key":"SMITH"},{"data":"conspire:DoublingDagger","floor":23,"key":"SMITH"},{"data":"1","floor":25,"key":"LIFT"},{"data":"MostiFishMod:WinterMarkForm","floor":27,"key":"SMITH"},{"floor":32,"key":"REST"}],"circlet_count":0,"master_deck":["AscendersBane","MostiFishMod:Listen+1","MostiFishMod:LethalBlade","Adrenaline+1","conspire:DoublingDagger+1","MostiFishMod:Opportunism","Predator","MostiFishMod:WinterMarkForm+1","MostiFishMod:ThornCasing","Glass Knife","Concentrate","MostiFishMod:SpreadingSpore","Choke","Cloak And Dagger","Finisher","Normality","Normality"],"relics":["DaveBox","DiscerningMonocle","SlaversCollar","SynthV:TestCard","Dream Catcher","Meat on the Bone","Bag of Preparation","conspire:Boomerang","TimeFreeze","ClockworkSouvenir","MerchantsRug","SynthV:MejaisSoulstealer","Strawberry","Girya","Vajra","FixedStarFall","Smiling Mask","Blood Vial","Kunai","War Paint","xbg"],"acts_visited":["Exordium","TheCity","TheBeyond"],"potions_floor_usage":[16,24,29,33],"damage_taken":[{"damage":15,"enemies":"Jaw Worm","floor":1,"turns":8},{"damage":13,"enemies":"Gremlin Nob","floor":8,"turns":4},{"damage":0,"enemies":"Lagavulin","floor":12,"turns":2},{"damage":0,"enemies":"Small Slimes","floor":13,"turns":1},{"damage":0,"enemies":"2 Louse","floor":14,"turns":1},{"damage":21,"enemies":"Hexaghost","floor":16,"turns":3},{"damage":11,"enemies":"Spheric Guardian","floor":18,"turns":3},{"damage":8,"enemies":"Chosen","floor":21,"turns":3},{"damage":18,"enemies":"Snake Plant","floor":22,"turns":2},{"damage":0,"enemies":"Gremlin Leader","floor":24,"turns":2},{"damage":18,"enemies":"Snecko","floor":29,"turns":3},{"damage":29,"enemies":"Book of Stabbing","floor":30,"turns":3},{"damage":16,"enemies":"Automaton","floor":33,"turns":4},{"damage":38,"enemies":"3 Darklings","floor":35,"turns":6},{"damage":55,"enemies":"2 Orb Walkers","floor":38,"turns":2}],"seed_played":"-2643768922266449840","potions_obtained":[{"floor":1,"key":"SteroidPotion"},{"floor":8,"key":"Fire Potion"},{"floor":13,"key":"Block Potion"},{"floor":14,"key":"CunningPotion"},{"floor":18,"key":"BlessingOfTheForge"},{"floor":24,"key":"SteroidPotion"},{"floor":29,"key":"AttackPotion"},{"floor":29,"key":"Fruit Juice"},{"floor":30,"key":"FearPotion"},{"floor":33,"key":"DuplicationPotion"}],"is_trial":false,"path_per_floor":["M","?","$","?","?","R","?","E","T","?","$","E","M","M","R","B",null,"M","?","T","M","M","R","E","R","T","R","$","M","E","?","R","B",null,"M","?","?","?"],"character_chosen":"THE_SILENT","items_purchased":["Dream Catcher","Meat on the Bone","Bag of Preparation","conspire:Boomerang","TimeFreeze","ClockworkSouvenir","MerchantsRug","Energy Potion","Dexterity Potion","Weak Potion","MostiFishMod:VineMother","HandOfGreedLower","SynthV:MejaisSoulstealer"],"campfire_rested":1,"item_purchase_floors":[3,3,3,3,3,3,3,3,3,3,3,3,6],"current_hp_per_floor":[44,44,44,44,44,44,44,50,50,50,50,50,50,50,50,41,65,54,33,33,37,31,31,43,43,43,43,43,48,38,38,62,57,77,47,47,47,0,0],"gold":335,"neow_bonus":"BOSS_RELIC","is_daily":false,"chose_seed":false,"campfire_upgraded":3,"win_rate":0.0,"timestamp":1611925777,"path_taken":["M","?","$","?","?","R","?","E","T","?","$","E","?","?","R","BOSS","M","?","?","?","?","R","E","R","T","R","?","?","E","?","R","BOSS","M","?","?","?"],"items_purchased_type":["Relic","Relic","Relic","Relic","Relic","Relic","Relic","Potion","Potion","Potion","Card","Card","Relic"],"build_version":"2020-12-22","purchased_purges":7,"victory":false,"max_hp_per_floor":[66,66,66,66,66,66,66,73,73,73,73,73,73,73,73,73,73,73,78,78,78,78,78,78,78,78,78,78,83,83,83,83,83,83,83,83,83,83,83],"card_choices":[{"not_picked":["PiercingWail","Masterful Stab"],"picked":"Finisher","floor":1},{"not_picked":["Outmaneuver","Well Laid Plans","Underhanded Strike","Terror"],"picked":"MostiFishMod:PreservedThorns","floor":8},{"not_picked":["Reflex","PiercingWail","Deflect","Well Laid Plans"],"picked":"conspire:DoublingDagger","floor":12},{"not_picked":["Blade Dance","PiercingWail","Calculated Gamble","Endless Agony","Outmaneuver"],"picked":"SKIP","floor":13},{"not_picked":["Underhanded Strike","Blade Dance","Expertise","Reflex","Eviscerate"],"picked":"SKIP","floor":14},{"not_picked":["MostiFishMod:ShivMaster","MostiFishMod:Confrontation","Doppelganger","MostiFishMod:HiddenBlade"],"picked":"Adrenaline","floor":16},{"not_picked":["Well Laid Plans","MostiFishMod:PerfectParry+1","Backstab","MostiFishMod:PoisonShield+1","Prepared"],"picked":"SKIP","floor":18},{"not_picked":["Flying Knee+1","Quick Slash","Expertise","Footwork"],"picked":"MostiFishMod:SpreadingSpore","floor":21},{"not_picked":["Underhanded Strike","Bane","Dagger Spray","Backflip","Sucker Punch"],"picked":"SKIP","floor":22},{"not_picked":["Deadly Poison","Night Terror","Accuracy","Caltrops"],"picked":"Choke","floor":24},{"not_picked":["Outmaneuver","Blur","Accuracy","Choke","Catalyst"],"picked":"SKIP","floor":29},{"not_picked":["Backflip","Flying Knee","MostiFishMod:FrostNova","MostiFishMod:SpreadingSpore"],"picked":"Cloak And Dagger","floor":30},{"not_picked":["Dodge and Roll+1","Riddle With Holes","Poisoned Stab","Prepared"],"picked":"Finisher","floor":35}],"player_experience":120678,"relics_obtained":[{"floor":1,"key":"SynthV:TestCard"},{"floor":8,"key":"Strawberry"},{"floor":9,"key":"Girya"},{"floor":12,"key":"Vajra"},{"floor":20,"key":"Smiling Mask"},{"floor":24,"key":"Blood Vial"},{"floor":26,"key":"Kunai"},{"floor":30,"key":"War Paint"}],"event_choices":[{"damage_healed":0,"gold_gain":0,"player_choice":"Invest 1","damage_taken":0,"max_hp_gain":0,"max_hp_loss":0,"event_name":"conspire:Investor","floor":2,"gold_loss":0},{"damage_healed":0,"gold_gain":150,"player_choice":"AGREE","damage_taken":0,"max_hp_gain":0,"max_hp_loss":0,"event_name":"Liars Game","floor":5,"gold_loss":0,"cards_obtained":["Doubt"]},{"cards_removed":["Doubt"],"damage_healed":0,"gold_gain":0,"player_choice":"Forget","damage_taken":0,"max_hp_gain":0,"max_hp_loss":0,"event_name":"Living Wall","floor":7,"gold_loss":0},{"damage_healed":0,"gold_gain":0,"player_choice":"Agree","damage_taken":0,"max_hp_gain":0,"max_hp_loss":0,"event_name":"conspire:LoneGhost","floor":10,"gold_loss":0},{"damage_healed":0,"gold_gain":0,"player_choice":"Shed Blood","damage_taken":26,"max_hp_gain":5,"max_hp_loss":0,"event_name":"Forgotten Altar","floor":19,"gold_loss":0},{"cards_removed":["MostiFishMod:WinterMarkForm"],"damage_healed":0,"gold_gain":0,"player_choice":"Elegance","damage_taken":0,"max_hp_gain":0,"max_hp_loss":0,"event_name":"Back to Basics","floor":31,"gold_loss":0},{"damage_healed":0,"gold_gain":999,"player_choice":"Gold","damage_taken":0,"max_hp_gain":0,"max_hp_loss":0,"event_name":"MindBloom","floor":36,"gold_loss":0,"cards_obtained":["Normality","Normality"]},{"cards_removed":["Sucker Punch"],"damage_healed":0,"gold_gain":0,"player_choice":"Removed Attack","damage_taken":0,"max_hp_gain":0,"max_hp_loss":0,"event_name":"Falling","floor":37,"gold_loss":0},{"damage_healed":0,"gold_gain":0,"player_choice":"Fight","damage_taken":0,"max_hp_gain":0,"max_hp_loss":0,"event_name":"Mysterious Sphere","floor":38,"gold_loss":0}],"is_beta":false,"boss_relics":[{"not_picked":["SacredBark","Empty Cage"],"picked":"FixedStarFall"},{"not_picked":["Velvet Choker","Cursed Key"],"picked":"xbg"}],"items_purged_floors":[3,3,3,3,3,3,3],"is_endless":false,"potions_floor_spawned":[1,8,13,14,18,21,21,24,29,29,30,33,33,35],"killed_by":"2 Orb Walkers","ascension_level":16}}