{"host":"5p9hybygolzp0efr","time":1611914093,"event":{"mods":["AchievementEnabler","BaseMod","Bestiary","Colored Map","Minty Spire (QoL Compilation)","Relic Stats","StSLib"],"gold_per_floor":[112,112,136,151,151,151,182,182,182,226,301,301,345,270,270,390,390,415,415,434,85,108,108,121,161,161,196,209,209,225,243,243,366,429,454,454,472,92,116,116,135,176,176,211,224,62,62,62,62,62],"floor_reached":51,"language":"ENG","playtime":2252,"items_purged":["Flash of Steel","Shrug It Off+1","Clash+1","Rampage+1"],"score":1586,"play_id":"3f37d3ba-b3f2-47bc-a22a-babaf1655581","local_time":"20210129175453","is_ascension_mode":true,"campfire_choices":[{"data":"Dual Wield","floor":6,"key":"SMITH"},{"data":"Flex","floor":8,"key":"SMITH"},{"data":"Rage","floor":12,"key":"SMITH"},{"data":"Clash","floor":15,"key":"SMITH"},{"data":"Flash of Steel","floor":23,"key":"SMITH"},{"data":"Juggernaut","floor":29,"key":"SMITH"},{"data":"Offering","floor":32,"key":"SMITH"},{"floor":40,"key":"REST"},{"data":"Flex","floor":49,"key":"SMITH"}],"circlet_count":0,"master_deck":["Flash of Steel+1","Dual Wield+1","Rage+1","Juggernaut+1","Flex+1"],"relics":["Sundial","Golden Idol","Kunai","Strawberry","Toy Ornithopter","Pen Nib","Paper Frog","Bottled Tornado","Question Card","Calipers","Tiny House","Shuriken","Pantograph","Mercury Hourglass","The Courier"],"acts_visited":["Exordium","TheCity","TheBeyond"],"potions_floor_usage":[41,50],"damage_taken":[{"damage":0,"enemies":"Small Slimes","floor":1,"turns":1},{"damage":0,"enemies":"2 Louse","floor":3,"turns":3},{"damage":0,"enemies":"Cultist","floor":4,"turns":2},{"damage":0,"enemies":"Gremlin Nob","floor":7,"turns":1},{"damage":0,"enemies":"Lagavulin","floor":10,"turns":2},{"damage":0,"enemies":"3 Sentries","floor":13,"turns":2},{"damage":0,"enemies":"Hexaghost","floor":16,"turns":3},{"damage":3,"enemies":"3 Byrds","floor":18,"turns":2},{"damage":0,"enemies":"2 Thieves","floor":20,"turns":2},{"damage":0,"enemies":"Centurion and Healer","floor":22,"turns":1},{"damage":0,"enemies":"Cultist and Chosen","floor":24,"turns":2},{"damage":0,"enemies":"Book of Stabbing","floor":25,"turns":1},{"damage":0,"enemies":"Gremlin Leader","floor":27,"turns":1},{"damage":6,"enemies":"Snecko","floor":28,"turns":1},{"damage":6,"enemies":"Centurion and Healer","floor":30,"turns":2},{"damage":6,"enemies":"Snake Plant","floor":31,"turns":1},{"damage":6,"enemies":"Automaton","floor":33,"turns":1},{"damage":7,"enemies":"3 Shapes","floor":35,"turns":2},{"damage":0,"enemies":"3 Darklings","floor":37,"turns":2},{"damage":0,"enemies":"4 Shapes","floor":39,"turns":2},{"damage":0,"enemies":"Transient","floor":41,"turns":2},{"damage":0,"enemies":"Giant Head","floor":42,"turns":2},{"damage":43,"enemies":"Nemesis","floor":44,"turns":5},{"damage":0,"enemies":"Sphere and 2 Shapes","floor":45,"turns":2},{"damage":18,"enemies":"Time Eater","floor":50,"turns":6}],"seed_played":"-4706813457869614977","potions_obtained":[{"floor":1,"key":"FearPotion"},{"floor":3,"key":"Weak Potion"},{"floor":16,"key":"LiquidMemories"},{"floor":45,"key":"Block Potion"}],"is_trial":false,"path_per_floor":["M","?","M","M","?","R","E","R","T","E","?","R","E","$","R","B",null,"M","?","M","$","M","R","M","E","T","E","M","R","M","M","R","B",null,"M","?","M","$","M","R","M","E","T","E","M","$","?","?","R","B",null],"character_chosen":"IRONCLAD","items_purchased":["Paper Frog","Shuriken","SteroidPotion"],"campfire_rested":1,"item_purchase_floors":[21,38,46],"current_hp_per_floor":[72,72,72,72,72,72,72,72,79,79,68,68,68,68,68,68,82,79,79,79,79,79,79,79,79,79,79,73,73,67,61,61,55,84,77,77,77,77,77,92,92,92,92,49,49,49,49,76,76,63],"gold":62,"neow_bonus":"BOSS_RELIC","is_daily":false,"chose_seed":false,"campfire_upgraded":8,"win_rate":0.0,"timestamp":1611914093,"path_taken":["M","?","M","M","?","R","E","R","T","E","?","R","E","$","R","BOSS","M","?","M","$","?","R","M","E","T","E","M","R","M","M","R","BOSS","M","?","M","$","M","R","M","E","T","E","M","$","?","?","R","BOSS"],"items_purchased_type":["Relic","Relic","Potion"],"build_version":"2020-12-22","purchased_purges":4,"victory":true,"max_hp_per_floor":[80,80,80,80,80,80,80,80,87,87,87,87,87,87,87,87,87,87,87,87,87,87,87,87,87,87,87,87,87,87,87,87,87,92,92,92,92,92,92,92,92,92,92,92,92,92,87,76,76,76],"relic_stats":{"counters":[25,51],"Sundial":[70],"Golden Idol":196,"Shuriken":[36],"Pantograph":0,"Pen Nib":[28],"Kunai":[89],"Question Card":13,"obtain_stats":[{"Calipers":27,"Tiny House":34,"Golden Idol":2,"Pen Nib":13,"The Courier":44,"Bottled Tornado":25,"Cursed Key":0,"Question Card":26,"Burning Blood":0,"Mercury Hourglass":43,"TheAbacus":0,"Sundial":0,"Shuriken":38,"Strawberry":9,"Pantograph":42,"Kunai":7,"Toy Ornithopter":10,"Paper Frog":21},{"Calipers":13,"Tiny House":17,"Golden Idol":1,"Pen Nib":6,"The Courier":23,"Bottled Tornado":12,"Cursed Key":0,"Question Card":12,"Burning Blood":0,"Mercury Hourglass":22,"TheAbacus":0,"Sundial":0,"Shuriken":19,"Strawberry":4,"Pantograph":22,"Kunai":4,"Toy Ornithopter":5,"Paper Frog":9},{"Calipers":23,"Tiny House":28,"Golden Idol":1,"Pen Nib":11,"The Courier":43,"Bottled Tornado":22,"Cursed Key":0,"Question Card":22,"Burning Blood":0,"Mercury Hourglass":38,"TheAbacus":0,"Sundial":0,"Shuriken":32,"Strawberry":7,"Pantograph":38,"Kunai":7,"Toy Ornithopter":9,"Paper Frog":18}],"Toy Ornithopter":5,"Mercury Hourglass":[35]},"card_choices":[{"not_picked":["Ghostly Armor","Cleave"],"picked":"Rage","floor":1},{"not_picked":["Armaments","Iron Wave","Perfected Strike"],"picked":"SKIP","floor":3},{"not_picked":["Cleave","Searing Blow"],"picked":"Clash","floor":4},{"not_picked":["Feel No Pain","Shrug It Off"],"picked":"Flex","floor":7},{"not_picked":["Thunderclap","Blood for Blood","Sentinel"],"picked":"SKIP","floor":10},{"not_picked":["Perfected Strike","Reaper","Sword Boomerang"],"picked":"SKIP","floor":13},{"not_picked":["Feed","Corruption"],"picked":"Juggernaut","floor":16},{"not_picked":["Anger","Bloodletting"],"picked":"Shrug It Off+1","floor":18},{"not_picked":["Twin Strike+1","Perfected Strike","Juggernaut"],"picked":"SKIP","floor":20},{"not_picked":["Shockwave","Thunderclap+1","Anger"],"picked":"SKIP","floor":22},{"not_picked":["Shockwave","Thunderclap+1","Anger"],"picked":"SKIP","floor":22},{"not_picked":["Shockwave","Thunderclap+1","Anger"],"picked":"SKIP","floor":22},{"not_picked":["Cleave","Flex+1","Dropkick"],"picked":"SKIP","floor":24},{"not_picked":["Heavy Blade","Feel No Pain","Iron Wave"],"picked":"SKIP","floor":25},{"not_picked":["Offering","Feel No Pain+1","Warcry","Iron Wave+1"],"picked":"SKIP","floor":27},{"not_picked":["Feel No Pain+1","Warcry","Iron Wave+1"],"picked":"Offering","floor":27},{"not_picked":["Sword Boomerang","Pommel Strike","Thunderclap","Bloodletting"],"picked":"SKIP","floor":28},{"not_picked":["Headbutt","Power Through","Hemokinesis","Pummel"],"picked":"SKIP","floor":30},{"not_picked":["Anger","Reckless Charge","Thunderclap","Havoc+1"],"picked":"SKIP","floor":31},{"not_picked":["Havoc+1","Dark Embrace","Warcry+1"],"picked":"Rampage+1","floor":34},{"not_picked":["Twin Strike+1","Clothesline+1","Body Slam","Headbutt+1"],"picked":"SKIP","floor":35},{"not_picked":["Fire Breathing","Wild Strike+1","Body Slam","Perfected Strike+1"],"picked":"SKIP","floor":37},{"not_picked":["Perfected Strike","Anger","Thunderclap","Evolve+1"],"picked":"SKIP","floor":39},{"not_picked":["Pommel Strike+1","Juggernaut","Clash+1","Cleave+1"],"picked":"SKIP","floor":41},{"not_picked":["Armaments","Limit Break","True Grit"],"picked":"Flex","floor":42},{"not_picked":["Havoc+1","Disarm","Rampage","Flex+1"],"picked":"SKIP","floor":44},{"not_picked":["Intimidate+1","Second Wind+1","Pommel Strike+1","Iron Wave"],"picked":"SKIP","floor":45}],"player_experience":559564,"relics_obtained":[{"floor":7,"key":"Kunai"},{"floor":9,"key":"Strawberry"},{"floor":10,"key":"Toy Ornithopter"},{"floor":13,"key":"Pen Nib"},{"floor":25,"key":"Bottled Tornado"},{"floor":26,"key":"Question Card"},{"floor":27,"key":"Calipers"},{"floor":42,"key":"Pantograph"},{"floor":43,"key":"Mercury Hourglass"},{"floor":44,"key":"The Courier"}],"event_choices":[{"damage_healed":0,"gold_gain":0,"player_choice":"Take Wound","damage_taken":0,"relics_obtained":["Golden Idol"],"max_hp_gain":0,"max_hp_loss":0,"event_name":"Golden Idol","floor":2,"gold_loss":0,"cards_obtained":["Injury"]},{"cards_removed":["Injury"],"damage_healed":0,"gold_gain":0,"player_choice":"Forget","damage_taken":0,"max_hp_gain":0,"max_hp_loss":0,"event_name":"Living Wall","floor":5,"gold_loss":0},{"damage_healed":0,"gold_gain":75,"player_choice":"Gather Gold","damage_taken":11,"max_hp_gain":0,"max_hp_loss":0,"event_name":"World of Goop","floor":11,"gold_loss":0},{"cards_removed":["Flex"],"damage_healed":0,"gold_gain":0,"player_choice":"Purged","damage_taken":0,"max_hp_gain":0,"max_hp_loss":0,"event_name":"Purifier","floor":19,"gold_loss":0},{"cards_removed":["Offering"],"damage_healed":0,"gold_gain":0,"player_choice":"Removed Skill","damage_taken":0,"max_hp_gain":0,"max_hp_loss":0,"event_name":"Falling","floor":36,"gold_loss":0},{"damage_healed":0,"gold_gain":0,"player_choice":"Max HP","damage_taken":0,"max_hp_gain":0,"max_hp_loss":5,"event_name":"Winding Halls","floor":47,"gold_loss":0},{"damage_healed":76,"gold_gain":0,"player_choice":"Heal","damage_taken":0,"max_hp_gain":0,"max_hp_loss":11,"event_name":"The Moai Head","floor":48,"gold_loss":0}],"is_beta":false,"boss_relics":[{"not_picked":["Velvet Choker","Runic Cube","Mark of Pain"]},{"not_picked":["Empty Cage","Astrolabe"],"picked":"Tiny House"}],"items_purged_floors":[14,21,38,46],"is_endless":false,"potions_floor_spawned":[1,3,16,20,22,37,39,45],"ascension_level":9}}