{"host":"lh9qfzqeqctr28d2","time":1611920318,"event":{"mods":["BaseMod","CapriCore","Luminous","Minty Spire (QoL Compilation)","Quick Restart","Relic Stats","Remilia£®¿Ÿ√◊¿Ú—«£©","StSLib","Yakumo Yukari mod"],"gold_per_floor":[114,114,114,127,127,127,155,155,155,170,183,183,183,213,213,334,334,359,100,200,200,200,241,241,241,241,241,254,273,0,14,14,143,206,225,291,291,291,312,312,331,331,354,390,390,0,24,24,24],"floor_reached":48,"language":"ZHS","playtime":1486,"items_purged":[],"score":599,"play_id":"dd418edf-5712-4c26-9c03-2825980b280a","local_time":"20210129193838","is_ascension_mode":true,"campfire_choices":[{"data":"Blade Dance","floor":6.0,"key":"SMITH"},{"data":"Prepared","floor":13.0,"key":"SMITH"},{"data":"Neutralize","floor":15.0,"key":"SMITH"},{"floor":25.0,"key":"REST"},{"floor":27.0,"key":"REST"},{"floor":32.0,"key":"REST"},{"data":"Cloak And Dagger","floor":40.0,"key":"SMITH"},{"floor":42,"key":"REST"},{"floor":45,"key":"REST"}],"circlet_count":0,"master_deck":["Strike_G","Strike_G","Strike_G","Strike_G","Defend_G","Defend_G","Defend_G","Defend_G","Survivor","Neutralize+1","Bane","Blade Dance+1","Accuracy","Accuracy","Prepared+1","Envenom+1","Cloak And Dagger+1","Writhe","Die Die Die+1","Slice+1"],"relics":["Ring of the Snake","NeowsBlessing","Juzu Bracelet","Golden Idol","Ornamental Fan","Odd Mushroom","Empty Cage","Ninja Scroll","Pear","Omamori","The Courier","Tiny House","Ice Cream","Orichalcum","Blue Candle","Red Mask"],"acts_visited":["Exordium","TheCity","TheBeyond"],"potions_floor_usage":[44],"damage_taken":[{"damage":0.0,"enemies":"Jaw Worm","floor":1.0,"turns":1.0},{"damage":0.0,"enemies":"2 Louse","floor":4.0,"turns":1.0},{"damage":0.0,"enemies":"Gremlin Nob","floor":7.0,"turns":1.0},{"damage":0.0,"enemies":"Small Slimes","floor":10.0,"turns":2.0},{"damage":0.0,"enemies":"3 Louse","floor":11.0,"turns":2.0},{"damage":6.0,"enemies":"The Mushroom Lair","floor":14.0,"turns":3.0},{"damage":47.0,"enemies":"The Guardian","floor":16.0,"turns":12.0},{"damage":6.0,"enemies":"Shell Parasite","floor":18.0,"turns":3.0},{"damage":70.0,"enemies":"Book of Stabbing","floor":23.0,"turns":8.0},{"damage":0.0,"enemies":"Chosen","floor":28.0,"turns":3.0},{"damage":22.0,"enemies":"Snake Plant","floor":29.0,"turns":5.0},{"damage":6.0,"enemies":"Snecko","floor":31.0,"turns":4.0},{"damage":41.0,"enemies":"Collector","floor":33.0,"turns":13.0},{"damage":19.0,"enemies":"Orb Walker","floor":35.0,"turns":4.0},{"damage":39.0,"enemies":"2 Orb Walkers","floor":36.0,"turns":5.0},{"damage":5.0,"enemies":"3 Shapes","floor":39.0,"turns":2.0},{"damage":46,"enemies":"Writhing Mass","floor":41,"turns":5},{"damage":41,"enemies":"Reptomancer","floor":44,"turns":6},{"damage":24,"enemies":"Sphere and 2 Shapes","floor":47,"turns":5},{"damage":0,"enemies":"4 Shapes","floor":48,"turns":1}],"seed_played":"-5424693192309649346","potions_obtained":[{"floor":7.0,"key":"Fire Potion"},{"floor":10.0,"key":"Explosive Potion"},{"floor":11.0,"key":"Energy Potion"},{"floor":23.0,"key":"EssenceOfSteel"},{"floor":29.0,"key":"ColorlessPotion"},{"floor":33.0,"key":"Weak Potion"},{"floor":34.0,"key":"Swift Potion"},{"floor":36.0,"key":"PanachePotion"},{"floor":41,"key":"AttackPotion"},{"floor":44,"key":"LiquidBronze"},{"floor":47,"key":"Swift Potion"}],"is_trial":false,"path_per_floor":["M","?","?","M","$","R","E","?","T","M","M","?","R","?","R","B",null,"M","$","?","?","?","E","?","R","T","R","M","M","?","M","R","B",null,"M","?","?","?","M","R","M","R","T","E","R","?","M","M"],"character_chosen":"THE_SILENT","items_purchased":["Ninja Scroll"],"campfire_rested":5,"item_purchase_floors":[19],"current_hp_per_floor":[70,63,68,68,68,68,68,68,68,68,68,68,68,62,62,15,75,69,69,69,79,79,9,9,34,34,59,59,37,37,31,56,15,90,71,32,90,90,85,85,39,66,66,25,52,52,28,28,28],"gold":24,"neow_bonus":"THREE_ENEMY_KILL","is_daily":false,"chose_seed":false,"campfire_upgraded":4,"win_rate":0.0,"timestamp":1611920318,"path_taken":["M","?","?","M","?","R","E","?","T","M","M","?","R","?","R","BOSS","M","$","?","?","?","E","?","R","T","R","M","M","?","M","R","BOSS","M","?","?","?","M","R","M","R","T","E","R","?","M","M"],"items_purchased_type":["Relic"],"build_version":"2020-12-22","purchased_purges":0,"victory":false,"max_hp_per_floor":[70,70,75,75,75,75,75,75,75,75,75,75,75,75,75,75,75,75,75,75,85,85,85,85,85,85,85,85,85,85,85,85,85,90,90,90,90,90,90,90,90,90,90,90,90,90,90,90,90],"relic_stats":{"counters":[20,86],"Golden Idol":135,"Ornamental Fan":[248],"Blue Candle":[0],"Juzu Bracelet":4,"Orichalcum":[12],"obtain_stats":[{"Ice Cream":36,"Pear":21,"Tiny House":34,"NeowsBlessing":0,"Golden Idol":8,"Blue Candle":44,"The Courier":26,"Juzu Bracelet":7,"Omamori":23,"Odd Mushroom":14,"Orichalcum":43,"Empty Cage":17,"Ornamental Fan":9,"Ninja Scroll":19,"Red Mask":46,"Ring of the Snake":0},{"Ice Cream":15,"Pear":8,"Tiny House":13,"NeowsBlessing":0,"Golden Idol":3,"Blue Candle":18,"The Courier":9,"Juzu Bracelet":3,"Omamori":9,"Odd Mushroom":6,"Orichalcum":17,"Empty Cage":7,"Ornamental Fan":3,"Ninja Scroll":8,"Red Mask":18,"Ring of the Snake":0},{"Ice Cream":67,"Pear":25,"Tiny House":58,"NeowsBlessing":0,"Golden Idol":3,"Blue Candle":80,"The Courier":33,"Juzu Bracelet":3,"Omamori":33,"Odd Mushroom":10,"Orichalcum":74,"Empty Cage":22,"Ornamental Fan":3,"Ninja Scroll":25,"Red Mask":80,"Ring of the Snake":0}],"Ring of the Snake":[40]},"card_choices":[{"not_picked":["Quick Slash","Deflect"],"picked":"Bane","floor":1.0},{"not_picked":["Cloak And Dagger","Leg Sweep"],"picked":"Blade Dance","floor":4.0},{"not_picked":["Tactician","Unload"],"picked":"Accuracy","floor":7.0},{"not_picked":["Underhanded Strike","Deflect"],"picked":"Accuracy","floor":10.0},{"not_picked":["Reflex","Sucker Punch"],"picked":"Prepared","floor":11.0},{"not_picked":["After Image","Night Terror"],"picked":"Envenom","floor":16.0},{"not_picked":["Prepared","PiercingWail"],"picked":"Cloak And Dagger","floor":18.0},{"not_picked":["Underhanded Strike","Deadly Poison","Flying Knee"],"picked":"SKIP","floor":23.0},{"not_picked":["Catalyst","Predator","Backstab"],"picked":"SKIP","floor":28.0},{"not_picked":["Crippling Poison","PiercingWail+1","Masterful Stab"],"picked":"SKIP","floor":29.0},{"not_picked":["Predator","Blur+1","Noxious Fumes"],"picked":"SKIP","floor":31.0},{"not_picked":["Storm of Steel","Envenom"],"picked":"Die Die Die","floor":33.0},{"not_picked":["Outmaneuver","Sucker Punch+1"],"picked":"Slice+1","floor":35.0},{"not_picked":["Noxious Fumes+1","Blur","Night Terror"],"picked":"SKIP","floor":39.0},{"not_picked":["Quick Slash","Poisoned Stab+1","Dodge and Roll+1"],"picked":"SKIP","floor":41},{"not_picked":["Deflect+1","Poisoned Stab+1","Backflip+1"],"picked":"SKIP","floor":44},{"not_picked":["Sucker Punch+1","Concentrate","Endless Agony"],"picked":"SKIP","floor":47}],"player_experience":463065,"relics_obtained":[{"floor":7.0,"key":"Juzu Bracelet"},{"floor":9.0,"key":"Ornamental Fan"},{"floor":14.0,"key":"Odd Mushroom"},{"floor":23.0,"key":"Omamori"},{"floor":26.0,"key":"The Courier"},{"floor":36.0,"key":"Ice Cream"},{"floor":43,"key":"Orichalcum"},{"floor":44,"key":"Blue Candle"}],"event_choices":[{"cards_removed":["Strike_G"],"damage_healed":0.0,"max_hp_gain":0.0,"max_hp_loss":0.0,"gold_gain":0.0,"event_name":"Golden Wing","player_choice":"Card Removal","floor":2.0,"gold_loss":0.0,"damage_taken":7.0},{"damage_healed":0.0,"max_hp_gain":5.0,"max_hp_loss":0.0,"gold_gain":0.0,"event_name":"Big Fish","player_choice":"Donut","floor":3.0,"gold_loss":0.0,"damage_taken":0.0},{"damage_healed":0.0,"max_hp_gain":0.0,"max_hp_loss":0.0,"gold_gain":0.0,"event_name":"Golden Idol","player_choice":"Take Wound","floor":8.0,"gold_loss":0.0,"damage_taken":0.0,"relics_obtained":["Golden Idol"],"cards_obtained":["Injury"]},{"damage_healed":0.0,"max_hp_gain":0.0,"max_hp_loss":0.0,"gold_gain":0.0,"event_name":"Liars Game","player_choice":"Ignored","floor":12.0,"gold_loss":0.0,"damage_taken":0.0},{"damage_healed":0.0,"max_hp_gain":0.0,"max_hp_loss":0.0,"gold_gain":0.0,"event_name":"Mushrooms","player_choice":"Fought Mushrooms","floor":14.0,"gold_loss":0.0,"damage_taken":0.0},{"damage_healed":0.0,"max_hp_gain":0.0,"max_hp_loss":0.0,"gold_gain":100.0,"event_name":"Golden Shrine","player_choice":"Pray","floor":20.0,"gold_loss":0.0,"damage_taken":0.0},{"damage_healed":0.0,"max_hp_gain":0.0,"max_hp_loss":0.0,"gold_gain":0.0,"event_name":"The Mausoleum","player_choice":"Opened","floor":21.0,"gold_loss":0.0,"damage_taken":0.0,"relics_obtained":["Pear"],"cards_obtained":["Writhe"]},{"damage_healed":0.0,"max_hp_gain":0.0,"max_hp_loss":0.0,"gold_gain":0.0,"event_name":"Vampires","player_choice":"Ignored","floor":22.0,"gold_loss":0.0,"damage_taken":0.0},{"damage_healed":0.0,"max_hp_gain":0.0,"max_hp_loss":0.0,"gold_gain":0.0,"event_name":"Upgrade Shrine","player_choice":"Upgraded","floor":24.0,"gold_loss":0.0,"damage_taken":0.0,"cards_upgraded":["Envenom"]},{"damage_healed":0.0,"max_hp_gain":0.0,"max_hp_loss":0.0,"gold_gain":0.0,"event_name":"Masked Bandits","player_choice":"Paid Fearfully","floor":30.0,"gold_loss":273.0,"damage_taken":0.0},{"damage_healed":0.0,"max_hp_gain":0.0,"max_hp_loss":0.0,"gold_gain":0.0,"event_name":"Mysterious Sphere","player_choice":"Fight","floor":36.0,"gold_loss":0.0,"damage_taken":0.0},{"damage_healed":58.0,"max_hp_gain":0.0,"max_hp_loss":0.0,"gold_gain":0.0,"event_name":"Wheel of Change","player_choice":"Full Heal","floor":37.0,"gold_loss":0.0,"damage_taken":0.0},{"damage_healed":0.0,"max_hp_gain":0.0,"max_hp_loss":0.0,"gold_gain":0.0,"event_name":"SensoryStone","player_choice":"Memory 1","floor":38.0,"gold_loss":0.0,"damage_taken":0.0},{"damage_healed":0,"gold_gain":0,"player_choice":"Paid","damage_taken":0,"relics_obtained":["Red Mask"],"max_hp_gain":0,"max_hp_loss":0,"event_name":"Tomb of Lord Red Mask","floor":46,"gold_loss":390}],"is_beta":false,"boss_relics":[{"not_picked":["Pandora\u0027s Box","Velvet Choker"],"picked":"Empty Cage"},{"not_picked":["Philosopher\u0027s Stone","Runic Dome"],"picked":"Tiny House"}],"items_purged_floors":[],"is_endless":false,"potions_floor_spawned":[7,10,11,23,29,33,36,41,44,47],"killed_by":"4 Shapes","ascension_level":2}}