{"host":"wbdly04l9mkn9nrc","time":1611914975,"event":{"mods":["AchievementEnabler","BaseMod","BetterRewards","Minty Spire (QoL Compilation)","Replay The Spire","StSLib","[IsaacMod]ÒÔÈö¼âËþ"],"gold_per_floor":[115,134,134,144,164,164,14,41,67,67,67,67,88,88,105,123,123,225,225,245,268,268,193,12,39,58,95,95,115,115,174,174,210,210,287,287],"floor_reached":35,"language":"ZHS","playtime":1368,"items_purged":["Regret"],"score":643,"play_id":"4ccc44bf-5685-47bf-b1dc-034f9a6384f3","local_time":"20210129180935","is_ascension_mode":true,"campfire_choices":[{"floor":6.0,"key":"REST"},{"data":"Go for the Eyes","floor":10.0,"key":"SMITH"},{"data":"Beam Cell","floor":14.0,"key":"SMITH"},{"data":"ReplayTheSpireMod:Omega Cannon","floor":17.0,"key":"SMITH"}],"circlet_count":0,"master_deck":["AscendersBane","Strike_B","Strike_B","Strike_B","Defend_B","Defend_B","Defend_B","Defend_B","Zap","Dualcast","Ball Lightning+1","Conserve Battery","Rebound","Go for the Eyes+1","Rip and Tear","Cold Snap","Hologram","ReplayTheSpireMod:Omega Cannon+1","Beam Cell+1","Lockon+1","Skim","Conserve Battery","Ghostly","Ghostly","Ghostly","Ghostly","Ghostly","Gash","Auto Shields","Seek+1","Turbo+1","Leap+1"],"relics":["Cracked Core","HushsDoor","DoctorsRemote","Pondfish Scales","Orrery","TheBean","Nunchaku","Prayer Wheel","SalivaCoin","Smiling Mask","Replay:Antivirus Software","ChewingGum","SteamSale","Toxic Egg 2","Replay:Bottled Steam","SatanicBible","Blood Vial"],"acts_visited":["Exordium","TheCity"],"potions_floor_usage":[35,35],"damage_taken":[{"damage":0.0,"enemies":"Small Slimes","floor":1.0,"turns":1.0},{"damage":7.0,"enemies":"Jaw Worm","floor":2.0,"turns":2.0},{"damage":1.0,"enemies":"2 Louse","floor":4.0,"turns":2.0},{"damage":4.0,"enemies":"Blue Slaver","floor":5.0,"turns":2.0},{"damage":0.0,"enemies":"Gremlin Nob","floor":8.0,"turns":2.0},{"damage":3.0,"enemies":"Large Slime","floor":13.0,"turns":2.0},{"damage":0.0,"enemies":"3 Louse","floor":15.0,"turns":1.0},{"damage":3.0,"enemies":"2 Fungi Beasts","floor":16.0,"turns":2.0},{"damage":0.0,"enemies":"Slime Boss","floor":18.0,"turns":3.0},{"damage":5.0,"enemies":"Shell Parasite","floor":20.0,"turns":2.0},{"damage":3.0,"enemies":"2 Thieves","floor":21.0,"turns":2.0},{"damage":12.0,"enemies":"Shelled Parasite and Fungi","floor":25.0,"turns":2.0},{"damage":0.0,"enemies":"Snecko","floor":26.0,"turns":3.0},{"damage":8.0,"enemies":"Slavers","floor":27.0,"turns":5.0},{"damage":0.0,"enemies":"Centurion and Healer","floor":29.0,"turns":3.0},{"damage":0.0,"enemies":"Book of Stabbing","floor":33.0,"turns":4.0},{"damage":31,"enemies":"Pondfish","floor":35,"turns":10}],"seed_played":"3025987709253004629","potions_obtained":[{"floor":1.0,"key":"Swift Potion"},{"floor":4.0,"key":"Adrenaline Potion"},{"floor":13.0,"key":"EssenceOfSteel"},{"floor":25.0,"key":"SteroidPotion"},{"floor":31.0,"key":"EssenceOfSteel"}],"is_trial":false,"path_per_floor":["M","M","?","M","M","R","$","E","T","R","PTL","PTL","M","R","M","M","R","B",null,"M","M","?","?","$","M","M","E","T","M","$","?","?","E","R","B"],"character_chosen":"DEFECT","items_purchased":["Pondfish Scales","Orrery","ReplayTheSpireMod:Fabricate Wheel","Rip and Tear","TheBean","SalivaCoin","SteamSale","Gash"],"campfire_rested":1,"item_purchase_floors":[0,0,0,0,0,7,24,24],"current_hp_per_floor":[33,26,26,25,21,43,43,43,43,43,43,43,40,40,40,37,37,37,62,57,54,35,35,35,23,23,15,15,15,15,7,19,19,29,0,0],"gold":287,"neow_bonus":"","is_daily":false,"chose_seed":false,"campfire_upgraded":3,"win_rate":0.0,"timestamp":1611914975,"path_taken":["M","M","?","M","M","R","$","E","T","R","PTL","PTL","M","R","M","M","R","BOSS","M","M","?","?","$","M","M","E","T","M","$","?","?","E","R","BOSS"],"items_purchased_type":["Relic","Relic","Card","Card","Relic","Relic","Relic","Card"],"build_version":"2020-12-22","purchased_purges":1,"victory":false,"max_hp_per_floor":[75,75,75,75,75,75,75,75,75,75,75,75,75,75,75,75,75,75,70,70,70,35,35,35,35,35,35,35,35,35,35,35,35,35,35,35],"card_choices":[{"not_picked":["Hologram","Bomb"],"picked":"Ball Lightning","floor":0.0},{"not_picked":["FTL","Hologram"],"picked":"Conserve Battery","floor":0.0},{"not_picked":["Rainbow","Compile Driver"],"picked":"Rebound","floor":0.0},{"not_picked":["Consume","Sweeping Beam"],"picked":"Go for the Eyes","floor":0.0},{"not_picked":["Sweeping Beam","Beam Cell"],"picked":"Cold Snap","floor":1.0},{"not_picked":["Force Field","Sweeping Beam","ReplaySort"],"picked":"SKIP","floor":2.0},{"not_picked":["Sweeping Beam","BasicCrystalCard"],"picked":"Hologram","floor":4.0},{"not_picked":["Panic Button","Force Field"],"picked":"Bomb","floor":5.0},{"not_picked":["Hologram","Steam","Redo"],"picked":"SKIP","floor":5.0},{"not_picked":["Scrape","Stack"],"picked":"ReplayTheSpireMod:Omega Cannon","floor":8.0},{"not_picked":["Turbo","Gash"],"picked":"Bomb","floor":13.0},{"not_picked":["Coolheaded","Hologram"],"picked":"Beam Cell","floor":13.0},{"not_picked":["Redo","Gash"],"picked":"Bomb","floor":15.0},{"not_picked":["Crystallizer","Hologram","Go for the Eyes"],"picked":"SKIP","floor":15.0},{"not_picked":["Barrage","Fan","Beam Cell"],"picked":"SKIP","floor":16.0},{"not_picked":["Beam Cell","ReplayRNGCard","Pulse"],"picked":"SKIP","floor":16.0},{"not_picked":["Ball Lightning","BasicCrystalCard"],"picked":"Lockon+1","floor":20.0},{"not_picked":["Ball Lightning","Go for the Eyes"],"picked":"Skim","floor":20.0},{"not_picked":["ReplayTheSpireMod:System Scan+1","Blizzard"],"picked":"Conserve Battery","floor":21.0},{"not_picked":["Beam Cell","Skim","Conserve Battery"],"picked":"SKIP","floor":21.0},{"not_picked":["Redo","Stack"],"picked":"Auto Shields","floor":25.0},{"not_picked":["Glacier","BasicCrystalCard","Rebound"],"picked":"SKIP","floor":25.0},{"not_picked":["Beam Cell+1","Auto Shields","Cold Snap+1"],"picked":"SKIP","floor":26.0},{"not_picked":["Heatsinks","Lockon","BasicCrystalCard"],"picked":"SKIP","floor":26.0},{"not_picked":["Capacitor","Hello World"],"picked":"Seek+1","floor":27.0},{"not_picked":["Leap+1","Scrape"],"picked":"Turbo+1","floor":29.0},{"not_picked":["Beam Cell+1","Go for the Eyes"],"picked":"Leap+1","floor":29.0},{"not_picked":["Conserve Battery+1","Sweeping Beam","Gash"],"picked":"SKIP","floor":33.0}],"player_experience":277680,"relics_obtained":[{"floor":8.0,"key":"Smiling Mask"},{"floor":9.0,"key":"Replay:Antivirus Software"},{"floor":27.0,"key":"Toxic Egg 2"},{"floor":28.0,"key":"Replay:Bottled Steam"},{"floor":31.0,"key":"SatanicBible"},{"floor":33.0,"key":"Blood Vial"}],"event_choices":[{"damage_healed":0.0,"max_hp_gain":0.0,"max_hp_loss":0.0,"gold_gain":0.0,"event_name":"Big Fish","player_choice":"Box","floor":3.0,"gold_loss":0.0,"damage_taken":0.0,"relics_obtained":["Nunchaku"],"cards_obtained":["Regret"]},{"damage_healed":0.0,"max_hp_gain":0.0,"max_hp_loss":35.0,"gold_gain":0.0,"event_name":"Ghosts","player_choice":"Became a Ghost","floor":22.0,"gold_loss":0.0,"damage_taken":0.0,"cards_obtained":["Ghostly","Ghostly","Ghostly","Ghostly","Ghostly"]},{"cards_removed":["Strike_B"],"damage_healed":0.0,"max_hp_gain":0.0,"max_hp_loss":0.0,"gold_gain":0.0,"event_name":"Beggar","player_choice":"Gave Gold","floor":23.0,"gold_loss":75.0,"damage_taken":0.0},{"damage_healed":12.0,"max_hp_gain":0.0,"max_hp_loss":0.0,"gold_gain":0.0,"event_name":"The Library","player_choice":"Heal","floor":32.0,"gold_loss":0.0,"damage_taken":0.0}],"is_beta":false,"boss_relics":[{"not_picked":["Runic Pyramid","ChampionBelt"],"picked":"ChewingGum"},{"not_picked":[]}],"items_purged_floors":[19],"is_endless":false,"potions_floor_spawned":[1,4,13,21,25,27],"killed_by":"Pondfish","ascension_level":11}}