{"host":"wghdsg8ym2wc7ov9","time":1611886140,"event":{"mods":["A Penny For Your Troubles","AchievementEnabler","Astrologer","BaseMod","Beaked The Cultist","Better Altar","Better Note","ChefMod","Colored Map","Evolution","Fox Events","Hermit","Highlight Path","Jorbs\u0027s Wanderer Trilogy","KinomotoSakuraMod(????)","Minty Spire (QoL Compilation)","Random Character Button","Relic Stats","SIMod","Shop Mod","StSLib","The Blackbeard","The Bladedancer","The Construct","The Cursed","The Death Knight","The Gatherer","The Hierophant","The Marked","The Mystic","The Necromancer","The Runesmith","The Senshi","The Servant 0.9.4","Weighted Paths"],"gold_per_floor":[144,189,234,279,279,324,324,369,419,464,1,46,91,181,181,481,481,526,571,616,661,706,706,796,796,796,886,931,1021,1021,50,50,350,350,395,440,452,509,521,623,635,737,774,831,843,26,71,116,116,125],"floor_reached":51,"language":"ENG","playtime":8765,"items_purged":[],"score":1027,"play_id":"310e6d83-422d-4371-a6bb-0a30f619fc47","local_time":"20210128180900","daily_mods":["Draft","Vintage","Midas"],"is_ascension_mode":false,"campfire_choices":[{"floor":7,"key":"REST"},{"floor":15,"key":"REST"},{"floor":23,"key":"REST"},{"floor":25,"key":"REST"},{"floor":30,"key":"REST"},{"floor":32,"key":"REST"},{"floor":41,"key":"REST"},{"floor":49,"key":"REST"}],"circlet_count":0,"master_deck":["theMarked:AttractMetal","theMarked:RogueSparks","theMarked:ChainLightning","theMarked:Parkour","theMarked:WardOff","theMarked:TwofoldDefense","theMarked:ElectricStrings","theMarked:WardOff","theMarked:ResourceFulStrike","theMarked:SwordAndMagic","theMarked:ChainLightning","theMarked:ShockingTouch","theMarked:RepellingDischarge","theMarked:GodGivenPower","theMarked:ChannelForce","theMarked:ComboAttacks","Enlightenment","theMarked:SelfDefenseTraining","theMarked:Determination","theMarked:MagusForm","theMarked:PowerFlow+1","theMarked:EmpowerWeapon+1","theMarked:LightningStrikesTwice+1","theMarked:RogueSparks+1","theMarked:StartUp+1","The Bomb+1","theMarked:BanishingStrike+1","theMarked:BindingBlade+1","Grasp_Heart+1","theMarked:StartUp+1","theMarked:RepellingDischarge+1","theMarked:Aftermath+1","theMarked:WardOff+1","theMarked:TheMission","Mayhem","Panacea+1","theMarked:Heritage+1"],"relics":["theMarked:ArtifactOfAir","EVO:Axolotl","Orichalcum","theSenshi:SuperSailorFukuRelic","Letter Opener","Meat on the Bone","White Beast Statue","Lantern","Pantograph","Happy Flower","Runesmith:Nanobots","Shuriken","Nunchaku","HornCleat","construct:FoamFinger","theMarked:Eyepatch","construct:BoolHorns","Mummified Hand","Bottled Lightning","Singing Bowl","Smiling Mask","Matryoshka","Dream Catcher","Toxic Egg 2","Molten Egg 2","beaked:ShinyBauble","PreservedInsect","Unceasing Top","theMarked:DemonDagger","MerchantsRug","beaked:SacredDeck","Pear","MawBank","Anchor","Sundial","Turnip","theSenshi:SailorFukuRelic","StrikeDummy","InkBottle","Potion Belt","Akabeko","Cauldron","The Courier","Blood Vial"],"acts_visited":["Exordium","TheCity","TheBeyond"],"potions_floor_usage":[12,14,16,18,19,19,21,27,29,33,35,36,38,40,42,44,50,50,50,50,50],"damage_taken":[{"damage":0,"enemies":"Cultist","floor":1,"turns":2},{"damage":4,"enemies":"Jaw Worm","floor":2,"turns":2},{"damage":0,"enemies":"Small Slimes","floor":3,"turns":2},{"damage":0,"enemies":"3 Louse","floor":4,"turns":3},{"damage":0,"enemies":"2 Fungi Beasts","floor":6,"turns":3},{"damage":0,"enemies":"Exordium Thugs","floor":8,"turns":4},{"damage":0,"enemies":"Blue Slaver","floor":10,"turns":3},{"damage":0,"enemies":"Exordium Wildlife","floor":12,"turns":3},{"damage":0,"enemies":"Looter","floor":13,"turns":1},{"damage":0,"enemies":"Gremlin Nob","floor":14,"turns":2},{"damage":0,"enemies":"Slime Boss","floor":16,"turns":6},{"damage":0,"enemies":"2 Thieves","floor":18,"turns":4},{"damage":0,"enemies":"Chosen","floor":19,"turns":2},{"damage":0,"enemies":"Snecko","floor":20,"turns":3},{"damage":0,"enemies":"Sentry and Sphere","floor":21,"turns":2},{"damage":0,"enemies":"Cultist and Chosen","floor":22,"turns":4},{"damage":8,"enemies":"Book of Stabbing","floor":24,"turns":4},{"damage":3,"enemies":"Slavers","floor":27,"turns":4},{"damage":0,"enemies":"3 Cultists","floor":28,"turns":3},{"damage":0,"enemies":"Gremlin Leader","floor":29,"turns":3},{"damage":0,"enemies":"Automaton","floor":33,"turns":5},{"damage":0,"enemies":"Orb Walker","floor":35,"turns":2},{"damage":0,"enemies":"3 Darklings","floor":36,"turns":1},{"damage":0,"enemies":"Jaw Worm Horde","floor":38,"turns":3},{"damage":13,"enemies":"Nemesis","floor":40,"turns":3},{"damage":6,"enemies":"beaked:SuperParasite","floor":42,"turns":4},{"damage":1,"enemies":"Sphere and 2 Shapes","floor":44,"turns":4},{"damage":0,"enemies":"3 Darklings","floor":47,"turns":3},{"damage":0,"enemies":"4 Shapes","floor":48,"turns":6},{"damage":62,"enemies":"Awakened One","floor":50,"turns":8}],"seed_played":"9192803745042345800","potions_obtained":[{"floor":2,"key":"theMarked:ChargePotion"},{"floor":6,"key":"DistilledChaos"},{"floor":8,"key":"ColorlessPotion"},{"floor":10,"key":"construct:ShiftPotion"},{"floor":12,"key":"SkillPotion"},{"floor":13,"key":"DistilledChaos"},{"floor":14,"key":"Block Potion"},{"floor":16,"key":"Block Potion"},{"floor":18,"key":"Swift Potion"},{"floor":19,"key":"Strength Potion"},{"floor":20,"key":"PowerPotion"},{"floor":21,"key":"SneckoOil"},{"floor":22,"key":"CultistPotion"},{"floor":27,"key":"SpeedPotion"},{"floor":29,"key":"SkillPotion"},{"floor":33,"key":"BlessingOfTheForge"},{"floor":35,"key":"SteroidPotion"},{"floor":36,"key":"SpeedPotion"},{"floor":38,"key":"SneckoOil"},{"floor":40,"key":"theMarked:ChargePotion"},{"floor":42,"key":"Dexterity Potion"},{"floor":44,"key":"Fruit Juice"},{"floor":46,"key":"Dexterity Potion"},{"floor":46,"key":"construct:ShiftPotion"},{"floor":46,"key":"SteroidPotion"},{"floor":46,"key":"LiquidBronze"},{"floor":47,"key":"Block Potion"},{"floor":48,"key":"BlessingOfTheForge"}],"is_trial":false,"path_per_floor":["M","M","M","M","?","M","R","M","T","M","$","M","M","E","R","B",null,"M","M","M","M","M","R","E","R","T","E","M","E","R","$","R","B",null,"M","M","?","M","?","E","R","E","T","M","?","$","M","M","R","B",null],"character_chosen":"THE_DEFAULT","items_purchased":["theMarked:ComboAttacks","Shuriken","Enlightenment","theMarked:SelfDefenseTraining","Unceasing Top","theMarked:DemonDagger","theMarked:RogueSparks","theMarked:StartUp+1","The Bomb+1","MerchantsRug","theMarked:BanishingStrike+1","Potion Belt","Akabeko","Cauldron","theMarked:Aftermath+1","theMarked:WardOff+1","theMarked:TheMission","Mayhem","Panacea+1"],"campfire_rested":8,"item_purchase_floors":[11,11,11,11,31,31,31,31,31,31,31,46,46,46,46,46,46,46,46],"current_hp_per_floor":[71,67,67,67,67,67,71,71,71,71,71,71,71,71,71,71,71,71,71,71,71,71,71,63,71,71,68,68,68,71,71,73,73,73,83,83,83,83,83,72,85,79,79,83,83,83,83,83,90,40],"gold":125,"neow_bonus":"","is_daily":true,"chose_seed":false,"campfire_upgraded":0,"win_rate":0.0,"timestamp":1611886140,"path_taken":["M","M","?","M","?","M","R","M","T","M","$","?","M","E","R","BOSS","M","M","M","M","M","R","E","R","T","E","M","E","R","$","R","BOSS","M","M","?","M","?","E","R","E","T","M","?","$","M","?","R","BOSS"],"items_purchased_type":["Card","Relic","Card","Card","Relic","Relic","Card","Card","Card","Relic","Card","Relic","Relic","Relic","Card","Card","Card","Card","Card"],"build_version":"2020-12-22","purchased_purges":0,"victory":true,"max_hp_per_floor":[71,71,71,71,71,71,71,71,71,71,71,71,71,71,71,71,71,71,71,71,71,71,71,71,71,71,71,71,71,71,71,73,73,73,83,83,83,83,83,85,85,85,85,90,90,90,90,90,90,90],"relic_stats":{"Happy Flower":[27],"Singing Bowl":4,"counters":[30,99],"PreservedInsect":110,"Letter Opener":[205],"Orichalcum":[72],"Smiling Mask":0,"MawBank":120,"Blood Vial":0,"Nunchaku":[17],"Dream Catcher":4,"Shuriken":[31],"Mummified Hand":[79],"Sundial":[0],"Pantograph":0,"Turnip":[5],"obtain_stats":[{"construct:BoolHorns":18,"theSenshi:SuperSailorFukuRelic":2,"Lantern":6,"beaked:ShinyBauble":28,"construct:FoamFinger":14,"Singing Bowl":21,"EVO:Axolotl":0,"Smiling Mask":22,"Blood Vial":48,"Nunchaku":12,"Dream Catcher":26,"HornCleat":13,"Matryoshka":24,"Mummified Hand":19,"Sundial":40,"Pantograph":8,"beaked:SacredDeck":34,"Toxic Egg 2":26,"theSenshi:SailorFukuRelic":43,"InkBottle":44,"theMarked:Eyepatch":17,"Potion Belt":46,"MerchantsRug":31,"Runesmith:Nanobots":10,"theMarked:DemonDagger":31,"Pear":35,"Happy Flower":9,"PreservedInsect":29,"The Courier":47,"Letter Opener":3,"Orichalcum":1,"MawBank":36,"White Beast Statue":5,"Akabeko":46,"theMarked:ArtifactOfAir":0,"Cauldron":46,"Anchor":38,"Shuriken":11,"Molten Egg 2":27,"Turnip":42,"Bottled Lightning":20,"StrikeDummy":43,"Unceasing Top":31,"Meat on the Bone":4},{"construct:BoolHorns":12,"theSenshi:SuperSailorFukuRelic":2,"Lantern":5,"beaked:ShinyBauble":19,"construct:FoamFinger":10,"Singing Bowl":15,"EVO:Axolotl":0,"Smiling Mask":16,"Blood Vial":29,"Nunchaku":8,"Dream Catcher":17,"HornCleat":9,"Matryoshka":17,"Mummified Hand":13,"Sundial":25,"Pantograph":6,"beaked:SacredDeck":21,"Toxic Egg 2":17,"theSenshi:SailorFukuRelic":26,"InkBottle":27,"theMarked:Eyepatch":11,"Potion Belt":27,"MerchantsRug":20,"Runesmith:Nanobots":7,"theMarked:DemonDagger":20,"Pear":22,"Happy Flower":6,"PreservedInsect":20,"The Courier":28,"Letter Opener":3,"Orichalcum":1,"MawBank":23,"White Beast Statue":4,"Akabeko":27,"theMarked:ArtifactOfAir":0,"Cauldron":27,"Anchor":24,"Shuriken":7,"Molten Egg 2":18,"Turnip":26,"Bottled Lightning":14,"StrikeDummy":26,"Unceasing Top":20,"Meat on the Bone":4},{"construct:BoolHorns":35,"theSenshi:SuperSailorFukuRelic":4,"Lantern":12,"beaked:ShinyBauble":57,"construct:FoamFinger":25,"Singing Bowl":42,"EVO:Axolotl":0,"Smiling Mask":46,"Blood Vial":91,"Nunchaku":22,"Dream Catcher":50,"HornCleat":23,"Matryoshka":50,"Mummified Hand":37,"Sundial":74,"Pantograph":16,"beaked:SacredDeck":65,"Toxic Egg 2":50,"theSenshi:SailorFukuRelic":78,"InkBottle":82,"theMarked:Eyepatch":31,"Potion Belt":82,"MerchantsRug":60,"Runesmith:Nanobots":19,"theMarked:DemonDagger":60,"Pear":67,"Happy Flower":16,"PreservedInsect":60,"The Courier":85,"Letter Opener":6,"Orichalcum":2,"MawBank":68,"White Beast Statue":9,"Akabeko":82,"theMarked:ArtifactOfAir":0,"Cauldron":82,"Anchor":71,"Shuriken":19,"Molten Egg 2":54,"Turnip":78,"Bottled Lightning":40,"StrikeDummy":78,"Unceasing Top":60,"Meat on the Bone":9}],"Unceasing Top":[12],"InkBottle":[6],"Meat on the Bone":12},"card_choices":[{"not_picked":["theMarked:ResourceFulStrike","theMarked:Parkour"],"picked":"theMarked:AttractMetal","floor":0},{"not_picked":["theMarked:Frustration","theMarked:OneWithTheBlade"],"picked":"theMarked:RogueSparks","floor":0},{"not_picked":["theMarked:WastefulAttack","theMarked:ResourceFulStrike"],"picked":"theMarked:ChainLightning","floor":0},{"not_picked":["theMarked:Improvise","theMarked:Frustration"],"picked":"theMarked:Parkour","floor":0},{"not_picked":["theMarked:Panic","theMarked:Improvise"],"picked":"theMarked:WardOff","floor":0},{"not_picked":["theMarked:BanishingStrike","theMarked:ResourceFulStrike"],"picked":"theMarked:TwofoldDefense","floor":0},{"not_picked":["theMarked:WardOff","theMarked:Parry"],"picked":"theMarked:ElectricStrings","floor":0},{"not_picked":["theMarked:Reabsorb","theMarked:HeightenedSenses"],"picked":"theMarked:WardOff","floor":0},{"not_picked":["theMarked:TwofoldDefense","theMarked:Reabsorb"],"picked":"theMarked:ResourceFulStrike","floor":0},{"not_picked":["theMarked:Determination","theMarked:Memento"],"picked":"theMarked:SwordAndMagic","floor":0},{"not_picked":["theMarked:TwofoldDefense","theMarked:WardOff"],"picked":"theMarked:ChainLightning","floor":0},{"not_picked":["theMarked:ElectricStrings","theMarked:WardOff"],"picked":"theMarked:ShockingTouch","floor":0},{"not_picked":["theMarked:Memento","theMarked:HeightenedSenses"],"picked":"theMarked:RepellingDischarge","floor":0},{"not_picked":["theMarked:TunnelVision","theMarked:ParalyzingBlade"],"picked":"theMarked:GodGivenPower","floor":0},{"not_picked":["theMarked:Parry","theMarked:EmpowerWeapon"],"picked":"theMarked:ChannelForce","floor":0},{"not_picked":["theMarked:ChannelForce","theMarked:Snap"],"picked":"theMarked:Determination","floor":14},{"not_picked":["theMarked:Snap","theMarked:Vacuum"],"picked":"theMarked:MagusForm","floor":16},{"not_picked":["theMarked:ElectricStrings","theMarked:Parkour"],"picked":"theMarked:Overcharge+1","floor":24},{"not_picked":["theMarked:SwordAndMagic+1","theMarked:SelfDefenseTraining+1"],"picked":"theMarked:PowerFlow+1","floor":27},{"not_picked":["theMarked:Opportunist","theMarked:WardOff+1"],"picked":"theMarked:EmpowerWeapon+1","floor":29},{"not_picked":["theMarked:Electrocute+1","theMarked:PowerFlow+1"],"picked":"theMarked:LightningStrikesTwice+1","floor":30},{"not_picked":["theMarked:Panic+1","theMarked:WastefulAttack+1","theMarked:ElectricStrings+1"],"picked":"Singing Bowl","floor":32},{"not_picked":["theMarked:FavorableWinds+1","theMarked:DispelDoubt+1"],"picked":"theMarked:BindingBlade+1","floor":33},{"not_picked":["theMarked:ChannelForce+1","theMarked:TakeCover+1","theMarked:WastefulAttack+1"],"picked":"Singing Bowl","floor":40},{"not_picked":["theMarked:Frustration+1","theMarked:TunnelVision+1"],"picked":"theMarked:StartUp+1","floor":41},{"not_picked":["theMarked:TakeCover+1","theMarked:TwofoldDefense+1"],"picked":"theMarked:RepellingDischarge+1","floor":42},{"not_picked":["theMarked:EnhanceMovement+1","theMarked:GodGivenPower+1"],"picked":"theMarked:Heritage+1","floor":49}],"player_experience":819644,"relics_obtained":[{"floor":1,"key":"Orichalcum"},{"floor":2,"key":"theSenshi:SuperSailorFukuRelic"},{"floor":3,"key":"Letter Opener"},{"floor":4,"key":"Meat on the Bone"},{"floor":6,"key":"Lantern"},{"floor":8,"key":"Pantograph"},{"floor":9,"key":"Happy Flower"},{"floor":10,"key":"Runesmith:Nanobots"},{"floor":12,"key":"Nunchaku"},{"floor":13,"key":"HornCleat"},{"floor":14,"key":"construct:FoamFinger"},{"floor":18,"key":"construct:BoolHorns"},{"floor":19,"key":"Mummified Hand"},{"floor":20,"key":"Bottled Lightning"},{"floor":21,"key":"Singing Bowl"},{"floor":22,"key":"Smiling Mask"},{"floor":24,"key":"Matryoshka"},{"floor":26,"key":"Dream Catcher"},{"floor":26,"key":"Toxic Egg 2"},{"floor":27,"key":"Molten Egg 2"},{"floor":28,"key":"beaked:ShinyBauble"},{"floor":29,"key":"PreservedInsect"},{"floor":35,"key":"Pear"},{"floor":36,"key":"MawBank"},{"floor":38,"key":"Anchor"},{"floor":40,"key":"Sundial"},{"floor":42,"key":"Turnip"},{"floor":43,"key":"theSenshi:SailorFukuRelic"},{"floor":43,"key":"StrikeDummy"},{"floor":44,"key":"InkBottle"},{"floor":47,"key":"The Courier"},{"floor":48,"key":"Blood Vial"}],"event_choices":[{"damage_healed":0,"gold_gain":0,"player_choice":"Gave Potion","damage_taken":0,"relics_obtained":["White Beast Statue"],"max_hp_gain":0,"max_hp_loss":0,"event_name":"WeMeetAgain","floor":5,"gold_loss":0},{"cards_removed":["theMarked:Overcharge"],"damage_healed":0,"gold_gain":0,"player_choice":"Removed Skill","damage_taken":0,"max_hp_gain":0,"max_hp_loss":0,"event_name":"Falling","floor":37,"gold_loss":0},{"damage_healed":0,"gold_gain":0,"player_choice":"Ignored","damage_taken":0,"max_hp_gain":0,"max_hp_loss":0,"event_name":"Tomb of Lord Red Mask","floor":39,"gold_loss":0},{"damage_healed":0,"gold_gain":0,"player_choice":"Upgraded","damage_taken":0,"max_hp_gain":0,"max_hp_loss":0,"event_name":"Upgrade Shrine","floor":45,"gold_loss":0,"cards_upgraded":["theMarked:RogueSparks"]}],"is_beta":false,"boss_relics":[{"not_picked":["Runesmith:UraniumAnvil","SacredBark"],"picked":"theMarked:Eyepatch"},{"not_picked":["Sozu","Empty Cage"],"picked":"beaked:SacredDeck"}],"items_purged_floors":[],"is_endless":false,"potions_floor_spawned":[2,6,8,10,12,13,14,16,18,19,20,21,22,24,27,28,29,33,35,36,38,40,42,44,47,48],"ascension_level":0}}