{"host":"l7l2v2zs4hqku4vk","time":1611917750,"event":{"mods":["Act Like it!","BaseMod","Colored Powertips","Highlight Path","Minty Spire (QoL Compilation)","Replay The Spire","RumiaBox-露米娅的神秘盒子","StSLib","TestMod","The Servant 0.9.4","篝火指南"],"gold_per_floor":[117,117,65,140,152,180,200,210,258,293,305,342,354,383,395,482,494,523,535,560,552,63,63,91,91,91,91,91],"floor_reached":27,"language":"ZHS","playtime":790,"items_purged":["Strike_R"],"score":548,"play_id":"472cca42-e50f-47a7-a081-255ef9c5f73f","local_time":"20210129185550","is_ascension_mode":true,"campfire_choices":[{"data":"Armaments","floor":13.0,"key":"SMITH"},{"data":"Double Tap","floor":15.0,"key":"SMITH"},{"data":"testmod-AutoReboundSystem","floor":23,"key":"SMITH"},{"data":"Reaper","floor":25,"key":"SMITH"}],"circlet_count":0,"master_deck":["AscendersBane","Carnage+1","Clash","Armaments+1","Body Slam","Pommel Strike","Flex","Double Tap+1","Inflame","Barricade+1","Clash","Run Through","Power Through","Entrench","testmod-AutoReboundSystem+1","Fiend Fire","Offering","Reaper+1","Bludgeon","Demon Form","Demonic Infusion","Fiend Fire"],"relics":["Burning Blood","testmod-TestBox","testmod-ConstraintPeriapt","NeowsBlessing","Gremlin Horn","ZombieArmy","MawBank","Blood Vial","Runic Dome","Guide Book","SumBook"],"acts_visited":["Exordium","TheCity"],"potions_floor_usage":[16,16,24],"damage_taken":[{"damage":0.0,"enemies":"Jaw Worm","floor":1.0,"turns":1.0},{"damage":0.0,"enemies":"2 Louse","floor":5.0,"turns":1.0},{"damage":0.0,"enemies":"3 Sentries","floor":6.0,"turns":2.0},{"damage":0.0,"enemies":"Cultist","floor":7.0,"turns":2.0},{"damage":2.0,"enemies":"Looter","floor":8.0,"turns":3.0},{"damage":6.0,"enemies":"Gremlin Nob","floor":10.0,"turns":3.0},{"damage":26.0,"enemies":"Lagavulin","floor":12.0,"turns":5.0},{"damage":7.0,"enemies":"Lots of Slimes","floor":14.0,"turns":2.0},{"damage":34,"enemies":"The Guardian","floor":16,"turns":8},{"damage":28,"enemies":"2 Thieves","floor":18,"turns":3},{"damage":31,"enemies":"Shell Parasite","floor":20,"turns":3},{"damage":26,"enemies":"Slavers","floor":24,"turns":3},{"damage":15,"enemies":"Gremlin Leader","floor":27,"turns":1}],"seed_played":"3619851056447093037","potions_obtained":[{"floor":7.0,"key":"Adrenaline Potion"},{"floor":12.0,"key":"SkillPotion"},{"floor":14.0,"key":"AttackPotion"},{"floor":16,"key":"SteroidPotion"},{"floor":18,"key":"Weak Potion"},{"floor":24,"key":"Block Potion"}],"is_trial":false,"path_per_floor":["M","?","$","?","M","E","M","M","T","E","?","E","R","M","R","B",null,"M","?","M","?","$","R","E","R","T","E"],"character_chosen":"IRONCLAD","items_purchased":["Clash","Entrench","Guide Book","testmod-AutoReboundSystem"],"campfire_rested":0,"item_purchase_floors":[3,22,22,22],"current_hp_per_floor":[74,74,74,63,71,75,75,75,75,75,75,59,59,62,62,40,66,46,46,26,26,26,26,13,13,13,0,0],"gold":91,"neow_bonus":"THREE_ENEMY_KILL","is_daily":false,"chose_seed":false,"campfire_upgraded":4,"win_rate":0.0,"timestamp":1611917750,"path_taken":["M","?","$","?","M","E","M","M","T","E","?","E","R","M","R","BOSS","M","?","M","?","$","R","E","R","T","E"],"items_purchased_type":["Card","Card","Relic","Card"],"build_version":"2020-12-22","purchased_purges":1,"victory":false,"max_hp_per_floor":[75,75,75,75,75,75,75,75,75,75,75,75,75,75,75,75,75,75,75,75,75,75,75,75,75,75,75,75],"card_choices":[{"not_picked":["True Grit","Pommel Strike"],"picked":"Carnage","floor":1.0},{"not_picked":["Sword Boomerang","Cleave"],"picked":"Armaments","floor":5.0},{"not_picked":["Feel No Pain","Uppercut"],"picked":"Body Slam","floor":6.0},{"not_picked":["Clothesline","Intimidate"],"picked":"Pommel Strike","floor":7.0},{"not_picked":["Warcry","Abandon","Fiend Fire"],"picked":"SKIP","floor":8.0},{"not_picked":["Body Slam","Defy Death","Iron Wave"],"picked":"SKIP","floor":10.0},{"not_picked":["Cleave","Perfected Strike"],"picked":"Double Tap","floor":12.0},{"not_picked":["Fire Breathing","Rupture"],"picked":"Inflame","floor":14.0},{"not_picked":["Eclipse","Hemogenesis"],"picked":"Barricade","floor":16},{"not_picked":["Perfected Strike+1","Body Slam"],"picked":"Clash","floor":18},{"not_picked":["Fire Breathing","Clothesline","Iron Wave"],"picked":"SKIP","floor":20},{"not_picked":["Sword Boomerang","Havoc","Replay:Many Hands"],"picked":"SKIP","floor":24}],"player_experience":1734338,"relics_obtained":[{"floor":6.0,"key":"Gremlin Horn"},{"floor":9.0,"key":"ZombieArmy"},{"floor":10.0,"key":"MawBank"},{"floor":12.0,"key":"Blood Vial"},{"floor":24,"key":"SumBook"}],"event_choices":[{"damage_healed":0.0,"max_hp_gain":0.0,"max_hp_loss":0.0,"gold_gain":0.0,"event_name":"给自己的盒子","player_choice":"Ignored","floor":2.0,"gold_loss":0.0,"damage_taken":0.0},{"damage_healed":0.0,"max_hp_gain":0.0,"max_hp_loss":0.0,"gold_gain":75.0,"event_name":"World of Goop","player_choice":"Gather Gold","floor":4.0,"gold_loss":0.0,"damage_taken":11.0},{"damage_healed":0.0,"max_hp_gain":0.0,"max_hp_loss":0.0,"gold_gain":0.0,"event_name":"Match and Keep!","player_choice":"1 cards matched","floor":11.0,"gold_loss":0.0,"damage_taken":0.0,"cards_obtained":["Flex"]},{"damage_healed":0,"gold_gain":0,"cards_transformed":["Strike_R","Strike_R"],"player_choice":"Became Test Subject","damage_taken":0,"max_hp_gain":0,"max_hp_loss":0,"event_name":"Drug Dealer","floor":19,"gold_loss":0,"cards_obtained":["Run Through","Power Through"]},{"damage_healed":0,"gold_gain":0,"player_choice":"Bought 1 Potion","damage_taken":0,"max_hp_gain":0,"max_hp_loss":0,"event_name":"The Woman in Blue","floor":21,"gold_loss":0}],"is_beta":false,"boss_relics":[{"not_picked":["EasyGame_NEW","testmod-PortableAltar"],"picked":"Runic Dome"}],"items_purged_floors":[22],"is_endless":false,"potions_floor_spawned":[7,12,14,16,18,24],"killed_by":"Gremlin Leader","ascension_level":20}}