{"host":"roto7j7840a50pxh","time":1611910934,"event":{"mods":["Act Like it!","BaseMod","Better Altar","Better Note","Better Sensory Stone","Better Skull","Better Third Choice","BetterRewards","Colored Map","Colored Powertips","Downfall","Hermit","Highlight Path","Hubris","Infinite Spire","Minty Spire (QoL Compilation)","Replay The Spire","Robot Space Explorer","Shade Mod","Spicy Shops","StSLib","The Construct","The Cursed","The Dragon Tamer","The Hierophant","The Necromancer","The Runesmith","The Servant 0.9.4","TheVacant"],"gold_per_floor":[115,130,200,200,211,211,239,252,252,272,286,311,311,311,311,406,406,417,417,532,360,360,360,360,360],"floor_reached":24,"language":"ENG","playtime":4025,"items_purged":[],"score":355,"play_id":"32f6fe9e-1774-468f-9903-02dd05f856d9","local_time":"20210129040214","is_ascension_mode":false,"campfire_choices":[{"data":"construct:Electrocute","floor":6.0,"key":"SMITH"},{"data":"construct:Autoturret","floor":13.0,"key":"SMITH"},{"data":"construct:ScopeCore","floor":15.0,"key":"SMITH"},{"data":"construct:ModeShift","floor":23.0,"key":"SMITH"}],"circlet_count":0,"master_deck":["construct:Strike_Gold","construct:Strike_Gold","construct:Strike_Gold","construct:Strike_Gold+1","construct:Strike_Gold","construct:Defend_Gold+1","construct:Defend_Gold","construct:Defend_Gold","construct:Defend_Gold","construct:Defend_Gold","construct:AttackMode","construct:DefenseMode","construct:GuardCore","construct:Electrocute+1","construct:Forcefield","construct:SweepLaser","construct:FierceBash","construct:QuickAttack","construct:Hazardproof","construct:Autoturret+1","Pot Of Greed","Pot Of Greed","construct:ScrapCannon","construct:Analyze","construct:ScopeCore+1","construct:GatlingGun","Pot Of Greed","CommonCold","downfall:Icky","Injury","construct:Enhance","infinitespire:Fortify","construct:ClusterMines+1","construct:OneWayMirror","construct:ClusterMines","construct:Enhance","construct:Failsafe","construct:QuickAttack","Pot Of Greed","construct:ModeShift+1"],"relics":["construct:Cogwheel","ClockworkSouvenir","hubris:ToyBattleship","Grinning Jar","Simple Rune","hubris:Icosahedron","Replay:Ancient Bell","hubris:SlimyHat","Pear","infinitespire:Magic Flask","infinitespire:PuzzleCube","construct:WeddingRing","Orrery","Spirit Poop"],"acts_visited":["Exordium","TheCity"],"potions_floor_usage":[24],"damage_taken":[{"damage":0.0,"enemies":"2 Louse","floor":1.0,"turns":4.0},{"damage":2.0,"enemies":"Small Slimes","floor":2.0,"turns":3.0},{"damage":0.0,"enemies":"Cultist","floor":5.0,"turns":3.0},{"damage":25.0,"enemies":"Lagavulin","floor":7.0,"turns":6.0},{"damage":7.0,"enemies":"Blue Slaver","floor":8.0,"turns":3.0},{"damage":0.0,"enemies":"2 Fungi Beasts","floor":10.0,"turns":3.0},{"damage":3.0,"enemies":"Gremlin Gang","floor":11.0,"turns":3.0},{"damage":2.0,"enemies":"Replay:BlueRogue","floor":12.0,"turns":7.0},{"damage":16.0,"enemies":"Slime Boss","floor":16.0,"turns":6.0},{"damage":10.0,"enemies":"Spheric Guardian","floor":18.0,"turns":3.0},{"damage":26.0,"enemies":"Shell Parasite","floor":20.0,"turns":6.0},{"damage":68,"enemies":"Slavers","floor":24,"turns":3}],"seed_played":"4832981150364244920","potions_obtained":[{"floor":2.0,"key":"SteroidPotion"},{"floor":5.0,"key":"sneckomod:MuddlingPotion"},{"floor":11.0,"key":"construct:ShiftPotion"}],"is_trial":false,"path_per_floor":["M","M","?","?","M","R","E","M","T","M","M","E","R","?","R","B",null,"M","AVR","M","$","?","R","E"],"character_chosen":"THE_CONSTRUCT_MOD","items_purchased":["ClockworkSouvenir","construct:GuardCore","construct:Electrocute","construct:Forcefield","construct:OneWayMirror","Orrery"],"campfire_rested":0,"item_purchase_floors":[0,0,0,0,21,21],"current_hp_per_floor":[73,71,71,71,71,71,46,39,39,39,36,34,34,34,34,69,95,85,85,59,59,59,59,0,0],"gold":360,"neow_bonus":"","is_daily":false,"chose_seed":false,"campfire_upgraded":4,"win_rate":0.0,"timestamp":1611910934,"path_taken":["M","M","?","?","M","R","E","M","T","M","M","E","R","?","R","BOSS","M","AVR","M","$","?","R","E"],"items_purchased_type":["Relic","Card","Card","Card","Card","Relic"],"build_version":"2020-12-22","purchased_purges":0,"victory":false,"max_hp_per_floor":[85,85,85,85,85,85,85,85,85,85,85,85,85,85,85,85,95,95,95,95,95,95,95,95,95],"card_choices":[{"not_picked":["construct:Construct_Overclock","construct:HeavyBolt"],"picked":"construct:SweepLaser","floor":1.0},{"not_picked":["construct:HeavyBolt","construct:Antimatter"],"picked":"construct:FierceBash","floor":2.0},{"not_picked":["construct:SweepLaser","construct:SyphonStrike"],"picked":"construct:QuickAttack","floor":5.0},{"not_picked":["construct:ModeShift","construct:Missile"],"picked":"construct:Hazardproof","floor":7.0},{"not_picked":["construct:FierceBash","construct:ScopeCore"],"picked":"construct:Autoturret","floor":8.0},{"not_picked":["construct:Isolate","construct:ShiftStrike"],"picked":"construct:ScrapCannon","floor":10.0},{"not_picked":["construct:Forcefield","construct:ScrapCannon"],"picked":"construct:Analyze","floor":11.0},{"not_picked":["construct:Anticipate","construct:Antimatter"],"picked":"construct:ScopeCore","floor":12.0},{"not_picked":["construct:ShieldBurst","construct:ShieldGenerator"],"picked":"construct:GatlingGun","floor":16.0},{"not_picked":["infinitespire:Pacifist","Regret"],"picked":"CommonCold","floor":17.0},{"not_picked":["downfall:Haunted","downfall:Bewildered"],"picked":"downfall:Icky","floor":17.0},{"not_picked":["hubris:Envy","hubris:Lust"],"picked":"Injury","floor":17.0},{"not_picked":["construct:Isolate","construct:FlameCore+1"],"picked":"construct:Enhance","floor":18.0},{"not_picked":["construct:Chainstrike","construct:Missile"],"picked":"construct:ClusterMines+1","floor":20.0},{"not_picked":["construct:FierceBash","construct:Anticipate"],"picked":"construct:ClusterMines","floor":21.0},{"not_picked":["construct:ShieldBurst","construct:SuppressiveFire"],"picked":"construct:Enhance","floor":21.0},{"not_picked":["construct:Reinforce+1","construct:Analyze"],"picked":"construct:Failsafe","floor":21.0},{"not_picked":["construct:HeavyBolt+1","construct:Backfire"],"picked":"construct:QuickAttack","floor":21.0},{"not_picked":["construct:HardReboot+1","construct:MassProduction"],"picked":"construct:ModeShift","floor":21.0}],"player_experience":1710158,"relics_obtained":[{"floor":7.0,"key":"hubris:ToyBattleship"},{"floor":9.0,"key":"Grinning Jar"},{"floor":12.0,"key":"Simple Rune"}],"event_choices":[{"damage_healed":0.0,"max_hp_gain":0.0,"max_hp_loss":0.0,"gold_gain":70.0,"event_name":"Golden Wing","player_choice":"Gained Gold","floor":3.0,"gold_loss":0.0,"damage_taken":0.0},{"damage_healed":0.0,"max_hp_gain":0.0,"max_hp_loss":0.0,"gold_gain":0.0,"event_name":"The Cleric","player_choice":"Leave","floor":4.0,"gold_loss":0.0,"damage_taken":0.0},{"cards_removed":["Injury"],"damage_healed":0.0,"max_hp_gain":0.0,"max_hp_loss":0.0,"gold_gain":0.0,"event_name":"Bonfire Elementals","player_choice":"Offered Curse","floor":22.0,"gold_loss":0.0,"damage_taken":0.0,"relics_obtained":["Spirit Poop"]}],"is_beta":false,"boss_relics":[{"not_picked":["ReplayTheSpireMod:DimensionalGlitch","Abe\u0027s Treasure"],"picked":"Replay:Ancient Bell"},{"not_picked":["Blue Doll","CeramicFish"],"picked":"hubris:SlimyHat"},{"not_picked":["Quantum Egg","hubris:CrystalStatue"],"picked":"Pear"},{"not_picked":["Pondfish Scales","Replay:PocketPolymizer"],"picked":"infinitespire:Magic Flask"}],"items_purged_floors":[],"is_endless":false,"potions_floor_spawned":[2,5,11],"killed_by":"Slavers","ascension_level":0}}