{"host":"w3znmyy6nqoc7418","time":1611905197,"event":{"mods":["BaseMod","Minty Spire (QoL Compilation)","Replay The Spire","Shop Mod","StSLib"],"gold_per_floor":[109,153,169,180,130,130,147,147,196,213,213,228,228,228],"floor_reached":13,"language":"ZHS","playtime":165,"items_purged":[],"score":85,"play_id":"37a5d2f8-dc20-4e18-be7c-db3f8c1e2f94","local_time":"20210129152637","is_ascension_mode":true,"campfire_choices":[{"data":"Searing Blow","floor":6,"key":"SMITH"},{"data":"Searing Blow+1","floor":8,"key":"SMITH"}],"circlet_count":0,"master_deck":["Strike_R","Strike_R","Strike_R","Strike_R","Defend_R","Defend_R","Defend_R","Defend_R","Bash","Shrug It Off","Searing Blow+3","ReplayTheSpireMod:Limb From Limb","Shockwave","Battle Trance"],"relics":["Burning Blood","NeowsBlessing","Mercury Hourglass","Anchor"],"acts_visited":["Exordium"],"potions_floor_usage":[],"damage_taken":[{"damage":0,"enemies":"2 Louse","floor":1,"turns":1},{"damage":0,"enemies":"Cultist","floor":3,"turns":1},{"damage":0,"enemies":"Small Slimes","floor":4,"turns":1},{"damage":9,"enemies":"3 Louse","floor":7,"turns":2},{"damage":13,"enemies":"Exordium Thugs","floor":10,"turns":3},{"damage":3,"enemies":"Blue Slaver","floor":12,"turns":2},{"damage":0,"enemies":"Lagavulin","floor":13,"turns":2}],"seed_played":"-8730381121575832215","potions_obtained":[{"floor":1,"key":"Reflective Coating"},{"floor":7,"key":"ColorlessPotion"},{"floor":10,"key":"EssenceOfSteel"},{"floor":12,"key":"PowerPotion"}],"is_trial":false,"path_per_floor":["M","?","M","M","?","R","M","R","T","M","?","M","E"],"character_chosen":"IRONCLAD","items_purchased":[],"campfire_rested":0,"item_purchase_floors":[],"current_hp_per_floor":[80,80,80,80,80,80,77,77,77,70,70,73,73,73],"gold":228,"neow_bonus":"THREE_ENEMY_KILL","is_daily":false,"chose_seed":false,"campfire_upgraded":2,"win_rate":0.0,"timestamp":1611905197,"path_taken":["M","?","M","?","?","R","M","R","T","M","?","M","E"],"items_purchased_type":[],"build_version":"2020-12-22","purchased_purges":0,"victory":false,"max_hp_per_floor":[80,80,80,80,80,80,80,80,80,80,80,80,80,80],"card_choices":[{"not_picked":["Dropkick","Flame Barrier"],"picked":"Shrug It Off","floor":1},{"not_picked":["Armaments","Wild Strike"],"picked":"Searing Blow","floor":2},{"not_picked":["Dual Wield","Armaments"],"picked":"ReplayTheSpireMod:Limb From Limb","floor":2},{"not_picked":["Clothesline","Perfected Strike","Fiend Fire"],"picked":"SKIP","floor":3},{"not_picked":["Iron Wave","Clothesline"],"picked":"Shockwave","floor":4},{"not_picked":["Warcry","Body Slam","Perfected Strike"],"picked":"SKIP","floor":7},{"not_picked":["Iron Wave","Exhume"],"picked":"Battle Trance","floor":10},{"not_picked":["Rupture","Headbutt","Body Slam"],"picked":"SKIP","floor":12}],"player_experience":56664,"relics_obtained":[{"floor":2,"key":"Mercury Hourglass"},{"floor":9,"key":"Anchor"}],"event_choices":[{"cards_removed":["Strike_R"],"damage_healed":0,"gold_gain":0,"player_choice":"Card Removal","damage_taken":0,"max_hp_gain":0,"max_hp_loss":0,"event_name":"The Cleric","floor":5,"gold_loss":50},{"damage_healed":0,"gold_gain":0,"player_choice":"Upgraded","damage_taken":0,"max_hp_gain":0,"max_hp_loss":0,"event_name":"Upgrade Shrine","floor":11,"gold_loss":0,"cards_upgraded":["Searing Blow"]}],"is_beta":false,"boss_relics":[],"items_purged_floors":[],"is_endless":false,"potions_floor_spawned":[1,7,10,12],"killed_by":"Lagavulin","ascension_level":2}}