{"host":"g8gb5mfut2izeqt7","time":1611932937,"event":{"mods":["AchievementEnabler","BaseMod","Colored Map","Colored Powertips","DeckTracker","Minty Spire (QoL Compilation)","Permanent Neow","Quick Restart","StSLib","SuperFastMode"],"gold_per_floor":[111,71,90,103,113,113,146,146,194,207,226,237,237,237,237,237,237],"floor_reached":16,"language":"KOR","playtime":766,"items_purged":[],"score":104,"play_id":"a3ac111d-4062-48a6-ab48-1b54632f571e","local_time":"20210130000857","is_ascension_mode":false,"campfire_choices":[{"data":"Searing Blow","floor":6,"key":"SMITH"},{"data":"Searing Blow+1","floor":8,"key":"SMITH"},{"data":"Searing Blow+2","floor":15,"key":"SMITH"}],"circlet_count":0,"master_deck":["Strike_R","Strike_R","Strike_R","Strike_R","Defend_R","Defend_R","Defend_R","Defend_R","Bash","Dramatic Entrance","Pommel Strike","Twin Strike","Searing Blow+3","Infernal Blade","Double Tap","Headbutt","Thunderclap","Feed"],"relics":["Burning Blood","Meat on the Bone","Juzu Bracelet","NlothsMask"],"acts_visited":["Exordium"],"potions_floor_usage":[7,16],"damage_taken":[{"damage":0,"enemies":"Cultist","floor":1,"turns":2},{"damage":0,"enemies":"Small Slimes","floor":3,"turns":2},{"damage":6,"enemies":"Jaw Worm","floor":4,"turns":3},{"damage":22,"enemies":"Exordium Wildlife","floor":5,"turns":4},{"damage":34,"enemies":"Gremlin Nob","floor":7,"turns":5},{"damage":10,"enemies":"Looter","floor":10,"turns":2},{"damage":0,"enemies":"2 Fungi Beasts","floor":11,"turns":2},{"damage":12,"enemies":"Exordium Wildlife","floor":12,"turns":2},{"damage":62,"enemies":"The Guardian","floor":16,"turns":10}],"seed_played":"-2312356831723396198","potions_obtained":[{"floor":1,"key":"Regen Potion"},{"floor":2,"key":"BlessingOfTheForge"},{"floor":2,"key":"SteroidPotion"},{"floor":10,"key":"AttackPotion"}],"is_trial":false,"path_per_floor":["M","?","M","M","M","R","E","R","T","M","M","M","?","?","R","B"],"character_chosen":"IRONCLAD","items_purchased":[],"campfire_rested":0,"item_purchase_floors":[],"current_hp_per_floor":[80,80,80,80,64,64,50,50,50,58,64,58,58,58,58,0,0],"gold":237,"neow_bonus":"RANDOM_COLORLESS","is_daily":false,"chose_seed":false,"campfire_upgraded":3,"win_rate":0.0,"timestamp":1611932937,"path_taken":["M","?","?","M","M","R","E","R","T","M","M","M","?","?","R","BOSS"],"items_purchased_type":[],"build_version":"2020-12-22","purchased_purges":0,"victory":false,"max_hp_per_floor":[80,80,80,80,80,80,80,80,80,80,80,80,80,80,80,80,80],"card_choices":[{"not_picked":["Finesse","Impatience"],"picked":"Dramatic Entrance","floor":0},{"not_picked":["Perfected Strike","Shrug It Off"],"picked":"Pommel Strike","floor":1},{"not_picked":["Hemokinesis","Warcry"],"picked":"Twin Strike","floor":3},{"not_picked":["Reckless Charge","Warcry"],"picked":"Searing Blow","floor":4},{"not_picked":["Blood for Blood","Flex"],"picked":"Infernal Blade","floor":5},{"not_picked":["Flex","Feel No Pain"],"picked":"Double Tap","floor":7},{"not_picked":["Rupture","Infernal Blade"],"picked":"Headbutt","floor":10},{"not_picked":["Hemokinesis","Twin Strike"],"picked":"Thunderclap","floor":11},{"not_picked":["Twin Strike","Fire Breathing"],"picked":"Feed","floor":12}],"player_experience":106,"relics_obtained":[{"floor":7,"key":"Meat on the Bone"},{"floor":9,"key":"Juzu Bracelet"}],"event_choices":[{"damage_healed":0,"gold_gain":0,"player_choice":"Bought 3 Potions","damage_taken":0,"max_hp_gain":0,"max_hp_loss":0,"event_name":"The Woman in Blue","floor":2,"gold_loss":0},{"cards_removed":["Strike_R"],"damage_healed":0,"gold_gain":0,"player_choice":"Offered Basic","damage_taken":0,"max_hp_gain":0,"max_hp_loss":0,"event_name":"Bonfire Elementals","floor":13,"gold_loss":0},{"damage_healed":0,"gold_gain":0,"player_choice":"Trade","damage_taken":0,"relics_obtained":["NlothsMask"],"max_hp_gain":0,"max_hp_loss":0,"event_name":"FaceTrader","floor":14,"gold_loss":0}],"is_beta":false,"boss_relics":[],"items_purged_floors":[],"is_endless":false,"potions_floor_spawned":[1,10],"killed_by":"The Guardian","ascension_level":0}}