{"host":"pwjf0l6xyqjk5jnq","time":1611904792,"event":{"mods":["BaseMod","Hubris","Minty Spire (QoL Compilation)","Quarter Circle Forward PUNCH!","Replay The Spire","Spire Arcade","StSLib","The Construct","Wandering Minibosses"],"gold_per_floor":[14,14,14,32,50,50,83,83,107,117,117,5,5,5,5,109,109,129,44,57,74,74,100,100,134,134,134,134,216,216,242,242,314,314,332,347,357,370,370,370,404,0,0,29,29,45,45,70,70,70],"floor_reached":51,"language":"ENG","playtime":3500,"items_purged":["construct:Strike_Gold"],"score":1207,"play_id":"f8c81518-1c3d-4a82-847d-86d669f8ee76","local_time":"20210129181952","is_ascension_mode":true,"campfire_choices":[{"data":"ReplayTheSpireMod:Armaments MK-II","floor":6,"key":"SMITH"},{"data":"construct:DefenseMode","floor":11,"key":"SMITH"},{"data":"construct:ElectricArmor","floor":13,"key":"SMITH"},{"data":"construct:MetalShell","floor":24,"key":"SMITH"},{"data":"construct:SuppressiveFire","floor":28,"key":"SMITH"},{"data":"construct:ShieldBurst","floor":30,"key":"SMITH"},{"data":"construct:QuickAttack","floor":32,"key":"SMITH"},{"data":"construct:LaserCore","floor":40,"key":"SMITH"},{"data":"construct:PointDefense","floor":45,"key":"SMITH"},{"floor":47,"key":"REST"}],"circlet_count":0,"master_deck":["AscendersBane","construct:Strike_Gold+1","construct:Strike_Gold+1","construct:Strike_Gold+1","construct:Strike_Gold+1","construct:Defend_Gold+1","construct:Defend_Gold+1","construct:Defend_Gold+1","construct:Defend_Gold+1","construct:Defend_Gold+1","construct:DefenseMode+1","ReplayTheSpireMod:Armaments MK-II+1","construct:ElectricArmor+1","construct:QuickAttack+1","construct:ShieldBurst+1","construct:SuppressiveFire+1","construct:MetalShell+1","construct:MetalShell+1","construct:LaserCore+1","Parasite","construct:PointDefense+1"],"relics":["Burning Blood","qcfpunch:Red_Beret","Oddly Smooth Stone","hubris:TerracottaHorce","hubris:Spice","hubris:Towel","Turnip","qcfpunch:Broken_Tusk","Kunai","hubris:GlazedTorus","Red Mask","Lizard Tail","construct:PurpleEmber"],"acts_visited":["Exordium","TheCity","TheBeyond"],"potions_floor_usage":[7,18,20,23,50,50],"damage_taken":[{"damage":15,"enemies":"2 Louse","floor":1,"turns":3},{"damage":4,"enemies":"Small Slimes","floor":4,"turns":14},{"damage":23,"enemies":"Cultist","floor":5,"turns":5},{"damage":18,"enemies":"Lagavulin","floor":7,"turns":18},{"damage":11,"enemies":"Exordium Wildlife","floor":10,"turns":16},{"damage":5,"enemies":"Fading Forest","floor":16,"turns":11},{"damage":0,"enemies":"3 Byrds","floor":18,"turns":2},{"damage":9,"enemies":"Chosen","floor":20,"turns":5},{"damage":0,"enemies":"Centurion and Healer","floor":21,"turns":4},{"damage":16,"enemies":"Book of Stabbing","floor":23,"turns":9},{"damage":31,"enemies":"Gremlin Leader","floor":25,"turns":5},{"damage":0,"enemies":"Slavers","floor":31,"turns":1},{"damage":18,"enemies":"hubris:MusketHawk","floor":33,"turns":5},{"damage":28,"enemies":"3 Shapes","floor":35,"turns":4},{"damage":0,"enemies":"3 Darklings","floor":36,"turns":1},{"damage":39,"enemies":"4 Shapes","floor":37,"turns":12},{"damage":0,"enemies":"Writhing Mass","floor":38,"turns":9},{"damage":0,"enemies":"Giant Head","floor":41,"turns":9},{"damage":3,"enemies":"R_Hoarder","floor":44,"turns":13},{"damage":0,"enemies":"Sphere and 2 Shapes","floor":46,"turns":1},{"damage":0,"enemies":"Giant Head","floor":48,"turns":9},{"damage":0,"enemies":"Replay:Hell Engine","floor":50,"turns":12}],"seed_played":"2918088492829669896","potions_obtained":[{"floor":4,"key":"PowerPotion"},{"floor":7,"key":"Adrenaline Potion"},{"floor":16,"key":"Block Potion"},{"floor":21,"key":"Weak Potion"},{"floor":31,"key":"Elixir"},{"floor":33,"key":"FearPotion"},{"floor":49,"key":"Dexterity Potion"}],"is_trial":false,"path_per_floor":["M","?","?","M","M","R","E","?","T","M","R","$","R","?","R","B",null,"M","?","M","M","?","E","R","E","T","?","R","T","R","E","R","B",null,"M","M","M","M","?","R","E","?","T","E","R","M","R","E","R","B",null],"character_chosen":"THE_CONSTRUCT_MOD","items_purchased":["construct:QuickAttack"],"campfire_rested":1,"item_purchase_floors":[12],"current_hp_per_floor":[62,62,67,69,52,52,40,100,100,95,95,95,95,75,75,76,94,100,108,105,108,108,98,98,73,81,81,81,81,81,87,87,75,94,72,78,45,51,51,51,57,57,57,60,60,66,94,95,95,95],"gold":70,"neow_bonus":"THREE_RARE_CARDS","is_daily":false,"chose_seed":false,"campfire_upgraded":9,"win_rate":0.0,"timestamp":1611904792,"path_taken":["M","?","?","M","M","R","E","?","T","?","R","$","R","?","R","BOSS","M","?","M","M","?","E","R","E","T","?","R","?","R","E","R","BOSS","M","M","?","M","?","R","E","?","T","E","R","M","R","E","R","BOSS"],"items_purchased_type":["Card"],"build_version":"2020-12-22","purchased_purges":1,"victory":true,"max_hp_per_floor":[85,85,90,90,90,90,90,100,100,100,100,100,100,100,100,100,100,100,108,108,108,108,108,108,108,116,116,116,116,116,108,108,108,100,100,100,100,100,95,95,95,95,95,95,95,95,95,95,95,95],"card_choices":[{"not_picked":["construct:HammerDown","construct:ShieldBurst"],"picked":"construct:ClockworkEgg","floor":0},{"not_picked":["construct:FocusedBeam","construct:SyphonStrike","construct:ScopeCore"],"picked":"SKIP","floor":1},{"not_picked":["construct:Accumulate","construct:HammerDown","construct:SweepLaser"],"picked":"SKIP","floor":4},{"not_picked":["construct:SweepLaser","construct:ScrapCannon"],"picked":"construct:ElectricArmor","floor":5},{"not_picked":["construct:Chainstrike","construct:SyphonStrike","construct:FlakBarrage"],"picked":"SKIP","floor":7},{"not_picked":["construct:ForceCore","construct:Accumulate","construct:VentSteam"],"picked":"SKIP","floor":10},{"not_picked":["construct:SpinDrive","construct:Bunker"],"picked":"construct:ShieldBurst","floor":16},{"not_picked":["construct:SweepLaser","construct:Autoturret"],"picked":"construct:SuppressiveFire","floor":18},{"not_picked":["construct:VentSteam","construct:Versatility"],"picked":"construct:MetalShell","floor":20},{"not_picked":["construct:Analyze","construct:FierceBash","construct:Dampening+1"],"picked":"SKIP","floor":21},{"not_picked":["construct:Anticipate","construct:Analyze","construct:Isolate"],"picked":"SKIP","floor":23},{"not_picked":["construct:FierceBash","construct:SaveState+1","construct:VentSteam"],"picked":"SKIP","floor":25},{"not_picked":["construct:Chainstrike","construct:ModeShift","construct:SpinDrive"],"picked":"SKIP","floor":31},{"not_picked":["construct:Chainstrike","construct:ModeShift","construct:SpinDrive"],"picked":"SKIP","floor":31},{"not_picked":["construct:FocusedBeam+1","hubris:SpiceAddiction"],"picked":"construct:MetalShell+1","floor":35},{"not_picked":["hubris:SpiceAddiction","construct:Accumulate","construct:SaveState"],"picked":"SKIP","floor":36},{"not_picked":["hubris:SpiceAddiction","hubris:SpiceAddiction"],"picked":"construct:LaserCore","floor":37},{"not_picked":["construct:Versatility","construct:SyphonStrike","construct:Backfire"],"picked":"SKIP","floor":38},{"not_picked":["construct:Boost","hubris:SpiceAddiction"],"picked":"construct:PointDefense","floor":41},{"not_picked":["construct:Isolate","construct:Forcefield","construct:Synchronize"],"picked":"SKIP","floor":44},{"not_picked":["construct:ModeShift","hubris:SpiceAddiction","hubris:SpiceAddiction"],"picked":"SKIP","floor":46},{"not_picked":["construct:Autoturret","construct:OmegaCannon+1","construct:ForceCore"],"picked":"SKIP","floor":48}],"player_experience":1280432,"relics_obtained":[{"floor":7,"key":"qcfpunch:Red_Beret"},{"floor":9,"key":"Oddly Smooth Stone"},{"floor":23,"key":"Turnip"},{"floor":25,"key":"qcfpunch:Broken_Tusk"},{"floor":26,"key":"hubris:Spice"},{"floor":29,"key":"Kunai"},{"floor":31,"key":"hubris:Spice"},{"floor":41,"key":"hubris:GlazedTorus"},{"floor":43,"key":"Lizard Tail"},{"floor":44,"key":"construct:PurpleEmber"}],"event_choices":[{"damage_healed":0,"gold_gain":0,"player_choice":"Donut","damage_taken":0,"max_hp_gain":5,"max_hp_loss":0,"event_name":"Big Fish","floor":3,"gold_loss":0},{"cards_removed":["construct:ClockworkEgg"],"damage_healed":50,"gold_gain":0,"player_choice":"Offered Rare","damage_taken":0,"max_hp_gain":10,"max_hp_loss":0,"event_name":"Bonfire Elementals","floor":8,"gold_loss":0},{"damage_healed":0,"gold_gain":0,"player_choice":"Entered Light","damage_taken":20,"max_hp_gain":0,"max_hp_loss":0,"event_name":"Shining Light","floor":14,"gold_loss":0,"cards_upgraded":["construct:Strike_Gold","construct:Strike_Gold"]},{"damage_healed":0,"gold_gain":0,"player_choice":"Leave","damage_taken":0,"max_hp_gain":0,"max_hp_loss":0,"event_name":"The Cleric","floor":15,"gold_loss":0},{"damage_healed":0,"gold_gain":0,"player_choice":"Obtained Relic","damage_taken":0,"relics_obtained":["hubris:Spice"],"max_hp_gain":0,"max_hp_loss":0,"event_name":"Addict","floor":19,"gold_loss":85},{"damage_healed":0,"gold_gain":0,"player_choice":"Simplicity","damage_taken":0,"max_hp_gain":0,"max_hp_loss":0,"event_name":"Back to Basics","floor":27,"gold_loss":0,"cards_upgraded":["construct:Strike_Gold","construct:Strike_Gold","construct:Defend_Gold","construct:Defend_Gold","construct:Defend_Gold","construct:Defend_Gold","construct:Defend_Gold"]},{"damage_healed":0,"gold_gain":0,"player_choice":"Max HP","damage_taken":0,"max_hp_gain":0,"max_hp_loss":5,"event_name":"Winding Halls","floor":39,"gold_loss":0},{"damage_healed":0,"gold_gain":0,"player_choice":"Paid","damage_taken":0,"relics_obtained":["Red Mask"],"max_hp_gain":0,"max_hp_loss":0,"event_name":"Tomb of Lord Red Mask","floor":42,"gold_loss":404}],"is_beta":false,"boss_relics":[{"not_picked":["Astrolabe","Kintsugi"],"picked":"hubris:TerracottaHorce"},{"not_picked":["hubris:Spice","hubris:Spice"],"picked":"hubris:Spice"}],"items_purged_floors":[12],"is_endless":false,"potions_floor_spawned":[4,7,16,18,21,31,33,36,44,46,48],"ascension_level":12}}