{"host":"zwezhz46a5cjkxff","time":1611899815,"event":{"mods":["AchievementEnabler","BaseMod","Colored Map","Colored Powertips","DeckTracker","Hermit","Minty Spire (QoL Compilation)","Permanent Neow","Quick Restart","Rare Cards Sparkle","Relic Stats","Robot Space Explorer","StSLib","SuperFastMode","The Hierophant","The Servant 0.9.4","Weighted Paths","slay the spire mod where everything is the same but ironclad has a cowboy hat"],"gold_per_floor":[118,137,156,82,95,95,124,124,124,49,49,77,97,132,132,230,230,247,258,173,191,201,233,245,276,300,146,146,177,177,177,177,276,276,294,294,309,328,341,366,366,380,380,380,409,180,180,215,215,215,215],"floor_reached":50,"language":"ENG","playtime":4001,"items_purged":["Strike_R"],"score":746,"play_id":"a0c1b970-59cd-499f-a4b9-5e70bf643f51","local_time":"20210128235655","is_ascension_mode":true,"campfire_choices":[{"data":"Metallicize","floor":6,"key":"SMITH"},{"data":"Uppercut","floor":8,"key":"SMITH"},{"floor":11,"key":"RECALL"},{"data":"Corruption","floor":15,"key":"SMITH"},{"floor":28,"key":"REST"},{"floor":32,"key":"REST"},{"data":"Feel No Pain","floor":41,"key":"SMITH"},{"data":"Shockwave","floor":44,"key":"SMITH"},{"data":"Offering","floor":47,"key":"SMITH"},{"data":"Flame Barrier","floor":49,"key":"SMITH"}],"circlet_count":0,"master_deck":["Strike_R+1","Strike_R","Strike_R","Strike_R","Defend_R","Defend_R","Defend_R","Bash","Bludgeon+1","Shockwave+1","Flame Barrier+1","Metallicize+1","Corruption+1","Uppercut+1","Exhume","Barricade","Feel No Pain+1","Iron Wave","Body Slam+1","Impervious","Body Slam+1","Offering+1","Dark Embrace+1"],"relics":["Burning Blood","Self Forming Clay","CaptainsWheel","Torii","Pear","SlaversCollar","Calipers","Orichalcum","Molten Egg 2","Sling","Meat on the Bone","Regal Pillow","Snecko Eye","Thread and Needle","Frozen Egg 2","Bag of Preparation","Whetstone"],"acts_visited":["Exordium","TheCity","TheBeyond"],"potions_floor_usage":[12,14,16,22,23,25,33,33,50],"damage_taken":[{"damage":5,"enemies":"Small Slimes","floor":1,"turns":3},{"damage":11,"enemies":"Jaw Worm","floor":2,"turns":2},{"damage":5,"enemies":"2 Louse","floor":3,"turns":3},{"damage":34,"enemies":"Exordium Wildlife","floor":5,"turns":5},{"damage":11,"enemies":"Gremlin Nob","floor":7,"turns":4},{"damage":9,"enemies":"Lagavulin","floor":12,"turns":5},{"damage":7,"enemies":"Blue Slaver","floor":13,"turns":2},{"damage":0,"enemies":"Gremlin Nob","floor":14,"turns":4},{"damage":7,"enemies":"Slime Boss","floor":16,"turns":10},{"damage":2,"enemies":"3 Byrds","floor":18,"turns":6},{"damage":10,"enemies":"Spheric Guardian","floor":19,"turns":7},{"damage":25,"enemies":"3 Cultists","floor":21,"turns":8},{"damage":23,"enemies":"Snake Plant","floor":22,"turns":4},{"damage":30,"enemies":"Gremlin Leader","floor":23,"turns":8},{"damage":0,"enemies":"Centurion and Healer","floor":24,"turns":7},{"damage":4,"enemies":"Book of Stabbing","floor":25,"turns":8},{"damage":36,"enemies":"Gremlin Leader","floor":29,"turns":9},{"damage":41,"enemies":"Automaton","floor":33,"turns":11},{"damage":0,"enemies":"3 Darklings","floor":35,"turns":4},{"damage":0,"enemies":"3 Shapes","floor":37,"turns":6},{"damage":8,"enemies":"Sphere and 2 Shapes","floor":38,"turns":5},{"damage":2,"enemies":"Writhing Mass","floor":39,"turns":5},{"damage":1,"enemies":"Giant Head","floor":40,"turns":6},{"damage":7,"enemies":"3 Darklings","floor":42,"turns":4},{"damage":0,"enemies":"Nemesis","floor":45,"turns":9},{"damage":6,"enemies":"Giant Head","floor":48,"turns":4},{"damage":84,"enemies":"Awakened One","floor":50,"turns":11}],"seed_played":"-6780386498898528714","potions_obtained":[{"floor":1,"key":"Swift Potion"},{"floor":3,"key":"DistilledChaos"},{"floor":5,"key":"Energy Potion"},{"floor":14,"key":"Regen Potion"},{"floor":19,"key":"FearPotion"},{"floor":22,"key":"EssenceOfSteel"},{"floor":24,"key":"ColorlessPotion"},{"floor":29,"key":"FearPotion"},{"floor":37,"key":"Swift Potion"},{"floor":40,"key":"Regen Potion"},{"floor":42,"key":"Strength Potion"},{"floor":45,"key":"LiquidBronze"}],"is_trial":false,"path_per_floor":["M","M","M","$","M","R","E","R","T","$","R","E","M","E","R","B",null,"M","M","?","M","M","E","M","E","T","$","R","E","T","?","R","B",null,"M","?","M","M","M","E","R","M","T","R","E","$","R","E","R","B"],"character_chosen":"IRONCLAD","items_purchased":["Metallicize","Sling","Offering","Dark Embrace+1"],"campfire_rested":2,"item_purchase_floors":[4,27,46,46],"current_hp_per_floor":[72,67,68,68,40,40,35,35,35,35,35,32,31,47,47,61,82,82,78,78,59,42,18,24,26,26,26,50,20,20,20,59,36,82,82,82,82,80,82,82,82,81,81,81,82,82,82,82,82,0,0],"gold":215,"neow_bonus":"THREE_RARE_CARDS","is_daily":false,"chose_seed":false,"campfire_upgraded":7,"win_rate":0.0,"timestamp":1611899815,"path_taken":["M","M","M","$","M","R","E","R","T","$","R","E","M","E","R","BOSS","M","M","?","M","M","E","M","E","T","$","R","E","?","?","R","BOSS","M","?","M","M","M","E","R","M","T","R","E","$","R","E","R","BOSS"],"items_purchased_type":["Card","Relic","Card","Card"],"build_version":"2020-12-22","purchased_purges":1,"victory":false,"max_hp_per_floor":[72,72,72,72,72,72,72,72,72,72,72,72,72,82,82,82,82,82,82,82,82,82,82,82,82,82,82,82,82,82,82,82,82,82,82,82,82,82,82,82,82,82,82,82,82,82,82,82,82,82,82],"relic_stats":{"Regal Pillow":15,"Torii":49,"counters":[27,160],"Self Forming Clay":[153],"Snecko Eye":[104,81,90,104],"Bag of Preparation":[4],"Whetstone":["Bludgeon","Strike_R"],"Orichalcum":[12],"obtain_stats":[{"Regal Pillow":30,"Pear":14,"Calipers":20,"Torii":12,"Self Forming Clay":7,"Thread and Needle":40,"Bag of Preparation":45,"Whetstone":48,"Orichalcum":23,"Frozen Egg 2":43,"Sling":27,"Burning Blood":0,"SlaversCollar":17,"CaptainsWheel":9,"Snecko Eye":34,"Molten Egg 2":25,"Meat on the Bone":29},{"Regal Pillow":17,"Pear":8,"Calipers":11,"Torii":6,"Self Forming Clay":5,"Thread and Needle":23,"Bag of Preparation":25,"Whetstone":26,"Orichalcum":14,"Frozen Egg 2":24,"Sling":16,"Burning Blood":0,"SlaversCollar":9,"CaptainsWheel":5,"Snecko Eye":18,"Molten Egg 2":16,"Meat on the Bone":17},{"Regal Pillow":95,"Pear":28,"Calipers":51,"Torii":22,"Self Forming Clay":17,"Thread and Needle":132,"Bag of Preparation":145,"Whetstone":149,"Orichalcum":71,"Frozen Egg 2":136,"Sling":86,"Burning Blood":0,"SlaversCollar":38,"CaptainsWheel":17,"Snecko Eye":106,"Molten Egg 2":86,"Meat on the Bone":95}],"Burning Blood":127,"Meat on the Bone":12},"card_choices":[{"not_picked":["Exhume","Berserk"],"picked":"Bludgeon","floor":0},{"not_picked":["Sever Soul","Wild Strike"],"picked":"Shockwave","floor":1},{"not_picked":["Pommel Strike","Heavy Blade"],"picked":"Flame Barrier","floor":2},{"not_picked":["Combust","Sever Soul","Twin Strike"],"picked":"SKIP","floor":3},{"not_picked":["Heavy Blade","True Grit"],"picked":"Corruption","floor":5},{"not_picked":["Cleave","Fire Breathing"],"picked":"Uppercut","floor":7},{"not_picked":["Pummel","Rage"],"picked":"Exhume","floor":12},{"not_picked":["Clothesline","Blood for Blood","Havoc"],"picked":"SKIP","floor":13},{"not_picked":["True Grit","Cleave","Warcry"],"picked":"SKIP","floor":14},{"not_picked":["Corruption","Double Tap"],"picked":"Barricade","floor":16},{"not_picked":["Heavy Blade+1","Clash","Rage"],"picked":"SKIP","floor":18},{"not_picked":["True Grit","Dual Wield"],"picked":"Armaments","floor":19},{"not_picked":["Anger","Hemokinesis","Warcry"],"picked":"SKIP","floor":21},{"not_picked":["Burning Pact","Havoc"],"picked":"Feel No Pain","floor":22},{"not_picked":["Fire Breathing","Warcry"],"picked":"Iron Wave","floor":23},{"not_picked":["Hemokinesis","Thunderclap","Rampage+1"],"picked":"SKIP","floor":24},{"not_picked":["Dual Wield+1","Rupture+1","Rampage+1"],"picked":"SKIP","floor":25},{"not_picked":["Uppercut+1","Rupture+1"],"picked":"Body Slam+1","floor":29},{"not_picked":["Corruption","Reaper+1"],"picked":"Impervious","floor":33},{"not_picked":["Flex+1","Sentinel+1","Clash+1"],"picked":"SKIP","floor":35},{"not_picked":["Anger+1","Sword Boomerang+1"],"picked":"Body Slam+1","floor":37},{"not_picked":["Wild Strike+1","Combust+1","Bloodletting"],"picked":"SKIP","floor":38},{"not_picked":["Perfected Strike+1","Clash+1","Thunderclap+1"],"picked":"SKIP","floor":39},{"not_picked":["Hemokinesis+1","Double Tap","Whirlwind+1"],"picked":"SKIP","floor":40},{"not_picked":["Clothesline+1","True Grit","Armaments"],"picked":"SKIP","floor":42},{"not_picked":["Sentinel+1","Bloodletting","Wild Strike+1"],"picked":"SKIP","floor":45},{"not_picked":["Clash+1","Armaments","Evolve+1"],"picked":"SKIP","floor":48}],"player_experience":42724,"relics_obtained":[{"floor":7,"key":"Self Forming Clay"},{"floor":9,"key":"CaptainsWheel"},{"floor":12,"key":"Torii"},{"floor":14,"key":"Pear"},{"floor":23,"key":"Orichalcum"},{"floor":25,"key":"Molten Egg 2"},{"floor":29,"key":"Meat on the Bone"},{"floor":30,"key":"Regal Pillow"},{"floor":40,"key":"Thread and Needle"},{"floor":43,"key":"Frozen Egg 2"},{"floor":45,"key":"Bag of Preparation"},{"floor":48,"key":"Whetstone"}],"event_choices":[{"damage_healed":0,"gold_gain":0,"player_choice":"Obtained Relic","damage_taken":0,"relics_obtained":["Calipers"],"max_hp_gain":0,"max_hp_loss":0,"event_name":"Addict","floor":20,"gold_loss":85},{"cards_removed":["Defend_R"],"damage_healed":0,"gold_gain":0,"player_choice":"Elegance","damage_taken":0,"max_hp_gain":0,"max_hp_loss":0,"event_name":"Back to Basics","floor":31,"gold_loss":0},{"cards_removed":["Armaments"],"damage_healed":0,"gold_gain":0,"player_choice":"Removed Skill","damage_taken":0,"max_hp_gain":0,"max_hp_loss":0,"event_name":"Falling","floor":36,"gold_loss":0}],"is_beta":false,"boss_relics":[{"not_picked":["Empty Cage","Runic Dome"],"picked":"SlaversCollar"},{"not_picked":["Coffee Dripper","Mark of Pain"],"picked":"Snecko Eye"}],"items_purged_floors":[10],"is_endless":false,"potions_floor_spawned":[1,3,5,14,19,22,24,29,37,40,42,45],"killed_by":"Awakened One","ascension_level":1}}