{"host":"71m6b5pyuze2esq2","time":1611946901,"event":{"mods":["2.2 Compatiblity","A Penny For Your Troubles","AchievementEnabler","Act Like it!","Aspiration","Astrologer","BaseMod","Better Debug","Better Note","Better Sensory Stone","Better Third Choice","CapriCore","Chat Monstrosity","Colored Powertips","Conjunction","Conspire","Defective Defect","Dota2Spire","Downfall","EXCEPTION","Ekko","Elementarium","Energized Spire","Friendly Minions","Gensokyo","GifTheSpireLib","Googly Eyes","Halation","Hallownest","Hermit","HexUI Lib","HololiveMod","Hubris","Infinite Spire","Ironclad Rager","Jedi Mod","Jess\u0027s Bottle","Mad Scientist","Marisa（霧雨　魔理沙）","Melee Mod","Menagerie","Mimic Mod","Minty Spire (QoL Compilation)","Morshu Shopkeeper","Permanent Neow","Poor People Problems","Quarter Circle Forward PUNCH!","Random Character Button","Rare Cards Sparkle","RatMod","Reliquary","Replay The Spire","Robot Space Explorer","Ryuuou龙王","Shade Mod","Shedinja","Shop Mod","Small Relic Pack","Somnambulant","Spicy Shops","Spikes Relics","Spire Arcade","StS++","StSLib","The Animator","The Blackbeard","The Bladedancer","The Blue Laboratory","The Bug Knight","The Construct","The Cursed","The Dragon Tamer","The Edgeheg","The Elementalist","The Gatherer","The Hayseed","The Hierophant","The Immortal","The Mystic","The Necromancer","The Poker Player","The Runesmith","The Servant 0.9.4","The Valiant","The Wild Card","TheFirefly","Trackpad","Uncapped","Useless Jewels Mod","Virulent Crown","Waifu the Spire","Wandering Minibosses","WarShipGirlsR/战舰少女R mod","Wide Potions","egg","everything is the same but u backflip on backflip","slay the spire mod where everything is the same but ironclad has a cowboy hat"],"gold_per_floor":[20,37,37,10,24,56,56,56,56,275,275,285,285,285,302,315,315,418,418,437,437,451,451,451],"floor_reached":23,"language":"ENG","playtime":2062,"items_purged":[],"score":193,"play_id":"47fffd39-d859-4c6a-bb05-6919646ffba9","local_time":"20210129130141","is_ascension_mode":false,"campfire_choices":[{"floor":7,"key":"RECALL"},{"floor":17,"key":"REST"}],"circlet_count":0,"master_deck":["Strike_G","Strike_G","Strike_G","Defend_G","Defend_G","Defend_G+1","Neutralize","InfectiousVector+1","relicPack:TruthCard","theWildCard:FuelForTheFire+1","Runesmith:DuctTape","Bane","jedi:studyshivs","rat:EchoingStrikes","Deflect+1","jedi:unstablefumes","Prepared","Burst","All Out Attack","Outmaneuver"],"relics":["Ring of the Snake","qcfpunch:Fighting_Gloves","relicPack:EdsArm","jedi:heavyjacket","halation:PinkSoulGem","hubris:Icosahedron","StSpp:Magatama"],"acts_visited":["Gensokyo:Gensokyo","TheCity"],"potions_floor_usage":[5,6,15],"damage_taken":[{"damage":0,"enemies":"Gensokyo:Gryphon","floor":1,"turns":5},{"damage":0,"enemies":"Gensokyo:3_Fairies","floor":2,"turns":3},{"damage":12,"enemies":"Gensokyo:2_Kodama","floor":5,"turns":4},{"damage":16,"enemies":"Gensokyo:Mamizou","floor":6,"turns":9},{"damage":21,"enemies":"Gensokyo:LivingMonolith","floor":10,"turns":5},{"damage":0,"enemies":"Gensokyo:3_Kodama","floor":12,"turns":1},{"damage":9,"enemies":"Gensokyo:Kitsune","floor":15,"turns":3},{"damage":1,"enemies":"Gensokyo:LivingMonolith","floor":16,"turns":3},{"damage":17,"enemies":"Gensokyo:Reimu","floor":18,"turns":10},{"damage":42,"enemies":"Spheric Guardian","floor":20,"turns":6},{"damage":9,"enemies":"3 Byrds","floor":22,"turns":6},{"damage":18,"enemies":"conspire:HollyBat","floor":23,"turns":5}],"seed_played":"-3581626721061023040","potions_obtained":[{"floor":1,"key":"Poison Potion"},{"floor":5,"key":"blueLaboratory:NullPotion"},{"floor":10,"key":"Languid Potion"},{"floor":18,"key":"blueLaboratory:Moonshine"},{"floor":22,"key":"blueLaboratory:EnvenomedCoating"}],"is_trial":false,"path_per_floor":["M","M","?","COS","M","E","R","?","T","M","?","M","PTL","PTL","M","M","R","B",null,"M","?","M","M"],"character_chosen":"THE_SILENT","items_purchased":[],"campfire_rested":1,"item_purchase_floors":[],"current_hp_per_floor":[70,70,65,65,53,37,37,37,37,16,16,16,16,16,7,6,25,8,65,23,23,14,0,0],"gold":451,"neow_bonus":"ONE_RARE_RELIC","is_daily":false,"chose_seed":false,"campfire_upgraded":0,"win_rate":0.0,"timestamp":1611946901,"path_taken":["M","M","?","COS","M","E","R","?","T","?","?","M","PTL","PTL","?","?","R","BOSS","M","?","?","M"],"items_purchased_type":[],"build_version":"2020-12-22","purchased_purges":0,"victory":false,"max_hp_per_floor":[70,70,65,65,65,65,65,65,65,65,65,65,65,65,65,65,65,65,65,65,65,65,65,65],"card_choices":[{"not_picked":["jedi:collectorvenom","Prepared"],"picked":"InfectiousVector","floor":1},{"not_picked":["Endless Agony","Sucker Punch"],"picked":"Bouncing Flask","floor":2},{"not_picked":["Outmaneuver","Backflip"],"picked":"Bane","floor":5},{"not_picked":["Poisoned Stab","rat:SiphonBlood"],"picked":"jedi:studyshivs","floor":6},{"not_picked":["rat:ColdBlood","Outmaneuver"],"picked":"rat:EchoingStrikes","floor":10},{"not_picked":["Blade Dance","Underhanded Strike"],"picked":"Deflect","floor":12},{"not_picked":["rat:RuptureArtery","Terror"],"picked":"jedi:unstablefumes","floor":15},{"not_picked":["conspire:DoublingDagger","Hidden Blade"],"picked":"Prepared","floor":16},{"not_picked":["Replay:Bag of Tricks","Wraith Form v2"],"picked":"Burst","floor":18},{"not_picked":["Calculated Gamble","rat:Garrote"],"picked":"All Out Attack","floor":20},{"not_picked":["rat:DextrousStrike","Dagger Throw"],"picked":"Outmaneuver","floor":22}],"player_experience":524321,"relics_obtained":[{"floor":6,"key":"jedi:heavyjacket"}],"event_choices":[{"cards_removed":["jedi:gatheringstorm"],"damage_healed":0,"gold_gain":0,"player_choice":"Purged","damage_taken":0,"max_hp_gain":0,"max_hp_loss":0,"event_name":"Purifier","floor":21,"gold_loss":0}],"is_beta":false,"boss_relics":[{"not_picked":["Velvet Choker","energizedSpire:RedRose"],"picked":"StSpp:Magatama"}],"items_purged_floors":[],"is_endless":false,"potions_floor_spawned":[1,5,10,18,22],"killed_by":"conspire:HollyBat","ascension_level":0}}