{"host":"ygr55oy7qe9vv2jr","time":1611918819,"event":{"mods":["BaseMod","Better Third Choice","Downfall","Minty Spire (QoL Compilation)","Replay The Spire","StSLib"],"gold_per_floor":[99,116,132,63,63,78,78,78,92,106,133,162,162,172,185,283,283,283,299,309,309,147,147,202,202,212,212,240,251,280,297,309,411,411,311,329,346,346,361,396,472,135,146,174,174,174,207,223,223,223,234,234],"floor_reached":53,"language":"ENG","playtime":3463,"items_purged":["bronze:Strike","bronze:Strike"],"score":831,"play_id":"15d0f103-7c08-4e8b-ae39-aa3870284769","local_time":"20210129051339","is_ascension_mode":true,"campfire_choices":[{"data":"bronze:Goto","floor":1.0,"key":"SMITH"},{"data":"bronze:FineTuning","floor":8.0,"key":"SMITH"},{"floor":13,"key":"REST"},{"data":"bronze:Format","floor":18,"key":"SMITH"},{"data":"bronze:FollowUp","floor":23,"key":"SMITH"},{"floor":27,"key":"REST"},{"data":"bronze:HardenedForm","floor":35,"key":"SMITH"},{"data":"bronze:Fortify","floor":49,"key":"SMITH"}],"circlet_count":0,"master_deck":["bronze:Defend+1","bronze:Defend","bronze:Defend","bronze:Defend","bronze:Replicate+1","bronze:Goto+1","bronze:OilSpill","bronze:Branch","bronze:FineTuning+1","bronze:Flail","bronze:Repair","bronze:Overheat","bronze:Format+1","bronze:Boost","bronze:WhirlingStrike+1","bronze:FollowUp+1","Pot Of Greed","Pot Of Greed","bronze:Verify","bronze:HardenedForm+1","bronze:Fortify+1"],"relics":["bronze:BronzeCore","Bottled Flame","Odd Mushroom","Nunchaku","expansioncontent:StudyCardRelic","Grinning Jar","Pet Ghost","Replay:Wax Seal","Philosopher\u0027s Stone","downfall:HeartBlessingGreen","Replay:Bottled Snecko","bronze:CableSpool","Happy Flower","Vajra","Omamori","Ring of Peace","Ring of Fury"],"acts_visited":["Exordium","TheCity","TheBeyond"],"potions_floor_usage":[12,16,28,30,33,40,52,52,52],"damage_taken":[{"damage":1.0,"enemies":"Cultist","floor":2.0,"turns":3.0},{"damage":5.0,"enemies":"Small Slimes","floor":3.0,"turns":4.0},{"damage":0.0,"enemies":"downfall:FleeingMerchant","floor":4.0,"turns":4.0},{"damage":0.0,"enemies":"2 Louse","floor":6.0,"turns":2.0},{"damage":7.0,"enemies":"Blue Slaver","floor":9.0,"turns":2.0},{"damage":11.0,"enemies":"Large Slime","floor":10.0,"turns":4.0},{"damage":9,"enemies":"The Mushroom Lair","floor":11,"turns":4},{"damage":14,"enemies":"Replay:BlueRogue","floor":12,"turns":4},{"damage":0,"enemies":"Lots of Slimes","floor":14,"turns":1},{"damage":2,"enemies":"Blue Slaver","floor":15,"turns":3},{"damage":38,"enemies":"WA_ARCHETYPE_RETAIN","floor":16,"turns":7},{"damage":0,"enemies":"Spheric Guardian","floor":19,"turns":3},{"damage":0,"enemies":"3 Byrds","floor":20,"turns":3},{"damage":7,"enemies":"downfall:FleeingMerchant","floor":22,"turns":4},{"damage":10,"enemies":"Snecko","floor":26,"turns":4},{"damage":17,"enemies":"Book of Stabbing","floor":28,"turns":4},{"damage":10,"enemies":"Snake Plant","floor":29,"turns":4},{"damage":10,"enemies":"Gremlin Leader","floor":30,"turns":5},{"damage":0,"enemies":"Sentry and Sphere","floor":31,"turns":3},{"damage":5,"enemies":"Cultist and Chosen","floor":32,"turns":4},{"damage":36,"enemies":"SI_MIRROR_ARCHETYPE","floor":33,"turns":9},{"damage":0,"enemies":"Orb Walker","floor":36,"turns":3},{"damage":10,"enemies":"3 Darklings","floor":37,"turns":2},{"damage":16,"enemies":"Writhing Mass","floor":39,"turns":6},{"damage":25,"enemies":"Reptomancer","floor":40,"turns":4},{"damage":0,"enemies":"downfall:FleeingMerchant","floor":42,"turns":4},{"damage":0,"enemies":"Spire Growth","floor":43,"turns":3},{"damage":0,"enemies":"Giant Head","floor":44,"turns":8},{"damage":10,"enemies":"Reptomancer","floor":47,"turns":6},{"damage":0,"enemies":"Transient","floor":48,"turns":5},{"damage":0,"enemies":"Maw","floor":51,"turns":5},{"damage":31,"enemies":"DF_ARCHETYPE_ORBS","floor":52,"turns":6}],"seed_played":"6347429096134614390","potions_obtained":[{"floor":2.0,"key":"PowerPotion"},{"floor":6.0,"key":"bronze:FreeFunctionsPotion"},{"floor":10.0,"key":"Venom Potion"},{"floor":12,"key":"LiquidMemories"},{"floor":20,"key":"Strength Potion"},{"floor":29,"key":"sneckomod:MuddlingPotion"},{"floor":31,"key":"Milkshake"},{"floor":37,"key":"ColorlessPotion"}],"is_trial":false,"path_per_floor":["R","M","M","$","?","M","T","R","M","M","?","E","R","M","M","B",null,"R","M","M","?","$","R","T","?","M","R","E","M","E","M","M","B",null,"R","M","M","?","M","E","T","$","M","E","PTL","PTL","E","M","R","?","M","B",null],"character_chosen":"THE_AUTOMATON","items_purchased":["bronze:FineTuning","bronze:FollowUp","Happy Flower","DuplicationPotion"],"campfire_rested":2,"item_purchase_floors":[4,22,42,42],"current_hp_per_floor":[70,69,64,64,64,64,64,64,57,54,53,39,60,60,65,34,70,70,70,70,70,63,63,63,55,53,70,53,50,47,54,57,28,70,70,70,67,67,54,29,29,36,43,50,50,50,47,54,54,54,61,37],"gold":234,"neow_bonus":"UPGRADE_CARD","is_daily":false,"chose_seed":false,"campfire_upgraded":6,"win_rate":0.0,"timestamp":1611918819,"path_taken":["R","M","M","?","?","M","T","R","M","?","?","E","R","M","M","BOSS","R","M","M","?","$","R","T","?","M","R","E","M","E","M","M","BOSS","R","M","?","?","M","E","T","$","M","E","PTL","PTL","E","?","R","?","M","BOSS"],"items_purchased_type":["Card","Card","Relic","Potion"],"build_version":"2020-12-22","purchased_purges":2,"victory":true,"max_hp_per_floor":[70,70,70,70,70,70,70,70,70,70,70,70,70,70,70,70,70,70,70,70,70,70,70,70,70,70,70,70,70,70,70,70,70,70,70,70,70,70,70,70,70,70,70,70,70,70,70,70,70,70,70,70],"card_choices":[{"not_picked":["bronze:BitShift","bronze:BuggyMess","bronze:Return"],"picked":"SKIP","floor":2.0},{"not_picked":["bronze:Separator","bronze:DelayedGuard"],"picked":"bronze:OilSpill","floor":3.0},{"not_picked":["bronze:DelayedSlice","bronze:CutThrough"],"picked":"bronze:Branch","floor":4.0},{"not_picked":["bronze:FineTuning","bronze:CutThrough"],"picked":"bronze:Flail","floor":6.0},{"not_picked":["bronze:DelayedGuard","bronze:Terminator"],"picked":"bronze:Repair","floor":9.0},{"not_picked":["bronze:BuggyMess","bronze:Invalidate"],"picked":"bronze:Overheat","floor":10.0},{"not_picked":["bronze:DelayedGuard","bronze:DigitalCarnage","bronze:Repulsor"],"picked":"SKIP","floor":12},{"not_picked":["bronze:Separator","bronze:Flail","bronze:CloningBeam"],"picked":"SKIP","floor":14},{"not_picked":["bronze:Shield","bronze:Separator","bronze:Safeguard"],"picked":"SKIP","floor":15},{"not_picked":["bronze:Mutator","bronze:Assembly"],"picked":"bronze:Format","floor":16},{"not_picked":["bronze:Branch","bronze:BronzeArmor","bronze:Overload"],"picked":"SKIP","floor":19},{"not_picked":["bronze:Overload","bronze:BugBarrage"],"picked":"bronze:Boost","floor":20},{"not_picked":["bronze:Safeguard","bronze:DelayedSlice"],"picked":"bronze:WhirlingStrike+1","floor":22},{"not_picked":["bronze:Overload+1","bronze:ItsAFeature","bronze:DelayedSlice+1"],"picked":"SKIP","floor":26},{"not_picked":["bronze:Overheat+1","bronze:WildBeam"],"picked":"bronze:Verify","floor":28},{"not_picked":["bronze:OilSpill","bronze:NullPointer","bronze:ChildClass"],"picked":"SKIP","floor":29},{"not_picked":["bronze:Separator","bronze:Iterate","bronze:CloningBeam+1"],"picked":"SKIP","floor":30},{"not_picked":["bronze:WhirlingStrike","bronze:Separator","bronze:DarkDash"],"picked":"SKIP","floor":31},{"not_picked":["bronze:Frontload","bronze:Turbo","bronze:DelayedSlice"],"picked":"SKIP","floor":32},{"not_picked":["bronze:RecursiveStrike","bronze:Format"],"picked":"bronze:HardenedForm","floor":33},{"not_picked":["bronze:Turbo+1","bronze:BugBarrage","bronze:OilSpill+1"],"picked":"SKIP","floor":36},{"not_picked":["bronze:CutThrough","bronze:OilSpill","bronze:DelayedGuard+1"],"picked":"SKIP","floor":37},{"not_picked":["bronze:RecursiveStrike","bronze:Shell","bronze:Frontload"],"picked":"SKIP","floor":39},{"not_picked":["bronze:DigitalCarnage","bronze:Safeguard+1","bronze:Iterate"],"picked":"SKIP","floor":40},{"not_picked":["bronze:DelayedSlice+1","bronze:FineTuning+1","bronze:BronzeOrb"],"picked":"SKIP","floor":42},{"not_picked":["bronze:Turbo+1","bronze:Separator"],"picked":"bronze:Fortify","floor":43},{"not_picked":["bronze:WhirlingStrike+1","bronze:Virus","bronze:GetLatest"],"picked":"SKIP","floor":44},{"not_picked":["bronze:Overload","bronze:Shell","bronze:ForceShield"],"picked":"SKIP","floor":47},{"not_picked":["bronze:ItsAFeature","bronze:Optimize","bronze:BitShift"],"picked":"SKIP","floor":48},{"not_picked":["bronze:Return","bronze:BuggyMess","bronze:CutThrough"],"picked":"SKIP","floor":51}],"player_experience":810350,"relics_obtained":[{"floor":7.0,"key":"Bottled Flame"},{"floor":11,"key":"Odd Mushroom"},{"floor":12,"key":"Nunchaku"},{"floor":24,"key":"Grinning Jar"},{"floor":28,"key":"Pet Ghost"},{"floor":30,"key":"Replay:Wax Seal"},{"floor":40,"key":"Replay:Bottled Snecko"},{"floor":41,"key":"bronze:CableSpool"},{"floor":44,"key":"Vajra"},{"floor":47,"key":"Omamori"},{"floor":50,"key":"Ring of Peace"},{"floor":50,"key":"Ring of Fury"}],"event_choices":[{"damage_healed":0,"gold_gain":0,"player_choice":"Fought Mushrooms","damage_taken":0,"max_hp_gain":0,"max_hp_loss":0,"event_name":"Mushrooms","floor":11,"gold_loss":0},{"damage_healed":0,"gold_gain":0,"player_choice":"Ignored","damage_taken":0,"max_hp_gain":0,"max_hp_loss":0,"event_name":"Ghosts","floor":21,"gold_loss":0}],"is_beta":false,"boss_relics":[{"not_picked":["Snecko Heart","SacredBark"],"picked":"expansioncontent:StudyCardRelic"},{"not_picked":["Kintsugi","Tiny House"],"picked":"Philosopher\u0027s Stone"}],"items_purged_floors":[22,42],"is_endless":false,"potions_floor_spawned":[2,6,10,11,12,14,20,26,29,31,32,37,43,44,47,51],"ascension_level":1}}