{"host":"drjz7zl15rqtgg20","time":1611888715,"event":{"mods":["BaseMod","Downfall","Minty Spire (QoL Compilation)","StSLib"],"gold_per_floor":[99,99,117,117,117,17,17,37,64,84,119,129,39,58,72,170,170,170,189,209,225,225,225,250,261,261,110,123,157,57,74,86,86,86,86],"floor_reached":33,"language":"ENG","playtime":2655,"items_purged":["hexamod:Strike","hexamod:Strike"],"score":304,"play_id":"f962feb7-38aa-4489-a764-a9d83fbd516b","local_time":"20210128215155","is_ascension_mode":false,"campfire_choices":[{"floor":1,"key":"RECALL"},{"data":"hexamod:Float","floor":6,"key":"SMITH"},{"data":"hexamod:SearingWound","floor":18,"key":"SMITH"},{"data":"hexamod:Defend","floor":23,"key":"PURGE"},{"data":"hexamod:InspiringFlames","floor":30,"key":"SMITH"}],"circlet_count":0,"master_deck":["hexamod:Strike","hexamod:Strike","hexamod:Defend","hexamod:Defend","hexamod:Defend","hexamod:Sear+1","hexamod:Float+1","hexamod:SpectersWail","hexamod:FirstSeal","hexamod:ChargedBarrage","hexamod:TimeOfNeed","hexamod:InspiringFlames+1","hexamod:BacktrackSmack","hexamod:Hexaguard","hexamod:Incineration","hexamod:SearingWound+1","hexamod:Again","hexamod:SkipABeat","hexamod:ExtraCrispy","hexamod:BurningTouch+1"],"relics":["hexamod:SpiritBrand","downfall:HeartBlessingRed","hexamod:MatchstickCase","Peace Pipe","Odd Mushroom","MealTicket","Sozu","Regal Pillow","InkBottle","downfall:HeartBlessingBlue"],"acts_visited":["Exordium","TheCity"],"potions_floor_usage":[27,29],"damage_taken":[{"damage":0,"enemies":"2 Louse","floor":3,"turns":3},{"damage":0,"enemies":"Small Slimes","floor":8,"turns":3},{"damage":26,"enemies":"Lagavulin","floor":9,"turns":6},{"damage":11,"enemies":"The Mushroom Lair","floor":10,"turns":4},{"damage":7,"enemies":"Gremlin Nob","floor":11,"turns":3},{"damage":1,"enemies":"Jaw Worm","floor":12,"turns":3},{"damage":0,"enemies":"downfall:FleeingMerchant","floor":13,"turns":4},{"damage":6,"enemies":"Exordium Wildlife","floor":14,"turns":3},{"damage":0,"enemies":"Gremlin Gang","floor":15,"turns":3},{"damage":16,"enemies":"SI_SHIV_ARCHETYPE","floor":16,"turns":7},{"damage":0,"enemies":"Spheric Guardian","floor":19,"turns":3},{"damage":2,"enemies":"Shell Parasite","floor":20,"turns":3},{"damage":4,"enemies":"Shelled Parasite and Fungi","floor":21,"turns":4},{"damage":0,"enemies":"Cultist and Chosen","floor":25,"turns":3},{"damage":0,"enemies":"downfall:FleeingMerchant","floor":27,"turns":4},{"damage":16,"enemies":"Snecko","floor":28,"turns":6},{"damage":32,"enemies":"Gremlin Leader","floor":29,"turns":6},{"damage":5,"enemies":"Chosen and Byrds","floor":31,"turns":4},{"damage":10,"enemies":"Shelled Parasite and Fungi","floor":32,"turns":4},{"damage":39,"enemies":"DF_ARCHETYPE_CLAW","floor":33,"turns":5}],"seed_played":"-3854755512891849582","potions_obtained":[{"floor":8,"key":"SkillPotion"},{"floor":10,"key":"Energy Potion"},{"floor":11,"key":"Dexterity Potion"}],"is_trial":false,"path_per_floor":["R","?","M","?","?","R","T","M","E","?","E","M","$","M","M","B",null,"R","M","M","M","?","R","T","M","?","$","M","E","R","M","M","B"],"character_chosen":"THE_SPIRIT","items_purchased":["hexamod:ExtraCrispy"],"campfire_rested":0,"item_purchase_floors":[27],"current_hp_per_floor":[77,77,77,70,70,70,70,77,58,54,54,60,75,76,77,68,77,77,77,75,77,77,77,77,77,77,77,61,36,46,48,45,6,6,6],"gold":86,"neow_bonus":"TEN_PERCENT_HP_BONUS","is_daily":false,"chose_seed":false,"campfire_upgraded":3,"win_rate":0.0,"timestamp":1611888715,"path_taken":["R","?","M","?","?","R","T","M","E","?","E","M","?","?","M","BOSS","R","M","M","M","?","R","T","?","?","$","M","E","R","M","M","BOSS"],"items_purchased_type":["Card"],"build_version":"2020-12-22","purchased_purges":2,"victory":false,"max_hp_per_floor":[77,77,77,77,77,77,77,77,77,77,77,77,77,77,77,77,77,77,77,77,77,77,77,77,77,77,77,77,77,87,87,87,87,87,87],"card_choices":[{"not_picked":["hexamod:NightmareStrike","hexamod:Hexaguard"],"picked":"hexamod:SpectersWail","floor":3},{"not_picked":["hexamod:ShieldOfDarkness","hexamod:ThirdSeal"],"picked":"hexamod:ChargedBarrage","floor":8},{"not_picked":["hexamod:ChargedBarrage","hexamod:BurningTouch"],"picked":"hexamod:TimeOfNeed","floor":9},{"not_picked":["hexamod:ChargedBarrage","hexamod:RecurringNightmare"],"picked":"hexamod:InspiringFlames","floor":10},{"not_picked":["hexamod:NightmareGuise","hexamod:TurnItUp","hexamod:SpectralAdrenaline"],"picked":"SKIP","floor":11},{"not_picked":["hexamod:FirstSeal","hexamod:RetreatToShadows","hexamod:GhostShield"],"picked":"SKIP","floor":12},{"not_picked":["hexamod:Incineration","hexamod:ChargedBarrage"],"picked":"hexamod:BacktrackSmack","floor":13},{"not_picked":["hexamod:GhostShield","hexamod:NecessarySacrifice"],"picked":"hexamod:Hexaguard","floor":14},{"not_picked":["hexamod:GhostShield","hexamod:UnlimitedPower"],"picked":"hexamod:Incineration","floor":15},{"not_picked":["hexamod:FifthSeal","hexamod:UnleashSpirits"],"picked":"hexamod:SearingWound","floor":16},{"not_picked":["hexamod:RadiantFlame","hexamod:Hexaguard","hexamod:GhostShield"],"picked":"SKIP","floor":19},{"not_picked":["hexamod:CatchUp","hexamod:NightmareGuise+1"],"picked":"hexamod:Again","floor":20},{"not_picked":["hexamod:Incineration","hexamod:GhostflameBarrier","hexamod:FourthSeal"],"picked":"SKIP","floor":21},{"not_picked":["hexamod:NightmareGuise","hexamod:ChargedBarrage","hexamod:BacktrackSmack"],"picked":"SKIP","floor":25},{"not_picked":["hexamod:NightmareGuise","hexamod:FourthSeal"],"picked":"hexamod:SkipABeat","floor":27},{"not_picked":["hexamod:GhostOfSpirePresent","hexamod:ThermalTransfer"],"picked":"hexamod:BurningTouch+1","floor":28},{"not_picked":["hexamod:SpectralAdrenaline","hexamod:RainOfEmbers","hexamod:Haunt"],"picked":"SKIP","floor":29},{"not_picked":["hexamod:BacktrackSmack","hexamod:GhostShield+1","hexamod:BurningTouch"],"picked":"SKIP","floor":31},{"not_picked":["hexamod:GhostLash+1","hexamod:SkipABeat","hexamod:RecurringNightmare"],"picked":"SKIP","floor":32}],"player_experience":612563,"relics_obtained":[{"floor":7,"key":"hexamod:MatchstickCase"},{"floor":9,"key":"Peace Pipe"},{"floor":10,"key":"Odd Mushroom"},{"floor":11,"key":"MealTicket"},{"floor":29,"key":"InkBottle"}],"event_choices":[{"damage_healed":0,"gold_gain":0,"player_choice":"Grow","damage_taken":0,"max_hp_gain":0,"max_hp_loss":0,"event_name":"Living Wall","floor":5,"gold_loss":0,"cards_upgraded":["hexamod:Sear"]},{"damage_healed":0,"gold_gain":0,"player_choice":"Fought Mushrooms","damage_taken":0,"max_hp_gain":0,"max_hp_loss":0,"event_name":"Mushrooms","floor":10,"gold_loss":0}],"is_beta":false,"boss_relics":[{"not_picked":["Runic Dome","Fusion Hammer"],"picked":"Sozu"}],"items_purged_floors":[13,27],"is_endless":false,"potions_floor_spawned":[8,10,11,12,15,16,20,25,31,32],"killed_by":"DF_ARCHETYPE_CLAW","ascension_level":0}}