{"host":"gcl3kjho9wmyw479","time":1611955885,"event":{"mods":["Act Like it!","BaseMod","Better Note","Minty Spire (QoL Compilation)","Permanent Neow","Quick Restart","Replay The Spire","Shop Mod","StSLib","SuperFastMode","Wandering Minibosses"],"gold_per_floor":[111,40,40,40,40,69,69,88,160,160,191,217,247,275,275,373,373,389,115,131,131,131,131,131,160,160,193,10,10,42,72,72,167,167,180,180,231,231,231,231,264,33,33,64,14,40,60,89,89,89,89,89,9,43,43],"floor_reached":56,"language":"ENG","playtime":7826,"items_purged":["Dagger Throw","Infinite Blades","Backflip+1","Infinite Blades","ReplayTheSpireMod:Speed Training","Hidden Blade"],"score":1748,"play_id":"32e3067c-9a61-4bac-ba08-bb92963dda7d","local_time":"20210129163125","daily_mods":["SealedDeck","Heirloom","Flight","DeadlyEvents","Elite Swarm"],"is_ascension_mode":true,"campfire_choices":[{"floor":7,"key":"DIG"},{"data":"Apotheosis","floor":10,"key":"SMITH"},{"floor":23,"key":"DIG"},{"floor":24,"key":"RECALL"},{"floor":29,"key":"DIG"},{"floor":32,"key":"REST"},{"floor":40,"key":"DIG"},{"data":"Backflip+1","floor":49,"key":"PURGE"},{"floor":52,"key":"DIG"}],"circlet_count":0,"master_deck":["Backflip+1","Blade Dance","Escape Plan","Backstab+1","Accuracy+1","Apotheosis+1","Adrenaline+1","Burst+1","CurseOfTheBell","Blur+1","ReplayTheSpireMod:Shiv Toss+1","Accuracy+1","Adrenaline+1","Adrenaline+1","Adrenaline+1","Burst+1"],"relics":["Ring of the Snake","Shovel","Mirror","Pantograph","Golden Egg","Replay:Baseball","HornCleat","Bag of Preparation","BranchBurnRelic","Replay:Rubber Ducky","Shuriken","Question Card","MerchantsRug","Medical Kit","Gremlin Horn","Replay:Grab Bag","Busted Crown","Sozu","Runic Pyramid","Replay:WaspNest","Durian","Ninja Scroll","Snack Pack","ReplayTheSpireMod:Ninjato","Happy Flower","Lantern","StrikeDummy"],"acts_visited":["Exordium","TheCity","TheBeyond","TheEnding"],"potions_floor_usage":[55],"damage_taken":[{"damage":3,"enemies":"Jaw Worm","floor":1,"turns":3},{"damage":0,"enemies":"Lagavulin","floor":6,"turns":4},{"damage":0,"enemies":"Cultist","floor":8,"turns":2},{"damage":3,"enemies":"Replay:BlueRogue","floor":11,"turns":3},{"damage":7,"enemies":"3 Sentries","floor":12,"turns":4},{"damage":0,"enemies":"Lagavulin","floor":13,"turns":4},{"damage":10,"enemies":"3 Sentries","floor":14,"turns":3},{"damage":15,"enemies":"The Guardian","floor":16,"turns":6},{"damage":0,"enemies":"Spheric Guardian","floor":18,"turns":1},{"damage":0,"enemies":"2 Thieves","floor":20,"turns":3},{"damage":17,"enemies":"Gremlin Leader","floor":25,"turns":5},{"damage":12,"enemies":"Book of Stabbing","floor":27,"turns":4},{"damage":0,"enemies":"Slavers","floor":30,"turns":3},{"damage":0,"enemies":"Gremlin Leader","floor":31,"turns":1},{"damage":0,"enemies":"Automaton","floor":33,"turns":4},{"damage":0,"enemies":"3 Shapes","floor":35,"turns":1},{"damage":0,"enemies":"Nemesis","floor":41,"turns":3},{"damage":0,"enemies":"R_Hoarder","floor":44,"turns":4},{"damage":0,"enemies":"Giant Head","floor":46,"turns":1},{"damage":0,"enemies":"Reptomancer","floor":48,"turns":2},{"damage":0,"enemies":"Donu and Deca","floor":50,"turns":1},{"damage":0,"enemies":"Shield and Spear","floor":54,"turns":1},{"damage":0,"enemies":"The Heart","floor":55,"turns":4}],"seed_played":"3708231237479395507","potions_obtained":[{"floor":3,"key":"Block Potion"},{"floor":3,"key":"SmokeBomb"},{"floor":3,"key":"SpeedPotion"},{"floor":14,"key":"LiquidMemories"},{"floor":31,"key":"Adrenaline Potion"}],"is_trial":true,"path_per_floor":["M","$","?","WH","WH","E","R","M","T","R","E","E","E","E","R","B",null,"M","$","M","WH","WH","R","R","E","T","E","$","R","E","E","R","B",null,"M","WH","WH","?","?","R","E","$","T","E","$","E","$","E","R","B",null,"R","$","E","B",null],"character_chosen":"THE_SILENT","items_purchased":["Infinite Blades","ReplayTheSpireMod:Shiv Toss","Bag of Preparation","MerchantsRug","Medical Kit","Ninja Scroll","Happy Flower","Lantern"],"campfire_rested":1,"item_purchase_floors":[2,19,19,28,28,42,53,53],"current_hp_per_floor":[67,67,67,67,49,49,49,49,49,49,46,39,39,29,50,55,70,70,70,70,70,70,70,70,57,57,45,45,45,54,54,70,70,70,70,70,53,53,53,53,67,75,75,75,75,75,75,75,75,75,75,75,75,75,75],"gold":43,"neow_bonus":"RANDOM_EVENT","is_daily":false,"chose_seed":false,"campfire_upgraded":1,"win_rate":0.0,"timestamp":1611955885,"path_taken":["M","$","?","WH","WH","E","R","?","T","R","E","E","E","?","R","BOSS","M","$","M","WH","WH","R","R","E","T","E","$","R","E","E","R","BOSS","M","WH","WH","?","?","R","E","$","T","E","$","E","$","E","R","BOSS","R","$","E","BOSS"],"items_purchased_type":["Card","Card","Relic","Relic","Relic","Relic","Relic","Relic"],"build_version":"2020-12-22","purchased_purges":6,"victory":true,"max_hp_per_floor":[70,70,70,70,70,70,70,70,70,70,70,70,70,70,70,70,70,70,70,70,70,70,70,70,70,70,70,70,70,70,70,70,70,70,70,70,70,70,70,70,75,75,75,75,75,75,75,75,75,75,75,75,75,75,75],"card_choices":[{"not_picked":["Setup","Replay:Poison Smokescreen"],"picked":"Accuracy","floor":1},{"not_picked":["ReplayTheSpireMod:Brewmster","Magnetism"],"picked":"Apotheosis","floor":5},{"not_picked":["Atom Bomb","ReplayTheSpireMod:From All Sides","Glass Knife"],"picked":"SKIP","floor":6},{"not_picked":["Deflect","Outmaneuver"],"picked":"Backflip","floor":8},{"not_picked":["Die Die Die","Grand Finale","Malaise"],"picked":"SKIP","floor":11},{"not_picked":["Bullet Time","Glass Knife"],"picked":"Adrenaline","floor":12},{"not_picked":["ReplayTheSpireMod:Necrosis","Atom Bomb","Grand Finale"],"picked":"SKIP","floor":13},{"not_picked":["Corpse Explosion","ReplayTheSpireMod:Necrosis"],"picked":"Burst","floor":14},{"not_picked":["ReplayTheSpireMod:Shiv Toss","Underhanded Strike+1"],"picked":"Blur","floor":18},{"not_picked":["Dagger Throw","Prepared"],"picked":"Accuracy","floor":20},{"not_picked":["Poison Darts","Glass Knife"],"picked":"Adrenaline","floor":25},{"not_picked":["Envenom+1","Storm of Steel"],"picked":"Adrenaline","floor":27},{"not_picked":["Phantasmal Killer","Venomology","Poison Darts"],"picked":"Adrenaline","floor":30},{"not_picked":["Venomology","Phantasmal Killer","Unload","Doppelganger"],"picked":"SKIP","floor":31},{"not_picked":["Die Die Die","ReplayTheSpireMod:Necrosis","Poison Darts"],"picked":"Burst","floor":33},{"not_picked":["Bane","Backflip+1"],"picked":"SKIP","floor":35},{"not_picked":["A Thousand Cuts","Night Terror"],"picked":"SKIP","floor":41},{"not_picked":["Tools of the Trade","Burst"],"picked":"SKIP","floor":44},{"not_picked":["ReplayTheSpireMod:Necrosis","Unload"],"picked":"SKIP","floor":46},{"not_picked":["Night Terror","Replay:Bag of Tricks"],"picked":"SKIP","floor":48},{"not_picked":["ReplayTheSpireMod:From All Sides","Phantasmal Killer"],"picked":"SKIP","floor":54}],"player_experience":171627,"relics_obtained":[{"floor":6,"key":"Mirror"},{"floor":7,"key":"Quantum Egg"},{"floor":9,"key":"Pantograph"},{"floor":11,"key":"Replay:Bottled Eggs"},{"floor":12,"key":"Golden Egg"},{"floor":13,"key":"Smiling Mask"},{"floor":14,"key":"Replay:Mystery Machine"},{"floor":17,"key":"Replay:Baseball"},{"floor":17,"key":"HornCleat"},{"floor":17,"key":"Dead Branch"},{"floor":23,"key":"Replay:Rubber Ducky"},{"floor":25,"key":"Frozen Egg 2"},{"floor":26,"key":"Shuriken"},{"floor":27,"key":"Question Card"},{"floor":29,"key":"MealTicket"},{"floor":30,"key":"Bottled Flame"},{"floor":31,"key":"Gremlin Horn"},{"floor":37,"key":"Blue Doll"},{"floor":40,"key":"Replay:WaspNest"},{"floor":41,"key":"Durian"},{"floor":44,"key":"Potion Belt"},{"floor":46,"key":"Snack Pack"},{"floor":48,"key":"The Courier"},{"floor":52,"key":"ReplayTheSpireMod:Ninjato"},{"floor":54,"key":"StrikeDummy"}],"event_choices":[{"damage_healed":0,"gold_gain":0,"player_choice":"Got Potions","damage_taken":0,"max_hp_gain":0,"max_hp_loss":0,"event_name":"Lab","floor":3,"gold_loss":0},{"cards_removed":["Acrobatics"],"damage_healed":0,"gold_gain":0,"player_choice":"Purged","damage_taken":0,"max_hp_gain":0,"max_hp_loss":0,"event_name":"Purifier","floor":39,"gold_loss":0}],"is_beta":false,"boss_relics":[{"not_picked":["Replay:Ancient Bell","Empty Cage"],"picked":"Calling Bell"},{"not_picked":["Replay:Wanted Poster","Snecko Eye"],"picked":"Replay:Grab Bag"},{"not_picked":["Fusion Hammer","Replay:Bronze Core"],"picked":"Busted Crown"},{"not_picked":["Velvet Choker","Coffee Dripper"],"picked":"Sozu"},{"not_picked":["Kintsugi","HoveringKite"],"picked":"Runic Pyramid"}],"items_purged_floors":[19,28,42,45,47,53],"is_endless":false,"potions_floor_spawned":[6,13,14,20,25,31,35,41,46],"ascension_level":4}}