{"host":"oq0u6q7bjztc2jwc","time":1611895782,"event":{"mods":["AchievementEnabler","BaseMod","Colored Map","Downfall","Highlight Path","Minty Spire (QoL Compilation)","Permanent Neow","StSLib"],"gold_per_floor":[99,111,122,222,53,86,164,164,182,197,197,97,153,153,163,260,260,160,176,189,189,389,399,399,299,324,324,324,336,77,92,111,206,206,206,220,235,54,72,122,122,122,122,139,166,177,177,177,187,187,187,219,89,89,89,89],"floor_reached":57,"language":"ENG","playtime":5297,"items_purged":["Pain"],"score":1349,"play_id":"9837f6f8-b4f0-4da5-899b-06776465e524","local_time":"20210128234942","is_ascension_mode":false,"campfire_choices":[{"data":"Guardian:CompilePackage","floor":1.0,"key":"SMITH"},{"data":"Guardian:FuturePlans","floor":12.0,"key":"SMITH"},{"floor":18.0,"key":"RECALL"},{"floor":25.0,"key":"DIG"},{"floor":35,"key":"DIG"},{"floor":47,"key":"DIG"},{"floor":54,"key":"DIG"}],"circlet_count":0,"master_deck":["Guardian:Strike_Guardian","Guardian:Strike_Guardian+1","Guardian:Strike_Guardian+1","Guardian:Strike_Guardian","Guardian:Defend_Guardian","Guardian:Defend_Guardian","Guardian:Defend_Guardian","Guardian:Defend_Guardian","Guardian:CurlUp+1","Guardian:TwinSlam+1","Guardian:CompilePackage+1","Guardian:DonusPower","Guardian:ShieldSpikes","downfall:Haunted","downfall:Haunted","downfall:Aged","Guardian:ConstructionForm","downfall:Bewildered","downfall:Haunted","Guardian:TemporalStrike","Guardian:TimeBomb","Parasite","Guardian:FuturePlans+1","Guardian:Emergency","downfall:Malfunctioning","Guardian:Emergency","Guardian:FastForward","Guardian:Incinerate","downfall:Haunted","Guardian:FloatingOrbs","Pride","Guardian:ChargeCore","Guardian:DonusPower+1","Guardian:FierceBash+1","CurseOfTheBell","Guardian:Orbwalk","Guardian:Recover","Guardian:TimeBomb","Guardian:Emergency","Parasite","Guardian:MultiBeam+1","downfall:Icky","expansioncontent:LastStand","Doubt","Guardian:RevengeProtocol","Guardian:TimeCapacitor","Guardian:Repulse","Guardian:PrimingBeam"],"relics":["Guardian:ModeShifter","Du-Vu Doll","Juzu Bracelet","PreservedInsect","WarpedTongs","downfall:HeartBlessingBlue","Shovel","Cursed Key","downfall:HeartBlessingGreen","MutagenicStrength","MealTicket","downfall:HeartBlessingRed","Centennial Puzzle","hexamod:Sixitude","Enchiridion","Mango","Pantograph","Calling Bell","Oddly Smooth Stone","The Courier","Incense Burner","Ornamental Fan","Orichalcum","Pocketwatch","Ancient Tea Set","Guardian:PickAxe","Whetstone","Nunchaku","Mummified Hand"],"acts_visited":["Exordium","TheCity","TheBeyond","TheEnding"],"potions_floor_usage":[33,33,36,50,56,56],"damage_taken":[{"damage":0.0,"enemies":"Small Slimes","floor":2.0,"turns":3.0},{"damage":2.0,"enemies":"2 Louse","floor":3.0,"turns":3.0},{"damage":6.0,"enemies":"downfall:FleeingMerchant","floor":5.0,"turns":4.0},{"damage":20.0,"enemies":"Lagavulin","floor":6.0,"turns":5.0},{"damage":0.0,"enemies":"Cultist","floor":9.0,"turns":3.0},{"damage":7.0,"enemies":"Large Slime","floor":10.0,"turns":6.0},{"damage":24.0,"enemies":"Gremlin Nob","floor":13.0,"turns":4.0},{"damage":0.0,"enemies":"3 Louse","floor":15.0,"turns":1.0},{"damage":19.0,"enemies":"WA_ARCHETYPE_RETAIN","floor":16.0,"turns":8.0},{"damage":4.0,"enemies":"Shell Parasite","floor":19.0,"turns":4.0},{"damage":10.0,"enemies":"Cultist and Chosen","floor":20.0,"turns":4.0},{"damage":3.0,"enemies":"Snecko","floor":23.0,"turns":5.0},{"damage":16.0,"enemies":"Slavers","floor":26.0,"turns":4.0},{"damage":10.0,"enemies":"Sentry and Sphere","floor":29.0,"turns":3.0},{"damage":19.0,"enemies":"downfall:FleeingMerchant","floor":30.0,"turns":4.0},{"damage":17.0,"enemies":"Snake Plant","floor":31.0,"turns":3.0},{"damage":12.0,"enemies":"3 Cultists","floor":32.0,"turns":4.0},{"damage":12,"enemies":"IC_MUSHROOM_ARCHETYPE","floor":33,"turns":6},{"damage":14,"enemies":"3 Shapes","floor":36,"turns":5},{"damage":19,"enemies":"3 Darklings","floor":37,"turns":6},{"damage":13,"enemies":"downfall:FleeingMerchant","floor":38,"turns":3},{"damage":5,"enemies":"Writhing Mass","floor":39,"turns":4},{"damage":12,"enemies":"Writhing Mass","floor":40,"turns":5},{"damage":15,"enemies":"4 Shapes","floor":44,"turns":2},{"damage":5,"enemies":"3 Darklings","floor":46,"turns":3},{"damage":3,"enemies":"Jaw Worm Horde","floor":49,"turns":4},{"damage":33,"enemies":"DF_ARCHETYPE_ORBS","floor":50,"turns":6},{"damage":53,"enemies":"downfall:CharBossMerchant","floor":52,"turns":6},{"damage":0,"enemies":"downfall:NeowBoss","floor":55,"turns":5},{"damage":26,"enemies":"downfall:NeowBossFinal","floor":56,"turns":6}],"seed_played":"7087485655593259955","potions_obtained":[{"floor":2.0,"key":"Ancient Potion"},{"floor":3.0,"key":"SneckoOil"},{"floor":10.0,"key":"sneckomod:MuddlingPotion"},{"floor":15.0,"key":"Explosive Potion"},{"floor":23.0,"key":"Guardian:BlockOnCardUsePotion"},{"floor":26.0,"key":"hexamod:SoulburnPotion"},{"floor":39,"key":"champ:CounterPotion"},{"floor":40,"key":"Strength Potion"},{"floor":46,"key":"EssenceOfSteel"}],"is_trial":false,"path_per_floor":["R","M","M","?","$","E","T","?","M","M","?","R","?","?","M","B",null,"R","M","M","?","?","M","T","R","E","?","?","M","$","M","M","B",null,"R","M","M","$","M","?","T","?","?","M","?","M","R","?","M","B",null,"E","$","R","B","B",null],"character_chosen":"GUARDIAN","items_purchased":["Juzu Bracelet","Pantograph","Guardian:Orbwalk","Guardian:Recover","Guardian:TimeBomb","Guardian:Gem_Synthetic","Guardian:Emergency","Orichalcum","Guardian:TimeCapacitor","Guardian:Repulse","Guardian:PrimingBeam"],"campfire_rested":0,"item_purchase_floors":[5,30,38,38,38,38,38,38,53,53,53],"current_hp_per_floor":[80,80,78,83,77,57,57,78,78,71,71,81,57,57,57,38,95,95,91,81,81,81,78,78,78,62,46,60,50,46,29,17,30,109,109,95,76,78,73,86,86,86,86,71,71,66,66,66,63,55,109,56,71,71,96,83],"gold":89,"neow_bonus":"ONE_RANDOM_RARE_CARD","is_daily":false,"chose_seed":false,"campfire_upgraded":2,"win_rate":0.0,"timestamp":1611895782,"path_taken":["R","M","M","?","$","E","T","?","M","M","?","R","?","?","M","BOSS","R","M","M","?","?","M","T","R","E","?","?","M","$","M","M","BOSS","R","M","M","$","M","?","T","?","?","M","?","M","R","?","M","BOSS","E","$","R","BOSS","BOSS"],"items_purchased_type":["Relic","Relic","Card","Card","Card","Card","Card","Relic","Card","Card","Card"],"build_version":"2020-12-22","purchased_purges":1,"victory":true,"max_hp_per_floor":[80,80,80,85,85,85,85,85,85,85,85,95,95,95,95,95,95,95,95,95,95,95,95,95,95,95,95,109,109,109,109,109,109,109,109,109,109,109,109,109,109,109,109,109,109,109,109,109,109,109,109,109,109,109,109,109],"card_choices":[{"not_picked":["Guardian:PiercingHide","Guardian:ArmoredProtocol"],"picked":"Guardian:DonusPower","floor":2.0},{"not_picked":["Guardian:PrimingBeam","Guardian:Gem_Green"],"picked":"Guardian:ShieldSpikes","floor":3.0},{"not_picked":["Guardian:Gem_Red","Guardian:Gem_Lightblue"],"picked":"Guardian:TemporalStrike","floor":5.0},{"not_picked":["Guardian:WalkerClaw","Guardian:PrimingBeam"],"picked":"Guardian:TimeBomb","floor":6.0},{"not_picked":["Guardian:ShieldSpikes","Guardian:Gem_Cyan"],"picked":"Guardian:FuturePlans","floor":9.0},{"not_picked":["Guardian:CrystalBeam","Guardian:Recover","Guardian:VentSteam"],"picked":"SKIP","floor":10.0},{"not_picked":["Guardian:Gem_Cyan","Guardian:Recover"],"picked":"Guardian:Emergency","floor":13.0},{"not_picked":["Guardian:RollAttack","Guardian:Gem_Lightblue"],"picked":"Guardian:Emergency","floor":15.0},{"not_picked":["Guardian:Gem_Orange","Guardian:Gem_Synthetic"],"picked":"Guardian:FastForward","floor":16.0},{"not_picked":["Guardian:PrismaticBarrier","Guardian:FuturePlans"],"picked":"Guardian:Gem_Fragmented","floor":19.0},{"not_picked":["Guardian:PiercingHide","Guardian:Preprogram"],"picked":"Guardian:Incinerate","floor":20.0},{"not_picked":["Guardian:ArmoredProtocol","Guardian:RollAttack"],"picked":"Guardian:Gem_Yellow","floor":23.0},{"not_picked":["Guardian:Gem_Red","Guardian:Harden"],"picked":"Guardian:FloatingOrbs","floor":26.0},{"not_picked":["Guardian:Gem_Cyan","Guardian:RollAttack"],"picked":"Guardian:ChargeCore","floor":29.0},{"not_picked":["Guardian:VentSteam","Guardian:FloatingOrbs+1"],"picked":"Guardian:Gem_Yellow","floor":30.0},{"not_picked":["Guardian:PolyBeam+1","Guardian:Gem_Red","Guardian:Gem_Crimson"],"picked":"SKIP","floor":31.0},{"not_picked":["Guardian:PolyBeam+1","Guardian:Gem_Red","Guardian:Gem_Crimson"],"picked":"SKIP","floor":31.0},{"not_picked":["Guardian:Gem_Crimson","Guardian:Gem_Fragmented"],"picked":"Guardian:DonusPower+1","floor":32.0},{"not_picked":["Guardian:GatlingBeam","Guardian:GemFire"],"picked":"Guardian:FierceBash","floor":33},{"not_picked":["Guardian:Gem_Red","Guardian:ChargeCore+1","Guardian:Preprogram"],"picked":"SKIP","floor":36},{"not_picked":["Guardian:Gem_Purple","Guardian:PrismaticBeam+1","Guardian:Incinerate+1"],"picked":"SKIP","floor":37},{"not_picked":["Guardian:Gem_Crimson","Guardian:Planning","Guardian:Incinerate"],"picked":"SKIP","floor":38},{"not_picked":["Guardian:Planning+1","Guardian:Gem_Green"],"picked":"Guardian:MultiBeam+1","floor":39},{"not_picked":["expansioncontent:InvincibleStrength","expansioncontent:QuickStudy"],"picked":"expansioncontent:LastStand","floor":42},{"not_picked":["Guardian:TemporalStrike+1","Guardian:Gem_Red","Guardian:ChargeCore+1"],"picked":"SKIP","floor":44},{"not_picked":["Guardian:FuturePlans+1","Guardian:Planning+1","Guardian:Incinerate+1"],"picked":"SKIP","floor":46},{"not_picked":["Guardian:Gem_Cyan","Guardian:Gem_Fragmented","Guardian:TemporalShield+1"],"picked":"SKIP","floor":49},{"not_picked":["Guardian:Recover+1","Guardian:FloatingOrbs"],"picked":"Guardian:RevengeProtocol","floor":52}],"player_experience":561447,"relics_obtained":[{"floor":6.0,"key":"PreservedInsect"},{"floor":13.0,"key":"Shovel"},{"floor":24.0,"key":"MealTicket"},{"floor":25.0,"key":"Centennial Puzzle"},{"floor":26.0,"key":"hexamod:Sixitude"},{"floor":27.0,"key":"Enchiridion"},{"floor":34,"key":"Oddly Smooth Stone"},{"floor":34,"key":"The Courier"},{"floor":34,"key":"Incense Burner"},{"floor":35,"key":"Ornamental Fan"},{"floor":40,"key":"Pocketwatch"},{"floor":41,"key":"Ancient Tea Set"},{"floor":45,"key":"Guardian:PickAxe"},{"floor":47,"key":"Whetstone"},{"floor":52,"key":"Nunchaku"},{"floor":54,"key":"Mummified Hand"}],"event_choices":[{"damage_healed":21.0,"max_hp_gain":0.0,"max_hp_loss":0.0,"gold_gain":0.0,"event_name":"Mushrooms","player_choice":"Healed and dodged fight","floor":8.0,"gold_loss":0.0,"damage_taken":0.0,"cards_obtained":["Parasite"]},{"damage_healed":0.0,"max_hp_gain":0.0,"max_hp_loss":0.0,"gold_gain":0.0,"event_name":"Drug Dealer","player_choice":"Inject Mutagens","floor":21.0,"gold_loss":0.0,"damage_taken":0.0,"relics_obtained":["MutagenicStrength"]},{"damage_healed":0.0,"max_hp_gain":0.0,"max_hp_loss":0.0,"gold_gain":0.0,"event_name":"Addict","player_choice":"Stole Relic","floor":28.0,"gold_loss":0.0,"damage_taken":0.0,"relics_obtained":["Mango"],"cards_obtained":["Pride"]}],"is_beta":false,"boss_relics":[{"not_picked":["Tiny House","bronze:MakeshiftBattery"],"picked":"Cursed Key"},{"not_picked":["Fusion Hammer","SacredBark"],"picked":"Calling Bell"}],"items_purged_floors":[38],"is_endless":false,"potions_floor_spawned":[2,3,10,15,23,26,39,40,46],"ascension_level":0}}