{"host":"jegehu1t82aiec5j","time":1611946914,"event":{"mods":["BaseMod","Colored Map","Minty Spire (QoL Compilation)","Relic Stats","StSLib"],"gold_per_floor":[118,133,133,151,301,334,334,104,104,104,121,133,159,159,159,235,235,252,265,265,278,296,327,327,338,364,390,408,439,439,489,489,566,566,583,473,185,196,210,210,245,245,245,0,13,38,54,54,54,54],"floor_reached":51,"language":"ENG","playtime":2083,"items_purged":["Doubt"],"score":1547,"play_id":"e914b8c4-30ff-46a9-97d1-0a626273b866","local_time":"20210129140154","is_ascension_mode":true,"campfire_choices":[{"data":"Immolate","floor":7.0,"key":"SMITH"},{"data":"Carnage","floor":10.0,"key":"SMITH"},{"data":"Bash","floor":15.0,"key":"SMITH"},{"data":"Barricade","floor":24,"key":"SMITH"},{"data":"Metallicize","floor":32,"key":"SMITH"},{"data":"Feel No Pain","floor":40,"key":"SMITH"},{"data":"Metallicize","floor":42,"key":"SMITH"},{"data":"Entrench","floor":49,"key":"SMITH"}],"circlet_count":0,"master_deck":["AscendersBane","Defend_R","Defend_R","Defend_R","Defend_R","Bash+1","Immolate+1","Ghostly Armor","True Grit","Metallicize+1","Pommel Strike","Carnage+1","Metallicize+1","Impervious","Impervious","Feel No Pain+1","Barricade+1","Impervious","Spot Weakness+1","Pummel","Carnage","Impervious","Power Through+1","PanicButton","Sentinel","Feel No Pain+1","Disarm+1","Heavy Blade","Entrench+1"],"relics":["Burning Blood","WarpedTongs","Champion Belt","Medical Kit","Mango","Akabeko","Philosopher\u0027s Stone","Question Card","Lantern","Singing Bowl","Ice Cream","Runic Pyramid","OrangePellets","PreservedInsect","Boot","Red Mask","Centennial Puzzle"],"acts_visited":["Exordium","TheCity","TheBeyond"],"potions_floor_usage":[23,23,33],"damage_taken":[{"damage":0.0,"enemies":"2 Louse","floor":1.0,"turns":1.0},{"damage":0.0,"enemies":"Cultist","floor":2.0,"turns":3.0},{"damage":3.0,"enemies":"Small Slimes","floor":4.0,"turns":2.0},{"damage":24.0,"enemies":"Gremlin Nob","floor":6.0,"turns":4.0},{"damage":0.0,"enemies":"Gremlin Gang","floor":11.0,"turns":1.0},{"damage":1.0,"enemies":"Looter","floor":12.0,"turns":2.0},{"damage":10.0,"enemies":"3 Sentries","floor":13.0,"turns":6.0},{"damage":29.0,"enemies":"Hexaghost","floor":16.0,"turns":12.0},{"damage":0.0,"enemies":"Spheric Guardian","floor":18.0,"turns":3.0},{"damage":5,"enemies":"Shell Parasite","floor":19,"turns":5},{"damage":17,"enemies":"3 Cultists","floor":21,"turns":5},{"damage":10,"enemies":"Snecko","floor":22,"turns":6},{"damage":5,"enemies":"Gremlin Leader","floor":23,"turns":4},{"damage":6,"enemies":"Cultist and Chosen","floor":25,"turns":8},{"damage":8,"enemies":"Book of Stabbing","floor":27,"turns":8},{"damage":17,"enemies":"3 Cultists","floor":28,"turns":7},{"damage":0,"enemies":"Gremlin Leader","floor":29,"turns":7},{"damage":45,"enemies":"Automaton","floor":33,"turns":17},{"damage":4,"enemies":"3 Darklings","floor":35,"turns":7},{"damage":2,"enemies":"3 Shapes","floor":38,"turns":8},{"damage":13,"enemies":"Writhing Mass","floor":39,"turns":9},{"damage":0,"enemies":"Reptomancer","floor":41,"turns":10},{"damage":1,"enemies":"Spire Growth","floor":45,"turns":6},{"damage":0,"enemies":"Giant Head","floor":46,"turns":12},{"damage":0,"enemies":"Maw","floor":47,"turns":9},{"damage":20,"enemies":"Awakened One","floor":50,"turns":19}],"seed_played":"5844777969043447023","potions_obtained":[{"floor":1.0,"key":"Strength Potion"},{"floor":11.0,"key":"LiquidBronze"},{"floor":12.0,"key":"DistilledChaos"},{"floor":16.0,"key":"CultistPotion"},{"floor":27,"key":"FearPotion"},{"floor":28,"key":"Dexterity Potion"},{"floor":41,"key":"FairyPotion"}],"is_trial":false,"path_per_floor":["M","M","?","M","?","E","R","$","T","R","M","M","E","?","R","B",null,"M","M","?","M","M","E","R","M","T","E","M","E","?","?","R","B",null,"M","?","$","M","M","R","E","R","T","?","M","E","M","?","R","B",null],"character_chosen":"IRONCLAD","items_purchased":["Medical Kit","OrangePellets","Block Potion","PanicButton"],"campfire_rested":0,"item_purchase_floors":[8,37,37,37],"current_hp_per_floor":[74,75,75,75,75,57,57,57,71,71,77,82,78,78,78,55,81,87,88,88,77,73,74,74,74,74,74,63,71,71,71,71,32,78,80,80,80,84,79,79,85,85,85,85,90,95,95,95,95,81],"gold":54,"neow_bonus":"ONE_RANDOM_RARE_CARD","is_daily":false,"chose_seed":false,"campfire_upgraded":8,"win_rate":0.0,"timestamp":1611946914,"path_taken":["M","M","?","?","?","E","R","$","T","R","M","M","E","?","R","BOSS","M","M","?","?","M","E","R","M","T","E","M","E","?","?","R","BOSS","M","?","$","M","?","R","E","R","T","?","M","E","M","?","R","BOSS"],"items_purchased_type":["Relic","Relic","Potion","Card"],"build_version":"2020-12-22","purchased_purges":1,"victory":true,"max_hp_per_floor":[75,75,75,75,75,75,75,75,89,89,89,89,89,89,89,89,89,89,89,89,89,89,89,89,89,89,91,91,93,93,93,93,93,93,93,93,93,93,95,95,95,95,95,95,95,95,95,95,95,95],"relic_stats":{"OrangePellets":[3],"Centennial Puzzle":[3],"Singing Bowl":6,"counters":[26,181],"PreservedInsect":130,"Champion Belt":[27],"Medical Kit":[52],"Question Card":12,"Boot":[15],"obtain_stats":[{"Ice Cream":29,"Lantern":26,"Singing Bowl":27,"Mango":9,"PreservedInsect":41,"Medical Kit":8,"Question Card":23,"Boot":43,"Burning Blood":0,"Akabeko":13,"WarpedTongs":0,"OrangePellets":37,"Centennial Puzzle":46,"Philosopher\u0027s Stone":17,"Red Mask":44,"Champion Belt":6,"Runic Pyramid":34},{"Ice Cream":17,"Lantern":14,"Singing Bowl":15,"Mango":4,"PreservedInsect":22,"Medical Kit":4,"Question Card":13,"Boot":22,"Burning Blood":0,"Akabeko":7,"WarpedTongs":0,"OrangePellets":19,"Centennial Puzzle":24,"Philosopher\u0027s Stone":8,"Red Mask":22,"Champion Belt":4,"Runic Pyramid":18},{"Ice Cream":84,"Lantern":62,"Singing Bowl":70,"Mango":10,"PreservedInsect":135,"Medical Kit":10,"Question Card":54,"Boot":135,"Burning Blood":0,"Akabeko":19,"WarpedTongs":0,"OrangePellets":108,"Centennial Puzzle":153,"Philosopher\u0027s Stone":31,"Red Mask":135,"Champion Belt":10,"Runic Pyramid":101}],"Burning Blood":141,"WarpedTongs":[165]},"card_choices":[{"not_picked":["Power Through","Wild Strike"],"picked":"Ghostly Armor","floor":1.0},{"not_picked":["Rage","Warcry"],"picked":"True Grit","floor":2.0},{"not_picked":["True Grit","Dual Wield"],"picked":"Pommel Strike","floor":4.0},{"not_picked":["Heavy Blade","Anger"],"picked":"Carnage","floor":6.0},{"not_picked":["Rampage","Perfected Strike"],"picked":"Metallicize","floor":11.0},{"not_picked":["Headbutt","Body Slam","Pommel Strike"],"picked":"SKIP","floor":12.0},{"not_picked":["Clothesline","Seeing Red","Heavy Blade"],"picked":"SKIP","floor":13.0},{"not_picked":["Fiend Fire","Exhume"],"picked":"Impervious","floor":16.0},{"not_picked":["Clothesline","Fire Breathing"],"picked":"Armaments","floor":18},{"not_picked":["Pommel Strike","Burning Pact","True Grit"],"picked":"SKIP","floor":19},{"not_picked":["Sword Boomerang","Thunderclap+1"],"picked":"Feel No Pain","floor":21},{"not_picked":["Armaments","Wild Strike"],"picked":"Barricade","floor":22},{"not_picked":["Reckless Charge","Sword Boomerang+1","Rupture"],"picked":"SKIP","floor":23},{"not_picked":["Shrug It Off","Sword Boomerang","Seeing Red"],"picked":"Impervious","floor":25},{"not_picked":["Twin Strike","Anger","Rage+1","Shockwave"],"picked":"Singing Bowl","floor":27},{"not_picked":["Sentinel","Clothesline+1","Twin Strike"],"picked":"Spot Weakness+1","floor":28},{"not_picked":["Fire Breathing","Dark Embrace","Headbutt","Infernal Blade+1"],"picked":"Singing Bowl","floor":29},{"not_picked":["Juggernaut","Corruption","Immolate"],"picked":"Impervious","floor":33},{"not_picked":["Body Slam","Clothesline","Second Wind+1"],"picked":"Power Through","floor":35},{"not_picked":["Headbutt+1","Warcry","Clash"],"picked":"Sentinel","floor":38},{"not_picked":["Dual Wield","Clash","Pommel Strike","Barricade"],"picked":"Singing Bowl","floor":39},{"not_picked":["Shrug It Off","Heavy Blade+1","Clash+1"],"picked":"Feel No Pain+1","floor":41},{"not_picked":["True Grit","Second Wind","Headbutt"],"picked":"Disarm+1","floor":45},{"not_picked":["Warcry","Offering","Blood for Blood"],"picked":"Heavy Blade","floor":46},{"not_picked":["Metallicize","Clothesline+1","Body Slam"],"picked":"Entrench","floor":47}],"player_experience":2565220,"relics_obtained":[{"floor":6.0,"key":"Champion Belt"},{"floor":9.0,"key":"Mango"},{"floor":13.0,"key":"Akabeko"},{"floor":23,"key":"Question Card"},{"floor":26,"key":"Lantern"},{"floor":27,"key":"Singing Bowl"},{"floor":29,"key":"Ice Cream"},{"floor":41,"key":"PreservedInsect"},{"floor":43,"key":"Boot"},{"floor":46,"key":"Centennial Puzzle"}],"event_choices":[{"damage_healed":0.0,"max_hp_gain":0.0,"max_hp_loss":0.0,"gold_gain":0.0,"cards_transformed":["Strike_R"],"event_name":"Transmorgrifier","player_choice":"Transformed","floor":3.0,"gold_loss":0.0,"damage_taken":0.0,"cards_obtained":["Metallicize"]},{"damage_healed":0.0,"max_hp_gain":0.0,"max_hp_loss":0.0,"gold_gain":150.0,"event_name":"Liars Game","player_choice":"AGREE","floor":5.0,"gold_loss":0.0,"damage_taken":0.0,"cards_obtained":["Doubt"]},{"cards_removed":["Strike_R"],"damage_healed":0.0,"max_hp_gain":0.0,"max_hp_loss":0.0,"gold_gain":0.0,"event_name":"Living Wall","player_choice":"Forget","floor":14.0,"gold_loss":0.0,"damage_taken":0.0},{"damage_healed":0,"gold_gain":0,"player_choice":"Copied","damage_taken":0,"max_hp_gain":0,"max_hp_loss":0,"event_name":"Duplicator","floor":20,"gold_loss":0,"cards_obtained":["Impervious"]},{"damage_healed":0,"gold_gain":0,"cards_transformed":["Strike_R","Strike_R"],"player_choice":"Became Test Subject","damage_taken":0,"max_hp_gain":0,"max_hp_loss":0,"event_name":"Drug Dealer","floor":30,"gold_loss":0,"cards_obtained":["Pummel","Carnage"]},{"damage_healed":0,"gold_gain":50,"player_choice":"Stole From Cult","damage_taken":0,"max_hp_gain":0,"max_hp_loss":0,"event_name":"Nest","floor":31,"gold_loss":0},{"cards_removed":["Strike_R"],"damage_healed":0,"gold_gain":0,"player_choice":"Upgrade and Remove","damage_taken":0,"max_hp_gain":0,"max_hp_loss":0,"event_name":"Designer","floor":36,"gold_loss":110,"cards_upgraded":["Power Through"]},{"damage_healed":0,"gold_gain":0,"player_choice":"Paid","damage_taken":0,"relics_obtained":["Red Mask"],"max_hp_gain":0,"max_hp_loss":0,"event_name":"Tomb of Lord Red Mask","floor":44,"gold_loss":245},{"cards_removed":["Armaments"],"damage_healed":0,"gold_gain":0,"player_choice":"Removed Skill","damage_taken":0,"max_hp_gain":0,"max_hp_loss":0,"event_name":"Falling","floor":48,"gold_loss":0}],"is_beta":false,"boss_relics":[{"not_picked":["Tiny House","Sozu"],"picked":"Philosopher\u0027s Stone"},{"not_picked":["Empty Cage","SlaversCollar"],"picked":"Runic Pyramid"}],"items_purged_floors":[8],"is_endless":false,"potions_floor_spawned":[1,11,12,16,19,21,27,28,29,38,41,47],"ascension_level":15}}