{"host":"jumrmhf584hajrnz","time":1611944890,"event":{"mods":["BaseMod","Duelist Mod","GifTheSpireLib","Minty Spire (QoL Compilation)","Quick Restart","StSLib"],"gold_per_floor":[140,140,140,159,178,217,217,137,137,137,170,170,208,229,229,318,318,336,361,381,381,142,142,182,107,155,25,49,49,74,112,112,203,203,226,226,13,13,13,13,46,46,46,46,86,86,101,135,135,135,135],"floor_reached":50,"language":"ENG","playtime":2713,"items_purged":[],"score":1274,"play_id":"a8231c39-31cf-4c1f-9efd-ba595d34cd6b","local_time":"20210129192810","is_ascension_mode":true,"campfire_choices":[{"floor":7,"key":"REST"},{"floor":10,"key":"RECALL"},{"floor":15,"key":"REST"},{"floor":23,"key":"REST"},{"floor":32,"key":"REST"},{"floor":40,"key":"REST"},{"floor":42,"key":"REST"},{"floor":44,"key":"REST"},{"floor":46,"key":"REST"},{"floor":49,"key":"REST"}],"circlet_count":0,"master_deck":["AscendersBane","theDuelist:BabyDragon","theDuelist:CastleWalls","theDuelist:CaveDragon","theDuelist:CaveDragon","theDuelist:LesserDragon","theDuelist:LesserDragon","theDuelist:Sparks","theDuelist:YamataDragon","theDuelist:TwinHeadedFire","theDuelist:DoomkaiserDragon","theDuelist:ForbiddenLance","theDuelist:TrihornedDragon","theDuelist:MetalDragon","theDuelist:DarkHorus","theDuelist:BigFire","theDuelist:BackupSoldier+1","theDuelist:DoomkaiserDragon","theDuelist:Freezadon","theDuelist:CyberDinosaur","theDuelist:TwinHeadedFire","theDuelist:ArmageddonDragonEmp","theDuelist:LesserDragon","theDuelist:YamataDragon","theDuelist:Freezadon","theDuelist:GoldenApples+1","theDuelist:BackupSoldier+1","theDuelist:SuperancientDinobeast","theDuelist:BlueDuston","theDuelist:AncientPixieDragon","Apotheosis","theDuelist:MegafleetDragon+1","theDuelist:BlueDuston+1","theDuelist:TyrantWing+1","theDuelist:BlizzardDragon+1","theDuelist:Hydrogeddon+1"],"relics":["theDuelist:MillenniumPuzzle","theDuelist:CardPoolRelic","theDuelist:CardPoolBasicRelic","theDuelist:BoosterPackPoolRelic","theDuelist:CardPoolAddRelic","theDuelist:CardPoolMinusRelic","theDuelist:CardPoolSaveRelic","theDuelist:CardPoolOptionsRelic","NeowsBlessing","Golden Idol","theDuelist:BoosterPackTrapEgg","Ornamental Fan","Anchor","theDuelist:MillenniumPrayerbook","Art of War","theDuelist:HauntedRelic","Anchor","Red Mask","theDuelist:GoldenScale","Black Star","Ancient Tea Set","Centennial Puzzle","theDuelist:MillenniumRod","Sundial","Molten Egg 2","theDuelist:DuelistOrichalcum","Prayer Wheel","White Beast Statue"],"acts_visited":["Exordium","TheCity","TheBeyond"],"potions_floor_usage":[24,45],"damage_taken":[{"damage":0,"enemies":"Small Slimes","floor":1,"turns":1},{"damage":0,"enemies":"Jaw Worm","floor":4,"turns":1},{"damage":0,"enemies":"Cultist","floor":5,"turns":1},{"damage":8,"enemies":"Gremlin Nob","floor":6,"turns":3},{"damage":23,"enemies":"Lagavulin","floor":11,"turns":4},{"damage":5,"enemies":"3 Sentries","floor":13,"turns":4},{"damage":2,"enemies":"2 Fungi Beasts","floor":14,"turns":3},{"damage":13,"enemies":"The Guardian","floor":16,"turns":11},{"damage":3,"enemies":"2 Thieves","floor":18,"turns":4},{"damage":1,"enemies":"3 Byrds","floor":19,"turns":3},{"damage":10,"enemies":"Shelled Parasite and Fungi","floor":20,"turns":4},{"damage":17,"enemies":"Masked Bandits","floor":24,"turns":4},{"damage":12,"enemies":"Snecko","floor":28,"turns":4},{"damage":0,"enemies":"Centurion and Healer","floor":30,"turns":3},{"damage":13,"enemies":"Slavers","floor":31,"turns":6},{"damage":21,"enemies":"Automaton","floor":33,"turns":5},{"damage":8,"enemies":"Orb Walker","floor":35,"turns":3},{"damage":48,"enemies":"Nemesis","floor":41,"turns":7},{"damage":16,"enemies":"Reptomancer","floor":45,"turns":4},{"damage":9,"enemies":"3 Darklings","floor":47,"turns":2},{"damage":22,"enemies":"Giant Head","floor":48,"turns":6},{"damage":56,"enemies":"Awakened One","floor":50,"turns":5}],"seed_played":"1466327893257529162","potions_obtained":[{"floor":1,"key":"Energy Potion"},{"floor":13,"key":"DuplicationPotion"},{"floor":28,"key":"theDuelist:FreezingPotion"},{"floor":41,"key":"theDuelist:StunPotion"},{"floor":47,"key":"BlessingOfTheForge"}],"is_trial":false,"path_per_floor":["M","?","?","M","M","E","R","$","T","R","E","?","E","M","R","B",null,"M","M","M","?","?","R","?","?","T","$","M","?","M","E","R","B",null,"M","?","$","?","?","R","E","R","T","R","E","R","M","E","R","B"],"character_chosen":"THE_DUELIST","items_purchased":["theDuelist:MetalDragon","theDuelist:LesserDragon","theDuelist:YamataDragon","theDuelist:Freezadon","Apotheosis"],"campfire_rested":9,"item_purchase_floors":[8,27,27,27,37],"current_hp_per_floor":[63,39,39,39,39,31,52,52,52,52,29,29,24,22,43,30,60,57,56,46,46,46,67,50,50,50,50,38,38,38,25,46,25,59,51,51,51,51,51,70,22,43,43,64,48,69,60,38,59,3,3],"gold":135,"neow_bonus":"THREE_ENEMY_KILL","is_daily":false,"chose_seed":false,"campfire_upgraded":0,"win_rate":0.0,"timestamp":1611944890,"path_taken":["M","?","?","?","M","E","R","$","T","R","E","?","E","M","R","BOSS","M","?","M","?","?","R","?","?","T","$","M","?","M","E","R","BOSS","M","?","?","?","?","R","E","R","T","R","E","R","?","E","R","BOSS"],"items_purchased_type":["Card","Card","Card","Card","Card"],"build_version":"2020-12-22","purchased_purges":0,"victory":false,"max_hp_per_floor":[70,70,70,70,70,70,70,70,70,70,70,70,70,70,70,70,70,70,70,70,70,70,70,70,70,70,70,70,70,70,70,70,70,70,70,70,70,70,70,70,70,70,70,70,70,70,70,70,70,70,70],"card_choices":[{"not_picked":["theDuelist:Earthquake","theDuelist:SilverDragon","theDuelist:DefenseDraw","theDuelist:CyberDragon"],"picked":"theDuelist:TwinHeadedFire","floor":1},{"not_picked":["theDuelist:CyberDragon","theDuelist:VolcanicEruption","theDuelist:Carboneddon","theDuelist:VeilDarkness"],"picked":"theDuelist:DoomkaiserDragon","floor":4},{"not_picked":["theDuelist:BattleguardKing","theDuelist:BigFire","theDuelist:Hinotama","theDuelist:LightningDarts"],"picked":"theDuelist:ForbiddenLance","floor":5},{"not_picked":["theDuelist:LesserDragon","theDuelist:BabyDragon","theDuelist:CaveDragon","theDuelist:SafeZone"],"picked":"theDuelist:TrihornedDragon","floor":6},{"not_picked":["theDuelist:BlackPtera","theDuelist:MoltenDestruction","theDuelist:LavaDragon","theDuelist:DefenseZone"],"picked":"theDuelist:DarkHorus","floor":11},{"not_picked":["theDuelist:BattleguardKing","theDuelist:LightningDarts+1","theDuelist:RainbowOverdragon","theDuelist:ForbiddenLance"],"picked":"theDuelist:BigFire","floor":13},{"not_picked":["theDuelist:MadSwordBeast","theDuelist:DragonPiper","theDuelist:MirageDragon","theDuelist:SnowDragon"],"picked":"theDuelist:BackupSoldier+1","floor":14},{"not_picked":["theDuelist:WaterDragon","theDuelist:TailSwipe","theDuelist:QueenDragunDjinn","theDuelist:DefensiveTactics+1"],"picked":"theDuelist:DoomkaiserDragon","floor":16},{"not_picked":["theDuelist:Pyrorex","theDuelist:FrostflameDragon","theDuelist:SilverDragon","theDuelist:DragonCaptureJar+1"],"picked":"theDuelist:Freezadon","floor":18},{"not_picked":["theDuelist:LesserDragon","theDuelist:SafeZone+1","theDuelist:MoltenDestruction","theDuelist:Anthrosaurus"],"picked":"theDuelist:CyberDinosaur","floor":19},{"not_picked":["theDuelist:SilverDragon","theDuelist:Beatraptor","theDuelist:LesserDragon","theDuelist:BoosterDragon+1"],"picked":"theDuelist:TwinHeadedFire","floor":20},{"not_picked":["theDuelist:CyberDragon+1","theDuelist:BlacklandFireDragon"],"picked":"theDuelist:ArmageddonDragonEmp","floor":24},{"not_picked":["theDuelist:Hinotama","theDuelist:Jinzo","theDuelist:PotGreed","theDuelist:BlackPendant"],"picked":"theDuelist:GoldenApples+1","floor":28},{"not_picked":["theDuelist:ForbiddenLance","theDuelist:ClawHermos","theDuelist:DefenseDraw+1","theDuelist:GravityLash"],"picked":"theDuelist:BackupSoldier+1","floor":30},{"not_picked":["theDuelist:DarkDriceratops","theDuelist:BlackBrutdrago","theDuelist:CyberEltanin","theDuelist:BoosterDragon"],"picked":"theDuelist:SuperancientDinobeast","floor":31},{"not_picked":["theDuelist:WaterDragon","theDuelist:SeismicShockwave+1","theDuelist:FiveHeaded","theDuelist:BusterBladerDDS"],"picked":"theDuelist:BlueDuston","floor":33},{"not_picked":["theDuelist:BlueEyes","theDuelist:AncientGearGadjiltron+1","theDuelist:LeviaDragon","theDuelist:Carboneddon"],"picked":"theDuelist:AncientPixieDragon","floor":35},{"not_picked":["theDuelist:WhiteNightDragon","theDuelist:MadSwordBeast","theDuelist:TwinHeadedBehemoth","theDuelist:ArtifactSanctum+1"],"picked":"theDuelist:MegafleetDragon+1","floor":39},{"not_picked":["theDuelist:ChimeratechOverdragon+1","theDuelist:OceanDragonLord","theDuelist:WaterDragonCluster","theDuelist:Scapegoat"],"picked":"theDuelist:BlueDuston+1","floor":41},{"not_picked":["theDuelist:FireDarts+1","theDuelist:DragonCaptureJar+1","theDuelist:CastleDragonSouls+1","theDuelist:DefensiveTactics+1"],"picked":"theDuelist:TyrantWing+1","floor":45},{"not_picked":["theDuelist:WaterDragonCluster","theDuelist:ViceDragon+1","theDuelist:RedDragonArchfiend","theDuelist:DarkHorus+1"],"picked":"theDuelist:BlizzardDragon+1","floor":47},{"not_picked":["theDuelist:MirageDragon+1","theDuelist:Kabazauls+1","theDuelist:BlackBrutdrago+1","theDuelist:SnowdustDragon+1"],"picked":"theDuelist:Hydrogeddon+1","floor":48}],"player_experience":1621622,"relics_obtained":[{"floor":6,"key":"theDuelist:BoosterPackTrapEgg"},{"floor":9,"key":"Ornamental Fan"},{"floor":11,"key":"Anchor"},{"floor":13,"key":"Art of War"},{"floor":24,"key":"Red Mask"},{"floor":31,"key":"theDuelist:GoldenScale"},{"floor":41,"key":"Centennial Puzzle"},{"floor":41,"key":"theDuelist:MillenniumRod"},{"floor":43,"key":"Sundial"},{"floor":45,"key":"Molten Egg 2"},{"floor":45,"key":"theDuelist:DuelistOrichalcum"},{"floor":48,"key":"Prayer Wheel"},{"floor":48,"key":"White Beast Statue"}],"event_choices":[{"damage_healed":0,"gold_gain":0,"player_choice":"Take Damage","damage_taken":24,"relics_obtained":["Golden Idol"],"max_hp_gain":0,"max_hp_loss":0,"event_name":"Golden Idol","floor":2,"gold_loss":0},{"cards_removed":["theDuelist:Sparks"],"damage_healed":0,"gold_gain":0,"player_choice":"Purged","damage_taken":0,"max_hp_gain":0,"max_hp_loss":0,"event_name":"Purifier","floor":3,"gold_loss":0},{"damage_healed":0,"gold_gain":0,"player_choice":"Took item - Received: Millennium Prayerbook","duelist":true,"damage_taken":0,"max_hp_gain":0,"max_hp_loss":0,"event_name":"Millennium Items","floor":12,"gold_loss":0},{"damage_healed":0,"gold_gain":0,"player_choice":"Leave","duelist":true,"damage_taken":0,"max_hp_gain":0,"max_hp_loss":0,"event_name":"Tomb of the Nameless","floor":21,"gold_loss":0},{"damage_healed":0,"gold_gain":0,"player_choice":"Duplicated Relic - Anchor","duelist":true,"damage_taken":0,"max_hp_gain":0,"max_hp_loss":0,"event_name":"Relic Duplicator","floor":22,"gold_loss":0},{"damage_healed":0,"gold_gain":0,"player_choice":"Fought Bandits","damage_taken":0,"max_hp_gain":0,"max_hp_loss":0,"event_name":"Masked Bandits","floor":24,"gold_loss":0},{"cards_removed":["theDuelist:CurseAging"],"damage_healed":0,"gold_gain":0,"player_choice":"Gave Gold","damage_taken":0,"max_hp_gain":0,"max_hp_loss":0,"event_name":"Beggar","floor":25,"gold_loss":75},{"damage_healed":0,"gold_gain":0,"player_choice":"Ignored","damage_taken":0,"max_hp_gain":0,"max_hp_loss":0,"event_name":"Vampires","floor":29,"gold_loss":0},{"damage_healed":0,"gold_gain":0,"player_choice":"Gave Potion","damage_taken":0,"relics_obtained":["Ancient Tea Set"],"max_hp_gain":0,"max_hp_loss":0,"event_name":"WeMeetAgain","floor":36,"gold_loss":0},{"cards_removed":["theDuelist:CastleWalls"],"damage_healed":0,"gold_gain":0,"player_choice":"Removed Skill","damage_taken":0,"max_hp_gain":0,"max_hp_loss":0,"event_name":"Falling","floor":38,"gold_loss":0},{"damage_healed":0,"gold_gain":0,"player_choice":"Memory 1","damage_taken":0,"max_hp_gain":0,"max_hp_loss":0,"event_name":"SensoryStone","floor":39,"gold_loss":0}],"is_beta":false,"boss_relics":[{"not_picked":["Pandora\u0027s Box","Ectoplasm"],"picked":"theDuelist:HauntedRelic"},{"not_picked":["HoveringKite","Astrolabe"],"picked":"Black Star"}],"items_purged_floors":[],"is_endless":false,"potions_floor_spawned":[1,13,14,20,28,31,35,41,47],"killed_by":"Awakened One","ascension_level":20}}