{"host":"yqkaigvm5ejtkgd3","time":1611949269,"event":{"mods":["AlwaysNeverKeys","Aspiration","BaseMod","BetterRewards","Colored Powertips","Conspire","Custom Start","Defuse TimeMaze Blight","Energized Spire","GifTheSpireLib","Minty Spire (QoL Compilation)","Permanent Neow","Reliquary","Replay The Spire","Reworked Bosses","SacredBarkPlus","Shop Mod","StSLib","The Forsaken","The IronCluck","Transform Curses"],"gold_per_floor":[14,28,41,53,67,100,100,127,154,174,190,13,44,44,44,140,140,158,169,41,55,55,55,55,81,106,106,140,140,205,205,205,348,348,362,362,362,382,382,415,427,232,232],"floor_reached":42,"language":"ENG","playtime":4332,"items_purged":["Pain","theForsaken:PlagueCurse"],"score":564,"play_id":"e2cb36c1-80fb-43e6-bc1f-1662ca0be9fd","local_time":"20210129204109","is_ascension_mode":true,"campfire_choices":[{"data":"Berserk","floor":15.0,"key":"SMITH"},{"floor":23.0,"key":"REST"},{"floor":27.0,"key":"REST"},{"floor":32.0,"key":"REST"}],"circlet_count":0,"master_deck":["Strike_R","Strike_R","Strike_R","Strike_R","Defend_R","Defend_R","Defend_R","Bash","Berserk+1","Defy Death","Iron Wave","Life Link","Uppercut","Life Link","Infernal Blade","Limit Break","Defy Death","Pommel Strike","Headbutt","Armaments+1","Secret Technique","Sadistic Nature","ReplayTheSpireMod:Private Reserves","Inflame","Demon Form","Replay:Undeath\u0027s Touch","Replay:Undeath\u0027s Touch+1","Warcry","Sword Boomerang","Defy Death","Replay:Many Hands","ReplayTheSpireMod:Splinters","Twin Strike+1","Limit Break","Armaments+1","Replay:Sssssssssshield","ReplayTheSpireMod:Trickstab","Finesse","Metallicize+1","Replay:Undeath\u0027s Touch+1","Dark Shackles","Warcry","Fire Breathing"],"relics":["Burning Blood","conspire:TopHat","theForsaken:PlagueMask","reliquary:Knoch","Vajra","reliquary:TatteredRug","ReplayTheSpireMod:ShopPack","Replay:Mystery Machine","WarpedTongs","conspire:SpecialSausage","aspiration:RitualStick","aspiration:Stabinomicon","Toy Ornithopter","aspiration:ChemicalBlood","aspiration:AnachronicSnailShell","Ring of Fury","ReplayTheSpireMod:Ring of Challenge","energizedSpire:SpiderWeb","ReplayTheSpireMod:Lightbulb","BargainBundle"],"acts_visited":["Exordium","TheCity","TheBeyond"],"potions_floor_usage":[41],"damage_taken":[{"damage":0.0,"enemies":"Cultist","floor":1.0,"turns":3.0},{"damage":0.0,"enemies":"conspire:RoseBush","floor":2.0,"turns":4.0},{"damage":4.0,"enemies":"2 Louse","floor":3.0,"turns":3.0},{"damage":8.0,"enemies":"Gremlin Gang","floor":4.0,"turns":9.0},{"damage":20.0,"enemies":"Large Slime","floor":5.0,"turns":7.0},{"damage":13.0,"enemies":"3 Sentries","floor":6.0,"turns":5.0},{"damage":10.0,"enemies":"Lagavulin","floor":8.0,"turns":4.0},{"damage":7.0,"enemies":"2 Fungi Beasts","floor":10.0,"turns":3.0},{"damage":2.0,"enemies":"Looter","floor":11.0,"turns":2.0},{"damage":15.0,"enemies":"3 Sentries","floor":13.0,"turns":6.0},{"damage":30.0,"enemies":"Slime Boss","floor":16.0,"turns":4.0},{"damage":21.0,"enemies":"Shell Parasite","floor":18.0,"turns":6.0},{"damage":18.0,"enemies":"3 Byrds","floor":19.0,"turns":4.0},{"damage":23.0,"enemies":"Centurion and Healer","floor":21.0,"turns":5.0},{"damage":15.0,"enemies":"Replay:Snechameleon","floor":25.0,"turns":5.0},{"damage":0.0,"enemies":"conspire:SneckoGhost","floor":28.0,"turns":4.0},{"damage":32.0,"enemies":"Snecko","floor":30.0,"turns":5.0},{"damage":18.0,"enemies":"bossMod:newCollector","floor":33.0,"turns":4.0},{"damage":25.0,"enemies":"Orb Walker","floor":35.0,"turns":3.0},{"damage":23.0,"enemies":"3 Shapes","floor":38.0,"turns":4.0},{"damage":8.0,"enemies":"Giant Head","floor":40.0,"turns":5.0},{"damage":12,"enemies":"Spire Growth","floor":41,"turns":4}],"seed_played":"-2233564275200841631","potions_obtained":[{"floor":5.0,"key":"Explosive Potion"},{"floor":6.0,"key":"Adrenaline Potion"},{"floor":8.0,"key":"SneckoOil"},{"floor":10.0,"key":"SkillPotion"},{"floor":11.0,"key":"Elixir"},{"floor":16.0,"key":"Weak Potion"},{"floor":18.0,"key":"Fire Potion"},{"floor":25.0,"key":"Explosive Potion"},{"floor":28.0,"key":"PowerPotion"},{"floor":35.0,"key":"DuplicationPotion"},{"floor":41,"key":"HeartOfIron"}],"is_trial":false,"path_per_floor":["M","M","M","M","M","E","?","E","T","M","M","$","E","?","R","B",null,"M","M","$","M","?","R","?","E","T","R","E","?","M","?","R","B",null,"M","?","?","M","?","E","M","$"],"character_chosen":"IRONCLAD","items_purchased":["reliquary:TatteredRug","ReplayTheSpireMod:ShopPack","Armaments","Warcry","BargainBundle","Dark Shackles","Warcry","Fire Breathing"],"campfire_rested":3,"item_purchase_floors":[12,12,12,20,42,42,42,42],"current_hp_per_floor":[80,80,80,78,64,57,57,53,53,52,56,56,47,47,47,23,80,65,53,53,36,20,44,28,19,19,43,49,49,28,28,52,50,80,73,63,63,61,53,56,55,55,55],"gold":232,"neow_bonus":"TRANSFORM_TWO_CARDS","is_daily":false,"chose_seed":false,"campfire_upgraded":1,"win_rate":0.0,"timestamp":1611949269,"path_taken":["M","M","?","M","M","E","?","E","T","M","M","$","E","?","R","BOSS","M","?","$","M","?","R","?","E","T","R","E","?","M","?","R","BOSS","M","?","?","?","?","E","M","$"],"items_purchased_type":["Relic","Relic","Card","Card","Relic","Card","Card","Card"],"build_version":"2020-12-22","purchased_purges":2,"victory":false,"max_hp_per_floor":[80,80,80,80,80,80,80,80,80,80,80,80,80,80,80,80,80,80,80,80,80,80,80,80,80,80,80,80,80,80,80,80,80,80,80,80,80,85,85,85,85,85,85],"card_choices":[{"not_picked":["Clash","Havoc"],"picked":"Iron Wave","floor":1.0},{"not_picked":["Clash","Hemokinesis"],"picked":"Life Link","floor":2.0},{"not_picked":["Carnage","Rupture"],"picked":"Uppercut","floor":3.0},{"not_picked":["Flex","Blood for Blood"],"picked":"Life Link","floor":4.0},{"not_picked":["Rampage","Massacre"],"picked":"Infernal Blade","floor":5.0},{"not_picked":["Carnage","Rage"],"picked":"Limit Break","floor":6.0},{"not_picked":["Replay:Undeath\u0027s Touch","Disarm"],"picked":"Defy Death","floor":8.0},{"not_picked":["Disarm","Twin Strike"],"picked":"Pommel Strike","floor":10.0},{"not_picked":["Rage","Pommel Strike"],"picked":"Headbutt","floor":11.0},{"not_picked":["Chrysalis","Secret Weapon"],"picked":"Secret Technique","floor":12.0},{"not_picked":["ReplayTheSpireMod:Trickstab","The Bomb"],"picked":"Sadistic Nature","floor":12.0},{"not_picked":["PanicButton","Panache"],"picked":"ReplayTheSpireMod:Private Reserves","floor":12.0},{"not_picked":["Heavy Blade","Wild Strike"],"picked":"Inflame","floor":13.0},{"not_picked":["Barricade","Fiend Fire"],"picked":"Demon Form","floor":16.0},{"not_picked":["Rampage+1","Clash+1"],"picked":"Replay:Undeath\u0027s Touch","floor":18.0},{"not_picked":["Headbutt","Havoc"],"picked":"Replay:Undeath\u0027s Touch+1","floor":19.0},{"not_picked":["Juggernaut","Rupture"],"picked":"Sword Boomerang","floor":21.0},{"not_picked":["Burning Pact","Wild Strike+1"],"picked":"Defy Death","floor":25.0},{"not_picked":["Clash","Flex"],"picked":"Replay:Many Hands","floor":28.0},{"not_picked":["Run Through","Dropkick"],"picked":"Twin Strike+1","floor":30.0},{"not_picked":["conspire:Purge","Feed"],"picked":"Limit Break","floor":33.0},{"not_picked":["Wild Strike+1","Life Link+1"],"picked":"Armaments+1","floor":35.0},{"not_picked":["Forethought","Blind"],"picked":"Replay:Sssssssssshield","floor":36.0},{"not_picked":["Panache","Replay:Sssssssssstrike"],"picked":"ReplayTheSpireMod:Trickstab","floor":36.0},{"not_picked":["Madness","Enlightenment"],"picked":"Finesse","floor":36.0},{"not_picked":["Searing Blow","Perfected Strike+1","Hemokinesis+1"],"picked":"SKIP","floor":38.0},{"not_picked":["ReplayTheSpireMod:Strike From Hell+1","Body Slam"],"picked":"Metallicize+1","floor":40.0},{"not_picked":["Body Slam+1","Clash+1"],"picked":"Replay:Undeath\u0027s Touch+1","floor":41}],"player_experience":296297,"relics_obtained":[{"floor":6.0,"key":"conspire:TopHat"},{"floor":8.0,"key":"reliquary:Knoch"},{"floor":9.0,"key":"Vajra"},{"floor":13.0,"key":"Replay:Mystery Machine"},{"floor":24.0,"key":"aspiration:Stabinomicon"},{"floor":25.0,"key":"Toy Ornithopter"},{"floor":26.0,"key":"aspiration:ChemicalBlood"},{"floor":28.0,"key":"aspiration:AnachronicSnailShell"},{"floor":29.0,"key":"Ring of Fury"},{"floor":29.0,"key":"ReplayTheSpireMod:Ring of Challenge"},{"floor":40.0,"key":"ReplayTheSpireMod:Lightbulb"}],"event_choices":[{"damage_healed":0.0,"max_hp_gain":0.0,"max_hp_loss":0.0,"gold_gain":0.0,"event_name":"Plague Doctor","player_choice":"Obtain Plague Curse","floor":7.0,"gold_loss":0.0,"damage_taken":0.0,"cards_obtained":["theForsaken:PlagueCurse"]},{"damage_healed":0.0,"max_hp_gain":0.0,"max_hp_loss":0.0,"gold_gain":0.0,"event_name":"Accursed Blacksmith","player_choice":"Rummage","floor":14.0,"gold_loss":0.0,"damage_taken":0.0,"relics_obtained":["WarpedTongs"],"cards_obtained":["Pain"]},{"damage_healed":0.0,"max_hp_gain":0.0,"max_hp_loss":0.0,"gold_gain":0.0,"event_name":"Cursed Tome","player_choice":"Obtained Book","floor":24.0,"gold_loss":0.0,"damage_taken":16.0},{"damage_healed":0.0,"max_hp_gain":0.0,"max_hp_loss":0.0,"gold_gain":0.0,"event_name":"The Woman in Blue","player_choice":"Bought 0 Potions","floor":31.0,"gold_loss":0.0,"damage_taken":0.0},{"damage_healed":0.0,"max_hp_gain":0.0,"max_hp_loss":0.0,"gold_gain":0.0,"event_name":"SensoryStone","player_choice":"Memory 3","floor":36.0,"gold_loss":0.0,"damage_taken":10.0},{"damage_healed":0.0,"max_hp_gain":0.0,"max_hp_loss":0.0,"gold_gain":0.0,"event_name":"Upgrade Shrine","player_choice":"Upgraded","floor":37.0,"gold_loss":0.0,"damage_taken":0.0,"cards_upgraded":["Armaments"]},{"damage_healed":0.0,"max_hp_gain":0.0,"max_hp_loss":0.0,"gold_gain":0.0,"event_name":"Wheel of Change","player_choice":"Damaged","floor":39.0,"gold_loss":0.0,"damage_taken":8.0}],"is_beta":false,"boss_relics":[{"not_picked":["aspiration:DefectSkillbook","conspire:SeveredTorchhead"],"picked":"conspire:SpecialSausage"},{"not_picked":["SlaversCollar","Calling Bell"],"picked":"energizedSpire:SpiderWeb"}],"items_purged_floors":[20,42],"is_endless":false,"potions_floor_spawned":[5,6,8,10,11,16,18,25,28,30,33,35,41],"ascension_level":1}}