{"host":"mku5fdaoqz3qihec","time":1611953833,"event":{"mods":["100% Spire Juice","2.2 Compatiblity","AchievementEnabler","Arknights The Spire","BaseMod","CapriCore","Colored Map","Colored Powertips","Hermit","Koishi","Minty Spire (QoL Compilation)","Rare Cards Sparkle","StSLib","SuperFastMode","The Cursed","The Dragon Tamer","The Gatherer","The Immortal","The Servant 0.9.3"],"gold_per_floor":[115,134,10,10,10,38,54,88,88,88,105,55,71,71,71,169,169,189,104,204,223,223,250,262,274,286,198,214,249,265,276,276,377,377,392,102,102,113,123,123,149,24,50,62,62,62,75,93,93,93],"floor_reached":51,"language":"KOR","playtime":1533,"items_purged":["Gatherer:Strike_Gatherer","Normality","Normality"],"score":777,"play_id":"2444f592-0ef0-4d3b-85d5-0bd578ff353b","local_time":"20210130055713","is_ascension_mode":false,"metric_token":1245,"campfire_choices":[{"data":"Gatherer:FlowerWhip+2","floor":10.0,"key":"SMITH"},{"data":"Gatherer:FlowerFalling","floor":15.0,"key":"SMITH"},{"data":"Gatherer:FlowerBeam","floor":24.0,"key":"SMITH"},{"floor":32.0,"key":"REST"},{"data":"Gatherer:LuckyClover","floor":40.0,"key":"SMITH"},{"floor":46.0,"key":"REST"},{"floor":49,"key":"REST"}],"circlet_count":0,"master_deck":["Gatherer:Strike_Gatherer","Gatherer:Strike_Gatherer","Gatherer:Strike_Gatherer","Gatherer:Defend_Gatherer","Gatherer:Defend_Gatherer","Gatherer:Defend_Gatherer","Gatherer:Defend_Gatherer","Gatherer:Defend_Gatherer","Gatherer:Centralize","Gatherer:FlowerWhip+3","Gatherer:Nutrients","Gatherer:TacticalStrike","Gatherer:QuickSynthesis+1","Gatherer:Enchant","Gatherer:FlowerFalling+1","Gatherer:FlowerShield+1","Gatherer:CursedBlade","Gatherer:FlowerBeam+1","Gatherer:Duality+1","Gatherer:Photoscythe","Gatherer:GatherMaterial+1","Gatherer:CursedBlade","Gatherer:LuckyClover+1","Gatherer:BlackTea+1","Gatherer:RecoveryHerb+1"],"relics":["Gatherer:AlchemyBag","NeowsBlessing","StoneCalendar","Darkstone Periapt","Sundial","Gremlin Horn","Lantern","Nilry\u0027s Codex","MawBank","Toxic Egg 2","Matryoshka","Sozu","War Paint","Medical Kit","Blood Vial","Centennial Puzzle","Potion Belt"],"acts_visited":["Exordium","TheCity","TheBeyond"],"potions_floor_usage":[],"damage_taken":[{"damage":0.0,"enemies":"Cultist","floor":1.0,"turns":1.0},{"damage":0.0,"enemies":"Jaw Worm","floor":2.0,"turns":1.0},{"damage":0.0,"enemies":"3 Sentries","floor":6.0,"turns":1.0},{"damage":0.0,"enemies":"Small Slimes","floor":7.0,"turns":3.0},{"damage":8.0,"enemies":"Gremlin Nob","floor":8.0,"turns":3.0},{"damage":0.0,"enemies":"Exordium Thugs","floor":11.0,"turns":2.0},{"damage":12.0,"enemies":"Blue Slaver","floor":13.0,"turns":2.0},{"damage":15.0,"enemies":"Hexaghost","floor":16.0,"turns":7.0},{"damage":5.0,"enemies":"3 Byrds","floor":18.0,"turns":3.0},{"damage":12.0,"enemies":"Shell Parasite","floor":21.0,"turns":4.0},{"damage":13.0,"enemies":"Slavers","floor":23.0,"turns":3.0},{"damage":0.0,"enemies":"3 Cultists","floor":28.0,"turns":3.0},{"damage":0.0,"enemies":"Gremlin Leader","floor":29.0,"turns":4.0},{"damage":0.0,"enemies":"Centurion and Healer","floor":30.0,"turns":3.0},{"damage":13.0,"enemies":"Shelled Parasite and Fungi","floor":31.0,"turns":4.0},{"damage":36.0,"enemies":"Automaton","floor":33.0,"turns":12.0},{"damage":6.0,"enemies":"3 Darklings","floor":35.0,"turns":5.0},{"damage":0.0,"enemies":"Orb Walker","floor":38.0,"turns":2.0},{"damage":15.0,"enemies":"Sphere and 2 Shapes","floor":39.0,"turns":5.0},{"damage":56.0,"enemies":"Giant Head","floor":41.0,"turns":9.0},{"damage":4.0,"enemies":"Jaw Worm Horde","floor":44.0,"turns":3.0},{"damage":35,"enemies":"Writhing Mass","floor":47,"turns":5},{"damage":8,"enemies":"Sphere and 2 Shapes","floor":48,"turns":4},{"damage":68,"enemies":"Time Eater","floor":50,"turns":12}],"seed_played":"8573798667544514896","potions_obtained":[{"floor":1.0,"key":"LiquidMemories"},{"floor":6.0,"key":"LiquidBronze"},{"floor":8.0,"key":"Weak Potion"},{"floor":13.0,"key":"SteroidPotion"},{"floor":18.0,"key":"GamblersBrew"},{"floor":29.0,"key":"AttackPotion"},{"floor":31.0,"key":"SpeedPotion"}],"is_trial":false,"path_per_floor":["M","M","$","?","?","E","M","E","T","R","M","?","M","?","R","B",null,"M","?","?","M","?","E","R","$","T","$","M","E","M","M","R","B",null,"M","$","?","M","M","R","E","$","T","M","$","R","M","M","R","B",null],"character_chosen":"THE_GATHERER","items_purchased":["Gatherer:TacticalStrike","War Paint","Medical Kit"],"campfire_rested":3,"item_purchase_floors":[3,36,36],"current_hp_per_floor":[72,72,72,60,60,60,60,52,52,52,52,52,40,40,40,31,78,73,73,73,61,45,32,32,32,32,32,32,32,32,19,42,6,78,72,72,78,78,63,63,7,7,7,5,5,30,3,5,30,45],"gold":93,"neow_bonus":"THREE_ENEMY_KILL","is_daily":false,"chose_seed":false,"campfire_upgraded":4,"win_rate":0.0,"timestamp":1611953833,"path_taken":["M","M","?","?","?","E","M","E","T","R","?","?","M","?","R","BOSS","M","?","?","?","?","E","R","?","T","$","M","E","M","M","R","BOSS","M","$","?","?","M","R","E","$","T","M","$","R","M","M","R","BOSS"],"items_purchased_type":["Card","Relic","Relic"],"build_version":"2020-12-22","purchased_purges":3,"victory":true,"max_hp_per_floor":[72,72,72,72,72,72,72,72,72,72,72,72,72,72,72,78,78,78,78,78,78,78,78,78,78,78,78,78,78,78,78,78,78,78,78,78,84,84,84,84,84,84,84,84,84,84,84,84,84,84],"card_choices":[{"not_picked":["Gatherer:Herbalism","Gatherer:CollectorsShot"],"picked":"Gatherer:Nutrients","floor":1.0},{"not_picked":["Gatherer:Frenzy","Gatherer:Transmute","Gatherer:EnergyBasket"],"picked":"SKIP","floor":2.0},{"not_picked":["Gatherer:DrugPower","Gatherer:WoolGloves"],"picked":"Gatherer:QuickSynthesis","floor":6.0},{"not_picked":["Gatherer:SaveValuables","Gatherer:Convert"],"picked":"Gatherer:Enchant","floor":7.0},{"not_picked":["Gatherer:TacticalStrike","Gatherer:QuickSynthesis","Gatherer:Convert"],"picked":"SKIP","floor":8.0},{"not_picked":["Gatherer:WoolGloves","Gatherer:UpgradeBag"],"picked":"Gatherer:FlowerFalling","floor":11.0},{"not_picked":["Gatherer:UpgradeBag","Gatherer:Duplicator"],"picked":"Gatherer:FlowerShield","floor":13.0},{"not_picked":["Gatherer:FlamingBottle","Gatherer:MindSearch"],"picked":"Gatherer:CursedBlade","floor":16.0},{"not_picked":["Gatherer:Pollute","Gatherer:EnergyBasket","Gatherer:AcidicSpray+1"],"picked":"SKIP","floor":18.0},{"not_picked":["Gatherer:WoolGloves","Gatherer:OddSpoils+1"],"picked":"Gatherer:FlowerBeam","floor":21.0},{"not_picked":["Gatherer:SmartManeuver","Gatherer:Liquidism","Gatherer:UpgradeBag"],"picked":"SKIP","floor":23.0},{"not_picked":["Gatherer:BigPouch+1","Gatherer:MiningStrike","Gatherer:UpgradeBag"],"picked":"SKIP","floor":28.0},{"not_picked":["Gatherer:PotentialSlash+1","Gatherer:Misfortune","Gatherer:EnergyBasket+1"],"picked":"SKIP","floor":29.0},{"not_picked":["Gatherer:RottenStipe","Gatherer:QuickSynthesis+1"],"picked":"Gatherer:Duality+1","floor":30.0},{"not_picked":["Gatherer:Frenzy","Gatherer:AromaProtection+1","Gatherer:BambuSword"],"picked":"SKIP","floor":31.0},{"not_picked":["Gatherer:LuckyClover","Gatherer:BlackTea+1"],"picked":"Gatherer:Photoscythe","floor":33.0},{"not_picked":["Gatherer:CollectorsShot","Gatherer:SaveValuables+1"],"picked":"Gatherer:GatherMaterial+1","floor":35.0},{"not_picked":["Gatherer:GatherMaterial+1","Gatherer:Frenzy","Gatherer:FlowerFalling"],"picked":"SKIP","floor":38.0},{"not_picked":["Gatherer:TacticalStrike+1","Gatherer:Convert+1"],"picked":"Gatherer:LuckyClover","floor":39.0},{"not_picked":["Gatherer:UpgradeBag+1","Gatherer:AromaProtection+1"],"picked":"Gatherer:BlackTea+1","floor":41.0},{"not_picked":["Gatherer:TacticalStrike+1","Gatherer:ScherryThrow"],"picked":"Gatherer:RecoveryHerb+1","floor":44.0},{"not_picked":["Gatherer:MiningStrike","Gatherer:ScherryThrow","Gatherer:FragileHammer+1"],"picked":"SKIP","floor":47},{"not_picked":["Gatherer:FlowerFalling+1","Gatherer:RecipeChange+1","Gatherer:Frenzy+1"],"picked":"SKIP","floor":48}],"player_experience":302834,"relics_obtained":[{"floor":6.0,"key":"Darkstone Periapt"},{"floor":8.0,"key":"Sundial"},{"floor":9.0,"key":"Gremlin Horn"},{"floor":22.0,"key":"Nilry\u0027s Codex"},{"floor":23.0,"key":"MawBank"},{"floor":26.0,"key":"Toxic Egg 2"},{"floor":29.0,"key":"Matryoshka"},{"floor":41.0,"key":"Blood Vial"},{"floor":43.0,"key":"Centennial Puzzle"},{"floor":43.0,"key":"Potion Belt"}],"event_choices":[{"damage_healed":0.0,"max_hp_gain":0.0,"max_hp_loss":0.0,"gold_gain":0.0,"event_name":"Scrap Ooze","player_choice":"Success","floor":4.0,"gold_loss":0.0,"damage_taken":12.0,"relics_obtained":["StoneCalendar"]},{"damage_healed":0.0,"max_hp_gain":0.0,"max_hp_loss":0.0,"gold_gain":0.0,"event_name":"Accursed Blacksmith","player_choice":"Forge","floor":5.0,"gold_loss":0.0,"damage_taken":0.0,"cards_upgraded":["Gatherer:FlowerWhip"]},{"cards_removed":["Gatherer:Strike_Gatherer"],"damage_healed":0.0,"max_hp_gain":0.0,"max_hp_loss":0.0,"gold_gain":0.0,"event_name":"The Cleric","player_choice":"Card Removal","floor":12.0,"gold_loss":50.0,"damage_taken":0.0},{"damage_healed":0.0,"max_hp_gain":0.0,"max_hp_loss":0.0,"gold_gain":0.0,"event_name":"Liars Game","player_choice":"Ignored","floor":14.0,"gold_loss":0.0,"damage_taken":0.0},{"damage_healed":0.0,"max_hp_gain":0.0,"max_hp_loss":0.0,"gold_gain":0.0,"event_name":"Addict","player_choice":"Obtained Relic","floor":19.0,"gold_loss":85.0,"damage_taken":0.0,"relics_obtained":["Lantern"]},{"damage_healed":0.0,"max_hp_gain":0.0,"max_hp_loss":0.0,"gold_gain":100.0,"event_name":"Golden Shrine","player_choice":"Pray","floor":20.0,"gold_loss":0.0,"damage_taken":0.0},{"damage_healed":0.0,"max_hp_gain":0.0,"max_hp_loss":0.0,"gold_gain":0.0,"event_name":"Cursed Tome","player_choice":"Obtained Book","floor":22.0,"gold_loss":0.0,"damage_taken":16.0},{"damage_healed":0.0,"max_hp_gain":0.0,"max_hp_loss":0.0,"gold_gain":0.0,"event_name":"Duplicator","player_choice":"Copied","floor":37.0,"gold_loss":0.0,"damage_taken":0.0,"cards_obtained":["Gatherer:CursedBlade"]}],"is_beta":false,"boss_relics":[{"not_picked":["Cursed Key","Velvet Choker","Busted Crown"]},{"not_picked":["Gatherer:ExplorersPath","Astrolabe"],"picked":"Sozu"}],"items_purged_floors":[3,27,42],"is_endless":false,"potions_floor_spawned":[1,6,8,13,18,29,31,35,39,41,48],"ascension_level":0}}