{"host":"n6qxj7a4gnapjcui","time":1611949753,"event":{"mods":["2.2 Compatiblity","AchievementEnabler","BaseMod","Colored Map","Minty Spire (QoL Compilation)"],"gold_per_floor":[116,134,153,153,164,164,195,195,195,195,214,61,61,80,80,80,80],"floor_reached":16,"language":"POL","playtime":548,"items_purged":[],"score":148,"play_id":"32f28577-ab74-4f58-8b82-e711e6dcf77b","local_time":"20210129204913","is_ascension_mode":true,"campfire_choices":[{"data":"Pommel Strike","floor":6.0,"key":"SMITH"},{"data":"Warcry","floor":10.0,"key":"SMITH"},{"floor":15,"key":"REST"}],"circlet_count":0,"master_deck":["Strike_R","Strike_R","Strike_R","Defend_R","Defend_R","Defend_R","Defend_R","Bash","Warcry+1","Pommel Strike+1","Thunderclap","Twin Strike","Seeing Red","Clothesline","Shrug It Off"],"relics":["Burning Blood","Blood Vial","Ancient Tea Set","Anchor","Gremlin Horn"],"acts_visited":["Exordium"],"potions_floor_usage":[16],"damage_taken":[{"damage":1.0,"enemies":"2 Louse","floor":1.0,"turns":3.0},{"damage":6.0,"enemies":"Cultist","floor":2.0,"turns":3.0},{"damage":0.0,"enemies":"Small Slimes","floor":3.0,"turns":3.0},{"damage":4.0,"enemies":"Red Slaver","floor":5.0,"turns":5.0},{"damage":40.0,"enemies":"Gremlin Nob","floor":7.0,"turns":5.0},{"damage":14,"enemies":"Exordium Thugs","floor":11,"turns":6},{"damage":0,"enemies":"Looter","floor":14,"turns":3},{"damage":68,"enemies":"Hexaghost","floor":16,"turns":13}],"seed_played":"3216650790753384620","potions_obtained":[{"floor":2.0,"key":"Fruit Juice"},{"floor":3.0,"key":"Energy Potion"}],"is_trial":false,"path_per_floor":["M","M","M","?","M","R","E","?","T","R","M","$","?","M","R","B"],"character_chosen":"IRONCLAD","items_purchased":["PowerPotion","Clothesline","SteroidPotion"],"campfire_rested":1,"item_purchase_floors":[12,12,12],"current_hp_per_floor":[79,85,85,85,85,85,51,51,51,51,45,45,33,41,66,0,0],"gold":80,"neow_bonus":"RANDOM_COMMON_RELIC","is_daily":false,"chose_seed":false,"campfire_upgraded":2,"win_rate":0.0,"timestamp":1611949753,"path_taken":["M","M","M","?","?","R","E","?","T","R","?","$","?","M","R","BOSS"],"items_purchased_type":["Potion","Card","Potion"],"build_version":"2020-12-22","purchased_purges":0,"victory":false,"max_hp_per_floor":[80,85,85,85,85,85,85,85,85,85,85,85,85,85,85,85,85],"card_choices":[{"not_picked":["True Grit","Havoc"],"picked":"Warcry","floor":1.0},{"not_picked":["Hemokinesis","Sword Boomerang"],"picked":"Pommel Strike","floor":2.0},{"not_picked":["Sword Boomerang","Sever Soul","Combust"],"picked":"SKIP","floor":3.0},{"not_picked":["Perfected Strike","Iron Wave"],"picked":"Thunderclap","floor":5.0},{"not_picked":["Entrench","Rupture"],"picked":"Twin Strike","floor":7.0},{"not_picked":["Reaper","True Grit"],"picked":"Seeing Red","floor":11},{"not_picked":["Perfected Strike","Entrench"],"picked":"Shrug It Off","floor":14}],"player_experience":321432,"relics_obtained":[{"floor":7.0,"key":"Ancient Tea Set"},{"floor":9.0,"key":"Anchor"}],"event_choices":[{"cards_removed":["Strike_R"],"damage_healed":0.0,"max_hp_gain":0.0,"max_hp_loss":0.0,"gold_gain":0.0,"event_name":"Purifier","player_choice":"Purged","floor":4.0,"gold_loss":0.0,"damage_taken":0.0},{"cards_removed":["Strike_R"],"damage_healed":0.0,"max_hp_gain":0.0,"max_hp_loss":0.0,"gold_gain":0.0,"event_name":"Bonfire Elementals","player_choice":"Offered Basic","floor":8.0,"gold_loss":0.0,"damage_taken":0.0},{"damage_healed":0,"gold_gain":0,"player_choice":"Success","damage_taken":12,"relics_obtained":["Gremlin Horn"],"max_hp_gain":0,"max_hp_loss":0,"event_name":"Scrap Ooze","floor":13,"gold_loss":0}],"is_beta":false,"boss_relics":[],"items_purged_floors":[],"is_endless":false,"potions_floor_spawned":[2,3],"killed_by":"Hexaghost","ascension_level":9}}