{"host":"9tzam4717zt8ei1o","time":1611933701,"event":{"mods":["BaseMod","Colored Map","Keyboard Shortcuts","Minty Spire (QoL Compilation)","Quick Restart","StSLib","SuperFastMode"],"gold_per_floor":[118,118,7,7,7,7,22,22,22,22,43,43,79,95,95,188,188,207,207,226,226,141,141,55,94,94,125,125,125],"floor_reached":28,"language":"KOR","playtime":469,"items_purged":[],"score":504,"play_id":"9f167256-3145-4c62-a71b-79d4e7222959","local_time":"20210130002141","is_ascension_mode":true,"campfire_choices":[{"data":"Body Slam","floor":6.0,"key":"SMITH"},{"data":"Shrug It Off","floor":8.0,"key":"SMITH"},{"data":"Evolve","floor":10.0,"key":"SMITH"},{"data":"Blood for Blood","floor":12.0,"key":"SMITH"},{"floor":15.0,"key":"REST"},{"data":"Offering","floor":23.0,"key":"SMITH"}],"circlet_count":0,"master_deck":["AscendersBane","Strike_R","Strike_R","Defend_R","Defend_R","Defend_R","Defend_R","Bash","Seeing Red","Evolve+1","Shrug It Off+1","Body Slam+1","Fire Breathing","Blood for Blood+1","Offering+1","Offering","Sever Soul+1","Second Wind+1","Dual Wield+1","Battle Trance+1","Burning Pact","Sentinel+1","Shrug It Off"],"relics":["Burning Blood","Golden Idol","Kunai","Girya","Astrolabe","Regal Pillow","Juzu Bracelet","Eternal Feather","Pen Nib"],"acts_visited":["Exordium","TheCity"],"potions_floor_usage":[],"damage_taken":[{"damage":21.0,"enemies":"Small Slimes","floor":1.0,"turns":4.0},{"damage":2.0,"enemies":"Jaw Worm","floor":7.0,"turns":4.0},{"damage":4.0,"enemies":"2 Louse","floor":11.0,"turns":3.0},{"damage":34.0,"enemies":"Lagavulin","floor":13.0,"turns":8.0},{"damage":6.0,"enemies":"Looter","floor":14.0,"turns":2.0},{"damage":17.0,"enemies":"Hexaghost","floor":16.0,"turns":9.0},{"damage":12.0,"enemies":"3 Byrds","floor":18.0,"turns":4.0},{"damage":17.0,"enemies":"Shell Parasite","floor":20.0,"turns":2.0},{"damage":29.0,"enemies":"Book of Stabbing","floor":25.0,"turns":4.0},{"damage":19.0,"enemies":"Slavers","floor":27.0,"turns":3.0},{"damage":16,"enemies":"Shelled Parasite and Fungi","floor":28,"turns":1}],"seed_played":"-7108091224517384265","potions_obtained":[{"floor":1.0,"key":"LiquidBronze"},{"floor":7.0,"key":"Energy Potion"},{"floor":11.0,"key":"Block Potion"},{"floor":13.0,"key":"PowerPotion"},{"floor":25.0,"key":"Explosive Potion"},{"floor":27.0,"key":"Fire Potion"}],"is_trial":false,"path_per_floor":["M","?","$","?","$","R","M","R","T","R","M","R","E","M","R","B",null,"M","?","M","?","?","R","$","E","T","E","M"],"character_chosen":"IRONCLAD","items_purchased":["Shrug It Off","Body Slam","Burning Pact"],"campfire_rested":1,"item_purchase_floors":[3,3,24],"current_hp_per_floor":[53,58,58,30,30,30,34,34,34,34,36,36,8,8,32,21,65,59,59,48,48,48,48,48,25,25,12,0,0],"gold":125,"neow_bonus":"THREE_CARDS","is_daily":false,"chose_seed":false,"campfire_upgraded":5,"win_rate":0.0,"timestamp":1611933701,"path_taken":["M","?","$","?","?","R","M","R","T","R","M","R","E","M","R","BOSS","M","?","M","?","?","R","?","E","T","E","M"],"items_purchased_type":["Card","Card","Card"],"build_version":"2020-12-22","purchased_purges":0,"victory":false,"max_hp_per_floor":[75,80,80,80,80,80,80,80,80,80,80,80,80,80,80,80,80,80,80,80,80,80,80,80,80,80,80,80,80],"card_choices":[{"not_picked":["Flex","Heavy Blade"],"picked":"Seeing Red","floor":0.0},{"not_picked":["Perfected Strike","Havoc"],"picked":"Evolve","floor":1.0},{"not_picked":["Shockwave","Spot Weakness"],"picked":"Fire Breathing","floor":7.0},{"not_picked":["Wild Strike","Pommel Strike"],"picked":"Blood for Blood","floor":11.0},{"not_picked":["Iron Wave","Thunderclap","Clash"],"picked":"SKIP","floor":13.0},{"not_picked":["Cleave","Warcry"],"picked":"Offering","floor":14.0},{"not_picked":["Exhume","Brutality"],"picked":"Offering","floor":16.0},{"not_picked":["Warcry","Flex+1","Sentinel"],"picked":"SKIP","floor":18.0},{"not_picked":["Perfected Strike","Anger"],"picked":"Battle Trance+1","floor":20.0},{"not_picked":["Bloodletting","Sword Boomerang"],"picked":"Sentinel+1","floor":25.0},{"not_picked":["Shrug It Off","True Grit","Uppercut"],"picked":"SKIP","floor":27.0},{"not_picked":["True Grit","Uppercut"],"picked":"Shrug It Off","floor":27.0}],"player_experience":111413,"relics_obtained":[{"floor":9.0,"key":"Kunai"},{"floor":13.0,"key":"Girya"},{"floor":25.0,"key":"Juzu Bracelet"},{"floor":26.0,"key":"Eternal Feather"},{"floor":27.0,"key":"Pen Nib"}],"event_choices":[{"damage_healed":0.0,"max_hp_gain":5.0,"max_hp_loss":0.0,"gold_gain":0.0,"event_name":"Big Fish","player_choice":"Donut","floor":2.0,"gold_loss":0.0,"damage_taken":0.0},{"damage_healed":0.0,"max_hp_gain":0.0,"max_hp_loss":0.0,"gold_gain":0.0,"event_name":"Golden Idol","player_choice":"Take Damage","floor":4.0,"gold_loss":0.0,"damage_taken":28.0,"relics_obtained":["Golden Idol"]},{"damage_healed":0.0,"max_hp_gain":0.0,"max_hp_loss":0.0,"gold_gain":0.0,"event_name":"The Mausoleum","player_choice":"Ignored","floor":19.0,"gold_loss":0.0,"damage_taken":0.0},{"damage_healed":0.0,"max_hp_gain":0.0,"max_hp_loss":0.0,"gold_gain":0.0,"event_name":"Cursed Tome","player_choice":"Ignored","floor":21.0,"gold_loss":0.0,"damage_taken":0.0},{"damage_healed":0.0,"max_hp_gain":0.0,"max_hp_loss":0.0,"gold_gain":0.0,"event_name":"Addict","player_choice":"Obtained Relic","floor":22.0,"gold_loss":85.0,"damage_taken":0.0,"relics_obtained":["Regal Pillow"]}],"is_beta":false,"boss_relics":[{"not_picked":["Runic Cube","Philosopher\u0027s Stone"],"picked":"Astrolabe"}],"items_purged_floors":[],"is_endless":false,"potions_floor_spawned":[1,7,11,13,25,27],"killed_by":"Shelled Parasite and Fungi","ascension_level":20}}