{"host":"jm9833yuloeli2yd","time":1611937088,"event":{"mods":["BaseMod","Better Altar","Better Match","Better Note","Better Sensory Stone","Better Skull","Better Third Choice","Better Vampires","BetterRewards","Colored Map","Colored Powertips","DeckTracker","Minty Spire (QoL Compilation)","Permanent Neow","Quick Restart","Slay-I","StSLib","SuperFastMode"],"gold_per_floor":[111,124,143,69,79,79,112,127,151,151,226,255,255,273,273,273,273],"floor_reached":16,"language":"ENG","playtime":333,"items_purged":[],"score":174,"play_id":"5e4e18f8-263c-48ed-a478-9be695f4c881","local_time":"20210129111808","is_ascension_mode":true,"campfire_choices":[{"data":"Eruption","floor":6.0,"key":"SMITH"},{"data":"Conclude","floor":10.0,"key":"SMITH"},{"data":"Meditate","floor":15,"key":"SMITH"}],"circlet_count":0,"master_deck":["AscendersBane","Strike_P","Strike_P","Strike_P","Strike_P","Defend_P","Defend_P","Defend_P","Defend_P","Eruption+1","Vigilance","Wallop","Meditate+1","Tantrum","Tantrum","Conclude+1","WheelKick","Tantrum","EmptyFist"],"relics":["PureWater","Juzu Bracelet","Pen Nib","Centennial Puzzle"],"acts_visited":["Exordium"],"potions_floor_usage":[16],"damage_taken":[{"damage":0.0,"enemies":"Small Slimes","floor":1.0,"turns":3.0},{"damage":0.0,"enemies":"Jaw Worm","floor":2.0,"turns":3.0},{"damage":4.0,"enemies":"2 Louse","floor":3.0,"turns":4.0},{"damage":3.0,"enemies":"Blue Slaver","floor":5.0,"turns":3.0},{"damage":1.0,"enemies":"3 Sentries","floor":7.0,"turns":2.0},{"damage":0.0,"enemies":"Large Slime","floor":8.0,"turns":3.0},{"damage":30.0,"enemies":"Lagavulin","floor":12.0,"turns":5.0},{"damage":0,"enemies":"2 Fungi Beasts","floor":14,"turns":1},{"damage":23,"enemies":"The Guardian","floor":16,"turns":6}],"seed_played":"-2665447953278965057","potions_obtained":[{"floor":2.0,"key":"ColorlessPotion"},{"floor":3.0,"key":"SteroidPotion"},{"floor":5.0,"key":"FearPotion"},{"floor":14,"key":"LiquidBronze"}],"is_trial":false,"path_per_floor":["M","M","M","$","M","R","E","M","T","R","?","E","?","M","R","B"],"character_chosen":"WATCHER","items_purchased":["Wallop","Conclude"],"campfire_rested":0,"item_purchase_floors":[0,4],"current_hp_per_floor":[65,65,61,61,58,58,57,57,57,57,46,16,21,21,21,0,0],"gold":273,"neow_bonus":"","is_daily":false,"chose_seed":false,"campfire_upgraded":3,"win_rate":0.0,"timestamp":1611937088,"path_taken":["M","M","M","$","M","R","E","M","T","R","?","E","?","M","R","BOSS"],"items_purchased_type":["Card","Card"],"build_version":"2020-12-22","purchased_purges":0,"victory":false,"max_hp_per_floor":[72,72,72,72,72,72,72,72,72,72,72,72,77,77,77,77,77],"card_choices":[{"not_picked":["Consecrate","ThirdEye"],"picked":"Meditate","floor":1.0},{"not_picked":["Halt","CrushJoints"],"picked":"Tantrum","floor":2.0},{"not_picked":["SashWhip","WreathOfFlame"],"picked":"Tantrum","floor":3.0},{"not_picked":["SandsOfTime","SashWhip"],"picked":"WheelKick","floor":5.0},{"not_picked":["Conclude","Collect"],"picked":"Tantrum","floor":7.0},{"not_picked":["FlyingSleeves","BattleHymn","Alpha"],"picked":"SKIP","floor":8.0},{"not_picked":["JustLucky","Adaptation"],"picked":"EmptyFist","floor":12.0},{"not_picked":["PathToVictory","Nirvana","Crescendo"],"picked":"SKIP","floor":14}],"player_experience":1344795,"relics_obtained":[{"floor":7.0,"key":"Juzu Bracelet"},{"floor":9.0,"key":"Pen Nib"},{"floor":12.0,"key":"Centennial Puzzle"}],"event_choices":[{"damage_healed":0.0,"max_hp_gain":0.0,"max_hp_loss":0.0,"gold_gain":75.0,"event_name":"betterThird:BetterGoop","player_choice":"Gold","floor":11.0,"gold_loss":0.0,"damage_taken":11.0},{"damage_healed":0.0,"max_hp_gain":5.0,"max_hp_loss":0.0,"gold_gain":0.0,"event_name":"Big Fish","player_choice":"Donut","floor":13.0,"gold_loss":0.0,"damage_taken":0.0}],"is_beta":false,"boss_relics":[],"items_purged_floors":[],"is_endless":false,"potions_floor_spawned":[2,3,5,14],"killed_by":"The Guardian","ascension_level":11}}