{"host":"sav7uxregyirlf69","time":1611933127,"event":{"mods":["AchievementEnabler","BaseMod","Colored Map","DeckTracker","Keyboard Shortcuts","Minty Spire (QoL Compilation)","READ ME - Guardian Mod","StSLib","SuperFastMode"],"gold_per_floor":[113,113,130,142,28,28,107,107,161,161,186,227,227,246,246,246,246],"floor_reached":16,"language":"KOR","playtime":231,"items_purged":["Defend_G"],"score":200,"play_id":"b7cc8c40-cadb-4080-9332-8ae6446b6b0c","local_time":"20210130001207","is_ascension_mode":true,"campfire_choices":[{"data":"Deadly Poison","floor":6,"key":"SMITH"},{"data":"Cloak And Dagger","floor":8,"key":"SMITH"},{"data":"Neutralize","floor":13,"key":"SMITH"},{"data":"Dagger Spray","floor":15,"key":"SMITH"}],"circlet_count":0,"master_deck":["AscendersBane","Strike_G+1","Strike_G+1","Strike_G","Strike_G","Defend_G","Defend_G","Defend_G","Defend_G","Survivor","Neutralize+1","Cloak And Dagger+1","Deadly Poison+1","Reflex","Backflip","Dagger Spray+1","Quick Slash"],"relics":["Ring of the Snake","Kunai","Whetstone","Golden Idol"],"acts_visited":["Exordium"],"potions_floor_usage":[11,12,16],"damage_taken":[{"damage":1,"enemies":"Jaw Worm","floor":1,"turns":4},{"damage":2,"enemies":"Cultist","floor":3,"turns":5},{"damage":2,"enemies":"Small Slimes","floor":4,"turns":5},{"damage":0,"enemies":"3 Louse","floor":11,"turns":3},{"damage":3,"enemies":"Lagavulin","floor":12,"turns":6},{"damage":14,"enemies":"Large Slime","floor":14,"turns":6},{"damage":45,"enemies":"Slime Boss","floor":16,"turns":7}],"seed_played":"-711162223459801860","potions_obtained":[{"floor":3,"key":"Block Potion"},{"floor":4,"key":"CultistPotion"},{"floor":14,"key":"LiquidMemories"}],"is_trial":false,"path_per_floor":["M","?","M","M","$","R","T","R","T","?","M","E","R","M","R","B"],"character_chosen":"THE_SILENT","items_purchased":["Reflex"],"campfire_rested":0,"item_purchase_floors":[5],"current_hp_per_floor":[55,55,53,51,51,51,51,51,51,51,51,48,48,34,34,0,0],"gold":246,"neow_bonus":"TWENTY_PERCENT_HP_BONUS","is_daily":false,"chose_seed":false,"campfire_upgraded":4,"win_rate":0.0,"timestamp":1611933127,"path_taken":["M","?","M","?","?","R","?","R","T","?","M","E","R","M","R","BOSS"],"items_purchased_type":["Card"],"build_version":"2020-12-22","purchased_purges":1,"victory":false,"max_hp_per_floor":[78,78,78,78,78,78,78,78,78,71,71,71,71,71,71,71,71],"card_choices":[{"not_picked":["Sucker Punch","Well Laid Plans"],"picked":"Cloak And Dagger","floor":1},{"not_picked":["PiercingWail","Expertise"],"picked":"Deadly Poison","floor":3},{"not_picked":["Cloak And Dagger","Infinite Blades","Sucker Punch"],"picked":"SKIP","floor":4},{"not_picked":["Deadly Poison","Underhanded Strike"],"picked":"Backflip","floor":11},{"not_picked":["Riddle With Holes","Underhanded Strike"],"picked":"Dagger Spray","floor":12},{"not_picked":["Dodge and Roll","Distraction"],"picked":"Quick Slash","floor":14}],"player_experience":1429873,"relics_obtained":[{"floor":7,"key":"Kunai"},{"floor":9,"key":"Whetstone"}],"event_choices":[{"cards_removed":["Strike_G"],"damage_healed":0,"gold_gain":0,"player_choice":"Offered Basic","damage_taken":0,"max_hp_gain":0,"max_hp_loss":0,"event_name":"Bonfire Elementals","floor":2,"gold_loss":0},{"damage_healed":0,"gold_gain":0,"player_choice":"Lose Max HP","damage_taken":0,"relics_obtained":["Golden Idol"],"max_hp_gain":0,"max_hp_loss":7,"event_name":"Golden Idol","floor":10,"gold_loss":0}],"is_beta":false,"boss_relics":[],"items_purged_floors":[5],"is_endless":false,"potions_floor_spawned":[3,4,14],"killed_by":"Slime Boss","ascension_level":20}}