{"host":"hxqmxu97ax4h93y4","time":1611942545,"event":{"mods":["BaseMod","Downfall","Hermit","Marisa????????","Minty Spire (QoL Compilation)","Random Character Button","StSLib","The Cursed","The Necromancer","The Runesmith"],"gold_per_floor":[110,127,142,159,159,185,201,201,201,212,222,241,256,256,256,256,256],"floor_reached":16,"language":"ENG","playtime":628,"items_purged":[],"score":108,"play_id":"35e2a673-1e44-4950-9734-8b6560210da6","local_time":"20210129094905","is_ascension_mode":false,"campfire_choices":[{"data":"Cleave","floor":8,"key":"SMITH"},{"data":"Flame Barrier","floor":15,"key":"SMITH"}],"circlet_count":0,"master_deck":["Strike_R","Strike_R","Strike_R","Strike_R","Defend_R","Defend_R","Defend_R","Defend_R","Bash","Combust+1","Pommel Strike+1","Flame Barrier+1","Exhume","Cleave+1","Warcry","Warcry","Iron Wave","Seeing Red"],"relics":["Burning Blood","Centennial Puzzle","Bag of Preparation"],"acts_visited":["Exordium"],"potions_floor_usage":[3,11,11,13,16],"damage_taken":[{"damage":7,"enemies":"Jaw Worm","floor":1,"turns":6},{"damage":2,"enemies":"Small Slimes","floor":2,"turns":4},{"damage":8,"enemies":"2 Louse","floor":3,"turns":3},{"damage":10,"enemies":"Looter","floor":4,"turns":3},{"damage":29,"enemies":"Gremlin Nob","floor":6,"turns":5},{"damage":4,"enemies":"Large Slime","floor":7,"turns":6},{"damage":0,"enemies":"Lots of Slimes","floor":10,"turns":1},{"damage":7,"enemies":"Looter","floor":11,"turns":2},{"damage":14,"enemies":"Gremlin Gang","floor":12,"turns":3},{"damage":4,"enemies":"Large Slime","floor":13,"turns":5},{"damage":59,"enemies":"Hexaghost","floor":16,"turns":9}],"seed_played":"7081054709248783133","potions_obtained":[{"floor":1,"key":"ColorlessPotion"},{"floor":2,"key":"BloodPotion"},{"floor":6,"key":"Weak Potion"},{"floor":7,"key":"Fire Potion"},{"floor":12,"key":"Fruit Juice"}],"is_trial":false,"path_per_floor":["M","M","M","M","?","E","M","R","T","M","M","M","M","?","R","B"],"character_chosen":"IRONCLAD","items_purchased":[],"campfire_rested":0,"item_purchase_floors":[],"current_hp_per_floor":[79,80,78,74,58,35,37,37,37,43,42,34,41,41,41,0,0],"gold":256,"neow_bonus":"REMOVE_CARD","is_daily":false,"chose_seed":false,"campfire_upgraded":2,"win_rate":0.0,"timestamp":1611942545,"path_taken":["M","M","M","M","?","E","M","R","T","M","M","M","M","?","R","BOSS"],"items_purchased_type":[],"build_version":"2020-12-22","purchased_purges":0,"victory":false,"max_hp_per_floor":[80,80,80,80,80,80,80,80,80,80,80,80,85,85,85,85,85],"card_choices":[{"not_picked":["Body Slam","Uppercut"],"picked":"Combust","floor":1},{"not_picked":["Dual Wield","Thunderclap","Rupture"],"picked":"SKIP","floor":2},{"not_picked":["Seeing Red","Anger"],"picked":"Pommel Strike","floor":3},{"not_picked":["Dual Wield","Dropkick"],"picked":"Flame Barrier","floor":4},{"not_picked":["Clothesline","Clash"],"picked":"Exhume","floor":6},{"not_picked":["Pommel Strike","Iron Wave"],"picked":"Cleave","floor":7},{"not_picked":["Clothesline","Thunderclap"],"picked":"Warcry","floor":10},{"not_picked":["Flex","Clash"],"picked":"Warcry","floor":11},{"not_picked":["Whirlwind","Clothesline"],"picked":"Iron Wave","floor":12},{"not_picked":["Double Tap","Armaments"],"picked":"Seeing Red","floor":13}],"player_experience":66469,"relics_obtained":[{"floor":6,"key":"Centennial Puzzle"},{"floor":9,"key":"Bag of Preparation"}],"event_choices":[{"damage_healed":0,"gold_gain":0,"player_choice":"Entered Light","damage_taken":16,"max_hp_gain":0,"max_hp_loss":0,"event_name":"Shining Light","floor":5,"gold_loss":0,"cards_upgraded":["Combust","Pommel Strike"]},{"damage_healed":0,"gold_gain":0,"player_choice":"Ignored","damage_taken":0,"max_hp_gain":0,"max_hp_loss":0,"event_name":"Liars Game","floor":14,"gold_loss":0}],"is_beta":false,"boss_relics":[],"items_purged_floors":[],"is_endless":false,"potions_floor_spawned":[1,2,6,7,12],"killed_by":"Hexaghost","ascension_level":0}}