{"host":"y1oqg7uy0jc6f5mb","time":1611951730,"event":{"mods":["BaseMod","Better Altar","Better Match","Better Note","Better Sensory Stone","Better Skull","Better Third Choice","Block Reminder","Colored Map","Colored Powertips","Custom Start","DeckTracker","Displayed Cursed Tome","Downfall","Highlight Path","Ironclad Rager","Minty Spire (QoL Compilation)","Permanent Neow","Quick Restart","Relic Sorter","Relic Stats","Replay The Spire","Shop Mod","StSLib"],"gold_per_floor":[110,122,122,47,59,91,121,133,170,182,209,221,244,317,329,341,341],"floor_reached":16,"language":"ENG","playtime":1445,"items_purged":["Strike_P"],"score":112,"play_id":"03665013-5fa9-4eef-8cc2-0b7beb95d886","local_time":"20210130042210","is_ascension_mode":true,"campfire_choices":[{"floor":8.0,"key":"REST"},{"floor":10.0,"key":"REST"},{"data":"Venomology","floor":15.0,"key":"SMITH"}],"circlet_count":0,"master_deck":["Strike_P+1","Strike_P+1","Strike_P+1","Defend_P","Defend_P","Defend_P","Defend_P","Eruption+1","Vigilance","LessonLearned","ClearTheMind","Evaluate","Venomology+1","Establishment+1","Vengeance+1","Replay:DivineShield","Pray","Protect"],"relics":["PureWater","Juzu Bracelet","MawBank","Simple Rune","Nunchaku"],"acts_visited":["Exordium"],"potions_floor_usage":[16,16,16],"damage_taken":[{"damage":1.0,"enemies":"Cultist","floor":1.0,"turns":4.0},{"damage":5.0,"enemies":"Small Slimes","floor":2.0,"turns":6.0},{"damage":4.0,"enemies":"Jaw Worm","floor":5.0,"turns":4.0},{"damage":30.0,"enemies":"3 Sentries","floor":6.0,"turns":16.0},{"damage":3.0,"enemies":"Blue Slaver","floor":7.0,"turns":3.0},{"damage":2.0,"enemies":"2 Fungi Beasts","floor":11.0,"turns":5.0},{"damage":0.0,"enemies":"Looter","floor":13.0,"turns":4.0},{"damage":12.0,"enemies":"Gremlin Nob","floor":14.0,"turns":2.0},{"damage":49,"enemies":"Hexaghost","floor":16,"turns":16}],"seed_played":"-3591539296904542548","potions_obtained":[{"floor":5.0,"key":"BlessingOfTheForge"},{"floor":6.0,"key":"DistilledChaos"},{"floor":7.0,"key":"Death Potion"},{"floor":13.0,"key":"ColorlessPotion"},{"floor":14.0,"key":"Swift Potion"}],"is_trial":false,"path_per_floor":["M","M","?","$","M","E","M","R","T","R","M","$","M","?","R","B"],"character_chosen":"WATCHER","items_purchased":[],"campfire_rested":2,"item_purchase_floors":[],"current_hp_per_floor":[71,66,54,54,50,20,17,38,38,59,57,57,57,45,45,0,0],"gold":341,"neow_bonus":"ONE_RANDOM_RARE_CARD","is_daily":false,"chose_seed":false,"campfire_upgraded":1,"win_rate":0.0,"timestamp":1611951730,"path_taken":["M","M","?","$","M","E","M","R","T","R","M","$","M","?","R","BOSS"],"items_purchased_type":[],"build_version":"2020-12-22","purchased_purges":1,"victory":false,"max_hp_per_floor":[72,72,72,72,72,72,72,72,72,72,72,72,72,72,72,72,72],"relic_stats":{"Nunchaku":[1],"counters":[9,60],"Juzu Bracelet":0,"MawBank":120,"obtain_stats":[{"Nunchaku":14,"Simple Rune":9,"Juzu Bracelet":3,"PureWater":0,"MawBank":6},{"Nunchaku":7,"Simple Rune":5,"Juzu Bracelet":2,"PureWater":0,"MawBank":4},{"Nunchaku":42,"Simple Rune":33,"Juzu Bracelet":10,"PureWater":0,"MawBank":30}]},"card_choices":[{"not_picked":["SashWhip","ClearTheMind","CutThroughFate"],"picked":"SKIP","floor":1.0},{"not_picked":["SashWhip","CutThroughFate"],"picked":"ClearTheMind","floor":1.0},{"not_picked":["JustLucky","Replay:BluntJabs"],"picked":"Evaluate","floor":2.0},{"not_picked":["EmptyMind","TalkToTheHand"],"picked":"Establishment","floor":5.0},{"not_picked":["FollowUp","SashWhip"],"picked":"Vengeance","floor":6.0},{"not_picked":["Fasting2","Tantrum","Replay:ManipulateFuture"],"picked":"SKIP","floor":7.0},{"not_picked":["CarveReality","Crescendo"],"picked":"Replay:DivineShield","floor":11.0},{"not_picked":["Fasting2","ClearTheMind"],"picked":"Pray","floor":13.0},{"not_picked":["JustLucky","Crescendo"],"picked":"Protect","floor":14.0}],"player_experience":262596,"relics_obtained":[{"floor":6.0,"key":"MawBank"},{"floor":9.0,"key":"Simple Rune"}],"event_choices":[{"damage_healed":0.0,"max_hp_gain":0.0,"max_hp_loss":0.0,"gold_gain":0.0,"event_name":"Dead Adventurer","player_choice":"Searched \u00272\u0027 times","floor":14.0,"gold_loss":0.0,"damage_taken":0.0,"relics_obtained":["Nunchaku"]}],"is_beta":false,"boss_relics":[],"items_purged_floors":[4],"is_endless":false,"potions_floor_spawned":[5,6,7,13,14],"killed_by":"Hexaghost","ascension_level":2}}