{"host":"ppir7fmwqxhicm8z","time":1611920754,"event":{"mods":["Act Like it!","BaseMod","Colored Map","Gensokyo","Lobotomy","LobotomyExtend","Minty Spire (QoL Compilation)","Quick Restart","StSLib"],"gold_per_floor":[110,110,123,139,150,150,150,150],"floor_reached":7,"language":"ZHS","playtime":511,"items_purged":[],"score":65,"play_id":"7925f9e5-6d9e-44f6-a481-12a5a6b47c3d","local_time":"20210129194554","is_ascension_mode":true,"campfire_choices":[{"data":"Shrug It Off","floor":6.0,"key":"SMITH"}],"circlet_count":0,"master_deck":["AscendersBane","Strike_R","Strike_R","Strike_R","Strike_R","Strike_R","Defend_R","Defend_R","Defend_R","Defend_R","Bash","Scorched","Sentinel","LongBird","PunishingBird","Variant","Shrug It Off+1"],"relics":["Burning Blood","CogitoBucket","LetterFromLob","Gensokyo:PortableGap"],"acts_visited":["Exordium"],"potions_floor_usage":[],"damage_taken":[{"damage":14.0,"enemies":"Gensokyo:2_Kodama","floor":1.0,"turns":7.0},{"damage":12.0,"enemies":"Gensokyo:Gryphon","floor":3.0,"turns":3.0},{"damage":7.0,"enemies":"Gensokyo:Python","floor":4.0,"turns":3.0},{"damage":0.0,"enemies":"Gensokyo:3_Kodama","floor":5.0,"turns":1.0},{"damage":60,"enemies":"Gensokyo:Aya","floor":7,"turns":5}],"seed_played":"430222024516957443","potions_obtained":[{"floor":1.0,"key":"ColorlessPotion"},{"floor":3.0,"key":"Energy Potion"},{"floor":4.0,"key":"Swift Potion"}],"is_trial":false,"path_per_floor":["M","?","M","M","M","R","E"],"character_chosen":"IRONCLAD","items_purchased":[],"campfire_rested":0,"item_purchase_floors":[],"current_hp_per_floor":[64,64,58,57,63,63,3,3],"gold":150,"neow_bonus":"","is_daily":false,"chose_seed":false,"campfire_upgraded":1,"win_rate":0.0,"timestamp":1611920754,"path_taken":["M","?","?","M","?","R","E"],"items_purchased_type":[],"build_version":"2020-12-22","purchased_purges":0,"victory":false,"max_hp_per_floor":[80,72,72,72,72,72,72,72],"card_choices":[{"not_picked":["CherryBlossoms","CrumblingArmor"],"picked":"Scorched","floor":1.0},{"not_picked":["Havoc","Perfected Strike"],"picked":"Sentinel","floor":1.0},{"not_picked":["BigBadWolf","FairyFestival"],"picked":"LongBird","floor":3.0},{"not_picked":["Wild Strike","Ghostly Armor","Thunderclap"],"picked":"SKIP","floor":3.0},{"not_picked":["Freischutz","LittleHelper"],"picked":"PunishingBird","floor":4.0},{"not_picked":["Sword Boomerang","Clash","Barricade"],"picked":"SKIP","floor":4.0},{"not_picked":["Sword Boomerang","Clash","Barricade"],"picked":"SKIP","floor":4.0},{"not_picked":["CherryBlossoms","NakedNest"],"picked":"Variant","floor":5.0},{"not_picked":["Battle Trance","Sword Boomerang"],"picked":"Shrug It Off","floor":5.0}],"player_experience":417022,"relics_obtained":[{"floor":1.0,"key":"LetterFromLob"}],"event_choices":[],"is_beta":false,"boss_relics":[],"items_purged_floors":[],"is_endless":false,"potions_floor_spawned":[1,3,4],"killed_by":"Gensokyo:Aya","ascension_level":10}}