{"host":"ga4s3hj9m6nkn6gp","time":1611948235,"event":{"mods":["AchievementEnabler","BaseMod","Bestiary","Colored Powertips","Highlight Path","Minty Spire (QoL Compilation)","Relic Stats","everything is the same but u backflip on backflip"],"gold_per_floor":[110,129,129,204,217,217,244,244,244,279,279,291,307,20,20,96,96,112,112,112,112],"floor_reached":20,"language":"ENG","playtime":1271,"items_purged":[],"score":464,"play_id":"389a98c6-894a-4a5e-843a-43d292888fa8","local_time":"20210129202355","is_ascension_mode":true,"campfire_choices":[{"data":"Dash","floor":6,"key":"SMITH"},{"data":"Dagger Spray","floor":8,"key":"SMITH"},{"floor":11,"key":"REST"},{"data":"Riddle With Holes","floor":15,"key":"SMITH"}],"circlet_count":0,"master_deck":["AscendersBane","Strike_G","Strike_G","Strike_G","Strike_G","Strike_G","Defend_G","Defend_G","Defend_G","Defend_G","Defend_G","Survivor","Neutralize","Dagger Spray+1","Riddle With Holes+1","Dash+1","Masterful Stab","Calculated Gamble","Underhanded Strike","Malaise","Skewer+1","Ghostly","Ghostly","Ghostly"],"relics":["Ring of the Snake","Pantograph","Mercury Hourglass","Dream Catcher","Mummified Hand","SlaversCollar"],"acts_visited":["Exordium","TheCity"],"potions_floor_usage":[7,16,16],"damage_taken":[{"damage":1,"enemies":"Small Slimes","floor":1,"turns":3},{"damage":9,"enemies":"Jaw Worm","floor":2,"turns":6},{"damage":0,"enemies":"2 Louse","floor":5,"turns":3},{"damage":17,"enemies":"3 Sentries","floor":7,"turns":7},{"damage":18,"enemies":"Gremlin Nob","floor":10,"turns":4},{"damage":0,"enemies":"Exordium Thugs","floor":12,"turns":2},{"damage":0,"enemies":"Large Slime","floor":13,"turns":4},{"damage":0,"enemies":"Slime Boss","floor":16,"turns":5},{"damage":18,"enemies":"Chosen","floor":18,"turns":4},{"damage":51,"enemies":"Masked Bandits","floor":20,"turns":5}],"seed_played":"-7843067056675804023","potions_obtained":[{"floor":2,"key":"DuplicationPotion"},{"floor":10,"key":"SpeedPotion"},{"floor":12,"key":"Poison Potion"},{"floor":13,"key":"CunningPotion"},{"floor":18,"key":"Fruit Juice"}],"is_trial":false,"path_per_floor":["M","M","?","?","M","R","E","R","T","E","R","M","M","$","R","B",null,"M","?","?"],"character_chosen":"THE_SILENT","items_purchased":["Mummified Hand"],"campfire_rested":1,"item_purchase_floors":[14],"current_hp_per_floor":[64,55,60,49,49,49,32,32,32,14,37,37,37,37,37,62,73,55,38,0,0],"gold":112,"neow_bonus":"TEN_PERCENT_HP_BONUS","is_daily":false,"chose_seed":false,"campfire_upgraded":3,"win_rate":0.0,"timestamp":1611948235,"path_taken":["M","M","?","?","M","R","E","R","T","E","R","M","M","$","R","BOSS","M","?","?"],"items_purchased_type":["Relic"],"build_version":"2020-12-22","purchased_purges":0,"victory":false,"max_hp_per_floor":[72,72,77,77,77,77,77,77,77,77,77,77,77,77,77,77,77,77,38,38,38],"relic_stats":{"Dream Catcher":1,"counters":[10,42],"Mummified Hand":[0],"Pantograph":25,"obtain_stats":[{"SlaversCollar":17,"Dream Catcher":10,"Mummified Hand":14,"Pantograph":7,"Ring of the Snake":0,"Mercury Hourglass":9},{"SlaversCollar":8,"Dream Catcher":5,"Mummified Hand":7,"Pantograph":4,"Ring of the Snake":0,"Mercury Hourglass":4},{"SlaversCollar":33,"Dream Catcher":22,"Mummified Hand":28,"Pantograph":19,"Ring of the Snake":0,"Mercury Hourglass":19}],"Ring of the Snake":[20],"Mercury Hourglass":[99]},"card_choices":[{"not_picked":["Outmaneuver","Prepared"],"picked":"Dagger Spray","floor":1},{"not_picked":["Reflex","Flying Knee"],"picked":"Riddle With Holes","floor":2},{"not_picked":["Blade Dance","Dodge and Roll"],"picked":"Dash","floor":5},{"not_picked":["Well Laid Plans","Deadly Poison"],"picked":"Masterful Stab","floor":7},{"not_picked":["Footwork","Backflip"],"picked":"Calculated Gamble","floor":10},{"not_picked":["Deflect","Quick Slash"],"picked":"Underhanded Strike","floor":11},{"not_picked":["Finisher","Dodge and Roll","Escape Plan"],"picked":"SKIP","floor":12},{"not_picked":["Grand Finale","Cloak And Dagger","Concentrate"],"picked":"SKIP","floor":13},{"not_picked":["Storm of Steel","Envenom"],"picked":"Malaise","floor":16},{"not_picked":["Backstab","Escape Plan"],"picked":"Skewer+1","floor":18}],"player_experience":711481,"relics_obtained":[{"floor":7,"key":"Pantograph"},{"floor":9,"key":"Mercury Hourglass"},{"floor":10,"key":"Dream Catcher"}],"event_choices":[{"damage_healed":0,"gold_gain":0,"player_choice":"Donut","damage_taken":0,"max_hp_gain":5,"max_hp_loss":0,"event_name":"Big Fish","floor":3,"gold_loss":0},{"damage_healed":0,"gold_gain":75,"player_choice":"Gather Gold","damage_taken":11,"max_hp_gain":0,"max_hp_loss":0,"event_name":"World of Goop","floor":4,"gold_loss":0},{"damage_healed":0,"gold_gain":0,"player_choice":"Became a Ghost","damage_taken":0,"max_hp_gain":0,"max_hp_loss":39,"event_name":"Ghosts","floor":19,"gold_loss":0,"cards_obtained":["Ghostly","Ghostly","Ghostly"]},{"damage_healed":0,"gold_gain":0,"player_choice":"Fought Bandits","damage_taken":0,"max_hp_gain":0,"max_hp_loss":0,"event_name":"Masked Bandits","floor":20,"gold_loss":0}],"is_beta":false,"boss_relics":[{"not_picked":["Empty Cage","Ring of the Serpent"],"picked":"SlaversCollar"}],"items_purged_floors":[],"is_endless":false,"potions_floor_spawned":[2,10,12,13,18],"killed_by":"Masked Bandits","ascension_level":20}}