{"host":"1tl36azeqm6yhdgj","time":1611923759,"event":{"mods":["AchievementEnabler","BaseMod","Minty Spire (QoL Compilation)","StSLib","The IronCluck","everything is the same but u backflip on backflip"],"gold_per_floor":[119,194,206,221,235,264,275,305,328,603,603,603],"floor_reached":11,"language":"ENG","playtime":687,"items_purged":[],"score":170,"play_id":"720be82d-bed0-45fe-bcdc-cf0108728613","local_time":"20210129073559","is_ascension_mode":true,"campfire_choices":[],"circlet_count":0,"master_deck":["AscendersBane","Strike_R","Strike_R","Strike_R","Strike_R","Strike_R","Defend_R","Defend_R","Defend_R","Defend_R","Bash","Inflame","Carnage","Shrug It Off","Cleave","Clothesline","Feel No Pain","Fire Breathing","Regret"],"relics":["Burning Blood","NeowsBlessing","Smiling Mask","Boot","Strawberry"],"acts_visited":["Exordium"],"potions_floor_usage":[],"damage_taken":[{"damage":0.0,"enemies":"2 Louse","floor":1.0,"turns":1.0},{"damage":0.0,"enemies":"Small Slimes","floor":3.0,"turns":1.0},{"damage":0.0,"enemies":"Cultist","floor":4.0,"turns":1.0},{"damage":14.0,"enemies":"Large Slime","floor":5.0,"turns":5.0},{"damage":23.0,"enemies":"Lagavulin","floor":6.0,"turns":5.0},{"damage":10.0,"enemies":"Lots of Slimes","floor":7.0,"turns":3.0},{"damage":17.0,"enemies":"3 Sentries","floor":8.0,"turns":8.0},{"damage":53,"enemies":"Gremlin Nob","floor":11,"turns":4}],"seed_played":"4591534951359652880","potions_obtained":[{"floor":1.0,"key":"SteroidPotion"},{"floor":5.0,"key":"Block Potion"},{"floor":6.0,"key":"Strength Potion"}],"is_trial":false,"path_per_floor":["M","?","M","M","M","E","M","E","T","?","E"],"character_chosen":"IRONCLAD","items_purchased":[],"campfire_rested":0,"item_purchase_floors":[],"current_hp_per_floor":[74,63,69,75,67,50,46,35,42,42,0,0],"gold":603,"neow_bonus":"THREE_ENEMY_KILL","is_daily":false,"chose_seed":false,"campfire_upgraded":0,"win_rate":0.0,"timestamp":1611923759,"path_taken":["M","?","M","M","M","E","M","E","T","?","E"],"items_purchased_type":[],"build_version":"2020-12-22","purchased_purges":0,"victory":false,"max_hp_per_floor":[75,75,75,75,75,75,75,75,82,82,82,82],"card_choices":[{"not_picked":["Heavy Blade","Pommel Strike"],"picked":"Inflame","floor":1.0},{"not_picked":["Rupture","Clothesline"],"picked":"Carnage","floor":3.0},{"not_picked":["Twin Strike","Warcry"],"picked":"Shrug It Off","floor":4.0},{"not_picked":["Uppercut","Pommel Strike"],"picked":"Cleave","floor":5.0},{"not_picked":["Twin Strike","Body Slam"],"picked":"Clothesline","floor":6.0},{"not_picked":["Headbutt","Clash"],"picked":"Feel No Pain","floor":7.0},{"not_picked":["Offering","Power Through"],"picked":"Fire Breathing","floor":8.0}],"player_experience":2092516,"relics_obtained":[{"floor":6.0,"key":"Smiling Mask"},{"floor":8.0,"key":"Boot"},{"floor":9.0,"key":"Strawberry"}],"event_choices":[{"damage_healed":0.0,"max_hp_gain":0.0,"max_hp_loss":0.0,"gold_gain":75.0,"event_name":"World of Goop","player_choice":"Gather Gold","floor":2.0,"gold_loss":0.0,"damage_taken":11.0},{"damage_healed":0.0,"max_hp_gain":0.0,"max_hp_loss":0.0,"gold_gain":275.0,"event_name":"Golden Shrine","player_choice":"Desecrate","floor":10.0,"gold_loss":0.0,"damage_taken":0.0,"cards_obtained":["Regret"]}],"is_beta":false,"boss_relics":[],"items_purged_floors":[],"is_endless":false,"potions_floor_spawned":[1,5,6],"killed_by":"Gremlin Nob","ascension_level":20}}