{"host":"65a95dzim48ko8ke","time":1611899187,"event":{"mods":["Act Like it!","BaseMod","Block Reminder","Colored Powertips","Curses Come First","Gensokyo","Minty Spire (QoL Compilation)","Permanent Neow","Quick Restart","Rare Cards Sparkle","Replay The Spire","Spicy Shops","StSLib","Synergy Search"],"gold_per_floor":[112,112,112,24,36,66,66,99,99,113,113,113],"floor_reached":11,"language":"ENG","playtime":400,"items_purged":[],"score":99,"play_id":"f916643d-10d7-43dd-bf96-338a7518370b","local_time":"20210129144627","is_ascension_mode":true,"campfire_choices":[{"data":"Zap","floor":7,"key":"SMITH"}],"circlet_count":0,"master_deck":["Strike_B","Strike_B","Strike_B","Strike_B","Defend_B","Defend_B","Defend_B","Defend_B","Zap+1","Consume","Pain","Beam Cell","Pot Of Greed","Pot Of Greed","Rip and Tear","ReplayTheSpireMod:Calculation Training","Auto Shields"],"relics":["Sozu","Gensokyo:LunaticRedEyes","Gensokyo:Justice","Grinning Jar","Akabeko","Eternal Feather","Du-Vu Doll"],"acts_visited":["Exordium"],"potions_floor_usage":[],"damage_taken":[{"damage":0,"enemies":"Gensokyo:3_Fairies","floor":1,"turns":4},{"damage":3,"enemies":"Gensokyo:2_Kodama","floor":5,"turns":3},{"damage":19,"enemies":"Gensokyo:Mamizou","floor":6,"turns":6},{"damage":41,"enemies":"Gensokyo:Aya","floor":8,"turns":6},{"damage":3,"enemies":"Gensokyo:Gryphon","floor":10,"turns":2},{"damage":2,"enemies":"Gensokyo:Mamizou","floor":11,"turns":3}],"seed_played":"-8618200561489646398","potions_obtained":[],"is_trial":false,"path_per_floor":["M","?","?","COS","M","E","R","E","T","M","E"],"character_chosen":"DEFECT","items_purchased":[],"campfire_rested":0,"item_purchase_floors":[],"current_hp_per_floor":[68,68,68,68,65,46,46,5,5,2,0,0],"gold":113,"neow_bonus":"BOSS_RELIC","is_daily":false,"chose_seed":false,"campfire_upgraded":1,"win_rate":0.0,"timestamp":1611899187,"path_taken":["M","?","?","COS","M","E","R","E","T","M","E"],"items_purchased_type":[],"build_version":"2020-12-22","purchased_purges":0,"victory":false,"max_hp_per_floor":[75,75,75,75,75,75,75,75,75,75,75,75],"card_choices":[{"not_picked":["Rebound","Compile Driver"],"picked":"Consume","floor":1},{"not_picked":["Barrage","Redo"],"picked":"Beam Cell","floor":5},{"not_picked":["Coolheaded","Meteor Strike"],"picked":"Rip and Tear","floor":6},{"not_picked":["ReplayGash","Rebound"],"picked":"ReplayTheSpireMod:Calculation Training","floor":8},{"not_picked":["Steam","Beam Cell"],"picked":"Auto Shields","floor":10}],"player_experience":323238,"relics_obtained":[{"floor":6,"key":"Grinning Jar"},{"floor":8,"key":"Akabeko"},{"floor":9,"key":"Eternal Feather"}],"event_choices":[],"is_beta":false,"boss_relics":[],"items_purged_floors":[],"is_endless":false,"potions_floor_spawned":[6,10],"killed_by":"Gensokyo:Mamizou","ascension_level":6}}