{"host":"2js2pxuugveqjuf7","time":1611904111,"event":{"mods":["BaseMod","Colored Map","Minty Spire (QoL Compilation)","Quick Restart","Random Character Button","Relic Stats","StSLib"],"gold_per_floor":[18,31,106,106,106,118,160,172,260,283,306,347,359,387,399,511,523,552,564,587,599,536,579,608,651,663,701,729,741,853,876,888,997,1009,1041,1053,1115,784,799,799,799,824,824,900,900,917,362,8,8,8],"floor_reached":51,"language":"ENG","playtime":5223,"items_purged":["Outmaneuver"],"score":880,"play_id":"dde0209c-cf5f-4e88-bb56-05dbcaa4aaeb","local_time":"20210129010831","is_ascension_mode":true,"campfire_choices":[{"data":"Terror","floor":6.0,"key":"SMITH"},{"floor":8.0,"key":"REST"},{"data":"Survivor","floor":15.0,"key":"SMITH"},{"data":"Venomology","floor":29.0,"key":"SMITH"},{"data":"Night Terror","floor":32.0,"key":"SMITH"},{"data":"Phantasmal Killer","floor":40.0,"key":"SMITH"},{"data":"Venomology","floor":45.0,"key":"SMITH"},{"data":"Catalyst","floor":49.0,"key":"SMITH"}],"circlet_count":0,"master_deck":["Survivor+1","Neutralize","Deadly Poison","Terror+1","Infinite Blades","Poisoned Stab+1","Acrobatics","Venomology+1","Sucker Punch+1","Night Terror+1","Dagger Spray+1","Necronomicurse","Backflip+1","Cloak And Dagger+1","PiercingWail","Quick Slash+1","Venomology+1","Dash+1","Phantasmal Killer+1","Burst","Deflect","Calculated Gamble","Backflip","Poisoned Stab+1","Prepared","Burst","Underhanded Strike+1","Bouncing Flask","Dramatic Entrance+1","Flash of Steel+1","Secret Weapon","Master of Strategy","Infinite Blades","Night Terror","Catalyst+1","Footwork","The Bomb"],"relics":["Ring of the Snake","MawBank","Bottled Lightning","Molten Egg 2","Meat on the Bone","SacredBark","Necronomicon","Pear","Question Card","Mummified Hand","Happy Flower","Prayer Wheel","Singing Bowl","Pandora\u0027s Box","Peace Pipe","Darkstone Periapt","Ornamental Fan","FossilizedHelix","Akabeko","Bag of Marbles"],"acts_visited":["Exordium","TheCity","TheBeyond"],"potions_floor_usage":[50,50,50,50,50],"damage_taken":[{"damage":6.0,"enemies":"Cultist","floor":1.0,"turns":3.0},{"damage":2.0,"enemies":"Small Slimes","floor":2.0,"turns":5.0},{"damage":22.0,"enemies":"Gremlin Nob","floor":7.0,"turns":5.0},{"damage":0.0,"enemies":"Jaw Worm","floor":10.0,"turns":4.0},{"damage":15.0,"enemies":"3 Louse","floor":11.0,"turns":3.0},{"damage":24.0,"enemies":"3 Sentries","floor":12.0,"turns":7.0},{"damage":6.0,"enemies":"Looter","floor":14.0,"turns":3.0},{"damage":10.0,"enemies":"Hexaghost","floor":16.0,"turns":8.0},{"damage":16.0,"enemies":"2 Thieves","floor":18.0,"turns":3.0},{"damage":8.0,"enemies":"Spheric Guardian","floor":20.0,"turns":5.0},{"damage":27.0,"enemies":"Book of Stabbing","floor":23.0,"turns":5.0},{"damage":7.0,"enemies":"Centurion and Healer","floor":24.0,"turns":4.0},{"damage":15.0,"enemies":"Slavers","floor":25.0,"turns":7.0},{"damage":0.0,"enemies":"Gremlin Leader","floor":27.0,"turns":6.0},{"damage":26.0,"enemies":"Shelled Parasite and Fungi","floor":28.0,"turns":7.0},{"damage":2.0,"enemies":"Colosseum Slavers","floor":30.0,"turns":2.0},{"damage":0.0,"enemies":"Colosseum Nobs","floor":30.0,"turns":4.0},{"damage":1.0,"enemies":"Snecko","floor":31.0,"turns":5.0},{"damage":30.0,"enemies":"Automaton","floor":33.0,"turns":7.0},{"damage":41.0,"enemies":"3 Darklings","floor":35.0,"turns":8.0},{"damage":26.0,"enemies":"2 Orb Walkers","floor":37.0,"turns":4.0},{"damage":1.0,"enemies":"3 Shapes","floor":39.0,"turns":3.0},{"damage":11.0,"enemies":"Jaw Worm Horde","floor":46.0,"turns":4.0},{"damage":27,"enemies":"Donu and Deca","floor":50,"turns":4}],"seed_played":"-5867484238795481958","potions_obtained":[{"floor":11.0,"key":"AttackPotion"},{"floor":14.0,"key":"Weak Potion"},{"floor":18.0,"key":"Block Potion"},{"floor":23.0,"key":"Dexterity Potion"},{"floor":25.0,"key":"Energy Potion"},{"floor":33.0,"key":"Block Potion"},{"floor":37.0,"key":"SteroidPotion"}],"is_trial":false,"path_per_floor":["M","M","?","?","?","R","E","R","T","M","M","E","?","M","R","B",null,"M","?","M","?","?","E","M","E","T","E","M","R","?","M","R","B",null,"M","?","?","$","M","R","?","T","T","T","R","M","$","$","R","B",null],"character_chosen":"THE_SILENT","items_purchased":["Master of Strategy","Infinite Blades","FossilizedHelix","Catalyst","Footwork","Akabeko","Bag of Marbles","The Bomb"],"campfire_rested":1,"item_purchase_floors":[38,38,47,47,47,47,48,48],"current_hp_per_floor":[78,76,65,58,46,46,24,49,49,49,34,10,10,16,16,18,84,68,52,44,28,28,23,28,25,25,37,23,23,45,60,60,42,103,62,52,40,40,55,55,55,55,55,55,55,58,58,58,58,43],"gold":8,"neow_bonus":"TWENTY_PERCENT_HP_BONUS","is_daily":false,"chose_seed":false,"campfire_upgraded":7,"win_rate":0.0,"timestamp":1611904111,"path_taken":["M","?","?","?","?","R","E","R","T","M","M","E","?","M","R","BOSS","M","?","M","?","?","E","?","E","T","E","M","R","?","M","R","BOSS","M","?","?","$","M","R","?","?","T","?","R","M","?","$","R","BOSS"],"items_purchased_type":["Card","Card","Relic","Card","Card","Relic","Relic","Card"],"build_version":"2020-12-22","purchased_purges":1,"victory":true,"max_hp_per_floor":[84,84,84,84,84,84,84,84,84,84,84,84,84,84,84,84,84,84,84,84,89,89,99,99,99,99,99,99,99,99,103,103,103,103,103,103,105,105,109,109,109,109,109,109,109,111,111,111,111,111],"relic_stats":{"Darkstone Periapt":0,"Happy Flower":[16],"Singing Bowl":12,"counters":[24,116],"MawBank":396,"Question Card":16,"Peace Pipe":0,"Mummified Hand":[18],"Ornamental Fan":[20],"Prayer Wheel":4,"Pandora\u0027s Box":["Burst","Deflect","Calculated Gamble","Backflip","Poisoned Stab","Outmaneuver","Prepared","Burst"],"Necronomicon":[11],"obtain_stats":[{"Darkstone Periapt":43,"Pear":23,"Happy Flower":27,"Singing Bowl":30,"SacredBark":17,"MawBank":5,"Question Card":25,"Akabeko":47,"Peace Pipe":37,"Mummified Hand":26,"Ornamental Fan":44,"Molten Egg 2":9,"Prayer Wheel":30,"Pandora\u0027s Box":34,"Necronomicon":19,"Bag of Marbles":48,"Bottled Lightning":7,"FossilizedHelix":47,"Ring of the Snake":0,"Meat on the Bone":12},{"Darkstone Periapt":22,"Pear":11,"Happy Flower":14,"Singing Bowl":17,"SacredBark":8,"MawBank":2,"Question Card":13,"Akabeko":23,"Peace Pipe":21,"Mummified Hand":13,"Ornamental Fan":22,"Molten Egg 2":3,"Prayer Wheel":17,"Pandora\u0027s Box":19,"Necronomicon":9,"Bag of Marbles":23,"Bottled Lightning":3,"FossilizedHelix":23,"Ring of the Snake":0,"Meat on the Bone":6},{"Darkstone Periapt":108,"Pear":51,"Happy Flower":68,"Singing Bowl":81,"SacredBark":38,"MawBank":8,"Question Card":62,"Akabeko":112,"Peace Pipe":105,"Mummified Hand":62,"Ornamental Fan":108,"Molten Egg 2":13,"Prayer Wheel":81,"Pandora\u0027s Box":93,"Necronomicon":41,"Bag of Marbles":112,"Bottled Lightning":13,"FossilizedHelix":112,"Ring of the Snake":0,"Meat on the Bone":27}],"Ring of the Snake":[48],"Meat on the Bone":180},"card_choices":[{"not_picked":["Quick Slash","Distraction"],"picked":"Deadly Poison","floor":1.0},{"not_picked":["Deflect","Caltrops"],"picked":"Terror","floor":2.0},{"not_picked":["Flying Knee","Deadly Poison"],"picked":"Infinite Blades","floor":7.0},{"not_picked":["Concentrate","Prepared"],"picked":"Poisoned Stab+1","floor":10.0},{"not_picked":["Infinite Blades","Flechettes+1"],"picked":"Acrobatics","floor":11.0},{"not_picked":["Blade Dance","Flechettes+1"],"picked":"Venomology","floor":12.0},{"not_picked":["Noxious Fumes","Acrobatics"],"picked":"Sucker Punch+1","floor":14.0},{"not_picked":["Tools of the Trade","Unload+1"],"picked":"Night Terror","floor":16.0},{"not_picked":["Bane+1","Cloak And Dagger"],"picked":"Dagger Spray+1","floor":18.0},{"not_picked":["All Out Attack+1","Crippling Poison"],"picked":"Backflip+1","floor":20.0},{"not_picked":["Deflect","Outmaneuver"],"picked":"Cloak And Dagger+1","floor":23.0},{"not_picked":["Tactician+1","Skewer+1"],"picked":"PiercingWail","floor":24.0},{"not_picked":["Sucker Punch+1","Footwork"],"picked":"Quick Slash+1","floor":25.0},{"not_picked":["Tactician","Sucker Punch+1","Dodge and Roll","Flying Knee+1"],"picked":"SKIP","floor":27.0},{"not_picked":["Poisoned Stab+1","Cloak And Dagger","Distraction"],"picked":"Venomology","floor":28.0},{"not_picked":["Dagger Spray+1","Cloak And Dagger","Deflect"],"picked":"Dash+1","floor":30.0},{"not_picked":["Dagger Spray+1","Flying Knee+1","Backstab+1","Bane+1"],"picked":"Singing Bowl","floor":31.0},{"not_picked":["Sucker Punch+1","Cloak And Dagger+1","Infinite Blades","Underhanded Strike+1"],"picked":"Singing Bowl","floor":31.0},{"not_picked":["Corpse Explosion","Grand Finale+1","Venomology"],"picked":"Phantasmal Killer","floor":33.0},{"not_picked":["Backstab+1","Dagger Spray+1","Slice+1"],"picked":"Underhanded Strike+1","floor":35.0},{"not_picked":["Leg Sweep+1","Heel Hook+1","Acrobatics"],"picked":"Bouncing Flask","floor":35.0},{"not_picked":["PanicButton","Trip","Madness"],"picked":"Dramatic Entrance+1","floor":36.0},{"not_picked":["Mind Blast+1","Panacea","Mayhem"],"picked":"Flash of Steel+1","floor":36.0},{"not_picked":["Impatience","Swift Strike+1","Deep Breath"],"picked":"Secret Weapon","floor":36.0},{"not_picked":["Heel Hook+1","Skewer+1","Bane+1","Noxious Fumes"],"picked":"Singing Bowl","floor":37.0},{"not_picked":["Endless Agony+1","Backflip","Concentrate+1","Heel Hook+1"],"picked":"Singing Bowl","floor":39.0},{"not_picked":["Backflip","Dodge and Roll","All Out Attack+1","Sucker Punch+1"],"picked":"Singing Bowl","floor":39.0},{"not_picked":["Dodge and Roll+1","Deflect+1","Sucker Punch+1","Underhanded Strike+1"],"picked":"Singing Bowl","floor":46.0},{"not_picked":["Bane+1","Deadly Poison","Prepared+1"],"picked":"Night Terror","floor":46.0}],"player_experience":297711,"relics_obtained":[{"floor":7.0,"key":"Bottled Lightning"},{"floor":9.0,"key":"Molten Egg 2"},{"floor":12.0,"key":"Meat on the Bone"},{"floor":19.0,"key":"Necronomicon"},{"floor":23.0,"key":"Pear"},{"floor":25.0,"key":"Question Card"},{"floor":26.0,"key":"Mummified Hand"},{"floor":27.0,"key":"Happy Flower"},{"floor":30.0,"key":"Prayer Wheel"},{"floor":30.0,"key":"Singing Bowl"},{"floor":37.0,"key":"Peace Pipe"},{"floor":43.0,"key":"Darkstone Periapt"},{"floor":44.0,"key":"Ornamental Fan"}],"event_choices":[{"damage_healed":0.0,"max_hp_gain":0.0,"max_hp_loss":0.0,"gold_gain":75.0,"event_name":"World of Goop","player_choice":"Gather Gold","floor":3.0,"gold_loss":0.0,"damage_taken":11.0},{"cards_removed":["Defend_G"],"damage_healed":0.0,"max_hp_gain":0.0,"max_hp_loss":0.0,"gold_gain":0.0,"event_name":"Golden Wing","player_choice":"Card Removal","floor":4.0,"gold_loss":0.0,"damage_taken":7.0},{"damage_healed":0.0,"max_hp_gain":0.0,"max_hp_loss":0.0,"gold_gain":0.0,"event_name":"Scrap Ooze","player_choice":"Success","floor":5.0,"gold_loss":0.0,"damage_taken":12.0,"relics_obtained":["MawBank"]},{"damage_healed":0.0,"max_hp_gain":0.0,"max_hp_loss":0.0,"gold_gain":0.0,"event_name":"Dead Adventurer","player_choice":"Searched \u00270\u0027 times","floor":13.0,"gold_loss":0.0,"damage_taken":0.0},{"damage_healed":0.0,"max_hp_gain":0.0,"max_hp_loss":0.0,"gold_gain":0.0,"event_name":"Cursed Tome","player_choice":"Obtained Book","floor":19.0,"gold_loss":0.0,"damage_taken":16.0},{"damage_healed":0.0,"max_hp_gain":5.0,"max_hp_loss":0.0,"gold_gain":0.0,"event_name":"Forgotten Altar","player_choice":"Shed Blood","floor":21.0,"gold_loss":0.0,"damage_taken":21.0},{"cards_removed":["Defend_G"],"damage_healed":0.0,"max_hp_gain":0.0,"max_hp_loss":0.0,"gold_gain":0.0,"event_name":"Beggar","player_choice":"Gave Gold","floor":22.0,"gold_loss":75.0,"damage_taken":0.0},{"damage_healed":0.0,"max_hp_gain":0.0,"max_hp_loss":0.0,"gold_gain":0.0,"event_name":"Colosseum","player_choice":"Fight","floor":30.0,"gold_loss":0.0,"damage_taken":0.0},{"damage_healed":0.0,"max_hp_gain":0.0,"max_hp_loss":0.0,"gold_gain":0.0,"event_name":"Colosseum","player_choice":"Fought Nobs","floor":30.0,"gold_loss":0.0,"damage_taken":0.0},{"damage_healed":0.0,"max_hp_gain":0.0,"max_hp_loss":0.0,"gold_gain":0.0,"event_name":"SensoryStone","player_choice":"Memory 3","floor":36.0,"gold_loss":0.0,"damage_taken":10.0},{"damage_healed":0.0,"max_hp_gain":0.0,"max_hp_loss":0.0,"gold_gain":0.0,"event_name":"Mysterious Sphere","player_choice":"Fight","floor":37.0,"gold_loss":0.0,"damage_taken":0.0},{"damage_healed":0.0,"max_hp_gain":0.0,"max_hp_loss":0.0,"gold_gain":0.0,"event_name":"Tomb of Lord Red Mask","player_choice":"Ignored","floor":41.0,"gold_loss":0.0,"damage_taken":0.0}],"is_beta":false,"boss_relics":[{"not_picked":["WristBlade","Cursed Key"],"picked":"SacredBark"},{"not_picked":["Calling Bell","Busted Crown"],"picked":"Pandora\u0027s Box"}],"items_purged_floors":[38],"is_endless":false,"potions_floor_spawned":[11,14,18,23,25,30,33,37],"ascension_level":2}}