{"host":"qy1e0kd24tpj3i2m","time":1611934257,"event":{"mods":["Act Like it!","Alarm Clock","BaseMod","Better Skull","Better Vampires","Colored Map","Colored Powertips","Custom Start","Faster Ascension Climbing","Friendly Minions","GifTheSpireLib","Gremlin Skip","Highlight Path","Minty Spire (QoL Compilation)","Permanent Neow","Poor People Problems","Quick Restart","Red Circlet Mod","Relic Filter Mod","Relic Sorter","Reorder Act Four","SacredBarkPlus","Shop Mod","StSLib","SuperFastMode","Transform Curses","没有小屋子和绿帽子啦"],"gold_per_floor":[113,113,127,31,45,45,58,58,58,58,108,126,156,172,172,246,246,261,279,204,204,218,218,235,235,235,235,254,254,271,298,298,375,375,390,405,64,64,78,110,110,127,176,176,176],"floor_reached":44,"language":"ZHS","playtime":3670,"items_purged":["Defend_R"],"score":959,"play_id":"df7f6fec-7b3c-4052-89ea-413dcc8b8abe","local_time":"20210130003057","is_ascension_mode":true,"campfire_choices":[{"data":"Perfected Strike","floor":6.0,"key":"SMITH"},{"data":"Body Slam","floor":10.0,"key":"SMITH"},{"data":"Uppercut","floor":15.0,"key":"SMITH"},{"data":"Flame Barrier","floor":23.0,"key":"SMITH"},{"data":"Evolve","floor":27.0,"key":"SMITH"},{"data":"Juggernaut","floor":29.0,"key":"SMITH"},{"data":"Rage","floor":32.0,"key":"SMITH"},{"floor":41.0,"key":"RECALL"}],"circlet_count":0,"master_deck":["AscendersBane","Strike_R","Strike_R","Strike_R","Strike_R","Strike_R","Defend_R","Perfected Strike+1","Shrug It Off","Trip","Body Slam+1","Flame Barrier+1","Shrug It Off","Uppercut+1","Juggernaut+1","Pommel Strike","Evolve+1","Perfected Strike+1","Shrug It Off","Shrug It Off+1","Wild Strike","Rage+1","Demon Form+1","Headbutt+1","Headbutt+1","Metallicize"],"relics":["Burning Blood","Bronze Scales","Bottled Lightning","Bag of Marbles","Sozu","Pantograph","Red Mask","Velvet Choker","MerchantsRug","Orichalcum","Ancient Tea Set"],"acts_visited":["Exordium","TheCity","TheBeyond"],"potions_floor_usage":[],"damage_taken":[{"damage":2.0,"enemies":"Cultist","floor":1.0,"turns":4.0},{"damage":0.0,"enemies":"2 Louse","floor":3.0,"turns":3.0},{"damage":7.0,"enemies":"Jaw Worm","floor":5.0,"turns":3.0},{"damage":1.0,"enemies":"Red Slaver","floor":7.0,"turns":2.0},{"damage":13.0,"enemies":"Large Slime","floor":12.0,"turns":2.0},{"damage":0.0,"enemies":"Gremlin Nob","floor":13.0,"turns":2.0},{"damage":0.0,"enemies":"Exordium Wildlife","floor":14.0,"turns":3.0},{"damage":43.0,"enemies":"Slime Boss","floor":16.0,"turns":10.0},{"damage":16.0,"enemies":"Spheric Guardian","floor":18.0,"turns":4.0},{"damage":15.0,"enemies":"2 Thieves","floor":19.0,"turns":3.0},{"damage":0.0,"enemies":"Centurion and Healer","floor":22.0,"turns":4.0},{"damage":0.0,"enemies":"Snecko","floor":24.0,"turns":3.0},{"damage":22.0,"enemies":"3 Cultists","floor":28.0,"turns":5.0},{"damage":13.0,"enemies":"Sentry and Sphere","floor":30.0,"turns":4.0},{"damage":13.0,"enemies":"Masked Bandits","floor":31.0,"turns":4.0},{"damage":73.0,"enemies":"Champ","floor":33.0,"turns":10.0},{"damage":7.0,"enemies":"Orb Walker","floor":35.0,"turns":2.0},{"damage":0.0,"enemies":"3 Shapes","floor":36.0,"turns":5.0},{"damage":13.0,"enemies":"Jaw Worm Horde","floor":39.0,"turns":4.0},{"damage":38.0,"enemies":"Reptomancer","floor":40.0,"turns":5.0},{"damage":23.0,"enemies":"Maw","floor":42.0,"turns":6.0},{"damage":7,"enemies":"Transient","floor":44,"turns":5}],"seed_played":"-697579095933079687","potions_obtained":[{"floor":3.0,"key":"FairyPotion"},{"floor":7.0,"key":"LiquidMemories"},{"floor":13.0,"key":"SkillPotion"}],"is_trial":false,"path_per_floor":["M","?","M","$","M","R","M","?","T","R","?","M","E","M","R","B",null,"M","M","?","?","M","R","M","?","T","R","M","R","M","?","R","B",null,"M","M","$","?","M","E","R","M","T","M"],"character_chosen":"IRONCLAD","items_purchased":["Trip","MerchantsRug","Orichalcum"],"campfire_rested":0,"item_purchase_floors":[4,37,37],"current_hp_per_floor":[72,65,71,71,70,70,75,70,70,70,70,63,69,75,75,38,66,56,47,47,47,53,53,59,59,59,59,43,43,36,29,29,28,63,62,68,68,68,61,29,29,12,12,5,5],"gold":176,"neow_bonus":"RANDOM_COMMON_RELIC","is_daily":false,"chose_seed":false,"campfire_upgraded":7,"win_rate":0.0,"timestamp":1611934257,"path_taken":["M","?","M","$","M","R","M","?","T","R","?","M","E","?","R","BOSS","M","M","?","?","?","R","M","?","T","R","?","R","M","?","R","BOSS","M","M","$","?","M","E","R","M","T","M"],"items_purchased_type":["Card","Relic","Relic"],"build_version":"2020-12-22","purchased_purges":1,"victory":false,"max_hp_per_floor":[75,75,75,75,75,75,75,75,75,75,75,75,75,75,75,75,75,75,75,75,75,75,75,75,75,75,75,75,75,75,75,75,75,75,75,75,75,75,75,75,75,75,75,75,75],"card_choices":[{"not_picked":["Twin Strike","Clothesline"],"picked":"Perfected Strike","floor":1.0},{"not_picked":["Second Wind","Sword Boomerang"],"picked":"Shrug It Off","floor":3.0},{"not_picked":["Sword Boomerang","Clothesline"],"picked":"Body Slam","floor":5.0},{"not_picked":["Combust","Shrug It Off"],"picked":"Flame Barrier","floor":7.0},{"not_picked":["Cleave","Body Slam"],"picked":"Shrug It Off","floor":12.0},{"not_picked":["Dropkick","Clash"],"picked":"Uppercut","floor":13.0},{"not_picked":["Hemokinesis","Rampage","Clash"],"picked":"SKIP","floor":14.0},{"not_picked":["Exhume","Berserk"],"picked":"Juggernaut","floor":16.0},{"not_picked":["Anger","Clothesline"],"picked":"Pommel Strike","floor":18.0},{"not_picked":["Heavy Blade","Twin Strike"],"picked":"Evolve","floor":19.0},{"not_picked":["Heavy Blade","Sword Boomerang","Armaments"],"picked":"SKIP","floor":22.0},{"not_picked":["Sever Soul+1","Blood for Blood"],"picked":"Shrug It Off","floor":24.0},{"not_picked":["Thunderclap","Pommel Strike"],"picked":"Shrug It Off+1","floor":28.0},{"not_picked":["Heavy Blade","Limit Break"],"picked":"Wild Strike","floor":30.0},{"not_picked":["Intimidate","Hemokinesis+1"],"picked":"Rage","floor":31.0},{"not_picked":["Feed","Brutality"],"picked":"Demon Form","floor":33.0},{"not_picked":["Sever Soul","Shockwave+1"],"picked":"Headbutt+1","floor":35.0},{"not_picked":["Flex","Sword Boomerang+1"],"picked":"Headbutt+1","floor":36.0},{"not_picked":["Dual Wield+1","Twin Strike"],"picked":"Metallicize","floor":39.0},{"not_picked":["Thunderclap","Clash","Corruption"],"picked":"SKIP","floor":40.0},{"not_picked":["Armaments","Carnage","Anger"],"picked":"SKIP","floor":42.0}],"player_experience":962516,"relics_obtained":[{"floor":9.0,"key":"Bottled Lightning"},{"floor":13.0,"key":"Bag of Marbles"},{"floor":26.0,"key":"Pantograph"},{"floor":31.0,"key":"Red Mask"},{"floor":40.0,"key":"Ancient Tea Set"}],"event_choices":[{"cards_removed":["Bash"],"damage_healed":0.0,"max_hp_gain":0.0,"max_hp_loss":0.0,"gold_gain":0.0,"event_name":"Golden Wing","player_choice":"Card Removal","floor":2.0,"gold_loss":0.0,"damage_taken":7.0},{"damage_healed":0.0,"max_hp_gain":0.0,"max_hp_loss":0.0,"gold_gain":0.0,"event_name":"Scrap Ooze","player_choice":"Success","floor":8.0,"gold_loss":0.0,"damage_taken":5.0,"relics_obtained":["Dead Branch"]},{"damage_healed":0.0,"max_hp_gain":0.0,"max_hp_loss":0.0,"gold_gain":50.0,"event_name":"Golden Shrine","player_choice":"Pray","floor":11.0,"gold_loss":0.0,"damage_taken":0.0},{"cards_removed":["Defend_R"],"damage_healed":0.0,"max_hp_gain":0.0,"max_hp_loss":0.0,"gold_gain":0.0,"event_name":"Beggar","player_choice":"Gave Gold","floor":20.0,"gold_loss":75.0,"damage_taken":0.0},{"damage_healed":0.0,"max_hp_gain":0.0,"max_hp_loss":0.0,"gold_gain":0.0,"event_name":"Duplicator","player_choice":"Copied","floor":21.0,"gold_loss":0.0,"damage_taken":0.0,"cards_obtained":["Perfected Strike"]},{"cards_removed":["Defend_R"],"damage_healed":0.0,"max_hp_gain":0.0,"max_hp_loss":0.0,"gold_gain":0.0,"event_name":"Bonfire Elementals","player_choice":"Offered Basic","floor":25.0,"gold_loss":0.0,"damage_taken":0.0},{"damage_healed":0.0,"max_hp_gain":0.0,"max_hp_loss":0.0,"gold_gain":0.0,"event_name":"Masked Bandits","player_choice":"Fought Bandits","floor":31.0,"gold_loss":0.0,"damage_taken":0.0},{"damage_healed":0.0,"max_hp_gain":0.0,"max_hp_loss":0.0,"gold_gain":0.0,"event_name":"Accursed Blacksmith","player_choice":"Forge","floor":38.0,"gold_loss":0.0,"damage_taken":0.0,"cards_upgraded":["Demon Form"]}],"is_beta":false,"boss_relics":[{"not_picked":["Black Star","Busted Crown"],"picked":"Sozu"},{"not_picked":["SacredBark","SlaversCollar"],"picked":"Velvet Choker"}],"items_purged_floors":[37],"is_endless":false,"potions_floor_spawned":[3,7,13,22,24,30,33,36,40],"killed_by":"Transient","ascension_level":20}}