{"host":"w3znmyy6nqoc7418","time":1611929560,"event":{"mods":["BaseMod","Minty Spire (QoL Compilation)","Replay The Spire","Shop Mod","StSLib"],"gold_per_floor":[117,117,170,170,170,195,205,50,127,144,94,94,269,269,269],"floor_reached":14,"language":"ZHS","playtime":201,"items_purged":["Strike_R"],"score":128,"play_id":"aea800ea-e61b-4fa4-82c8-d9259e4430a0","local_time":"20210129221240","is_ascension_mode":true,"campfire_choices":[{"data":"Bash","floor":12,"key":"SMITH"}],"circlet_count":0,"master_deck":["Strike_R","Strike_R","Strike_R","Defend_R","Defend_R","Defend_R","Defend_R","Bash+1","Flame Barrier+1","ReplayTheSpireMod:Muscle Training","Doubt"],"relics":["Burning Blood","NeowsBlessing","Art of War","Replay:Towering Pillar of Hats","Replay:Kaleidoscope"],"acts_visited":["Exordium"],"potions_floor_usage":[14],"damage_taken":[{"damage":0,"enemies":"2 Louse","floor":1,"turns":1},{"damage":0,"enemies":"3 Sentries","floor":6,"turns":2},{"damage":0,"enemies":"Jaw Worm","floor":7,"turns":1},{"damage":1,"enemies":"Small Slimes","floor":10,"turns":3},{"damage":33,"enemies":"Lagavulin","floor":14,"turns":8}],"seed_played":"-339715369227921519","potions_obtained":[{"floor":5,"key":"Flashbang"},{"floor":5,"key":"EssenceOfSteel"},{"floor":5,"key":"Reflective Coating"}],"is_trial":false,"path_per_floor":["M","?","T","?","?","E","M","$","T","M","?","R","?","E"],"character_chosen":"IRONCLAD","items_purchased":["ReplayTheSpireMod:Muscle Training"],"campfire_rested":0,"item_purchase_floors":[8],"current_hp_per_floor":[80,80,80,68,68,74,80,80,80,80,80,80,80,47,47],"gold":269,"neow_bonus":"THREE_ENEMY_KILL","is_daily":false,"chose_seed":false,"campfire_upgraded":1,"win_rate":0.0,"timestamp":1611929560,"path_taken":["M","?","?","?","?","E","?","$","T","M","?","R","?","E"],"items_purchased_type":["Card"],"build_version":"2020-12-22","purchased_purges":1,"victory":false,"max_hp_per_floor":[80,80,80,80,80,80,80,80,80,80,80,80,80,80,80],"card_choices":[{"not_picked":["Perfected Strike","Fire Breathing"],"picked":"Flame Barrier","floor":1},{"not_picked":["ReplayTheSpireMod:Strike From Hell","Headbutt","Body Slam"],"picked":"SKIP","floor":6},{"not_picked":["Pommel Strike","Ghostly Armor","Dropkick"],"picked":"SKIP","floor":7},{"not_picked":["True Grit","Anger","Metallicize"],"picked":"SKIP","floor":10}],"player_experience":64142,"relics_obtained":[{"floor":3,"key":"Art of War"},{"floor":6,"key":"Replay:Kaleidoscope"}],"event_choices":[{"damage_healed":0,"gold_gain":0,"player_choice":"Grow","damage_taken":0,"max_hp_gain":0,"max_hp_loss":0,"event_name":"Living Wall","floor":2,"gold_loss":0,"cards_upgraded":["Flame Barrier"]},{"damage_healed":0,"gold_gain":0,"player_choice":"Success","damage_taken":12,"relics_obtained":["Replay:Towering Pillar of Hats"],"max_hp_gain":0,"max_hp_loss":0,"event_name":"Scrap Ooze","floor":4,"gold_loss":0},{"damage_healed":0,"gold_gain":0,"player_choice":"Got Potions","damage_taken":0,"max_hp_gain":0,"max_hp_loss":0,"event_name":"Lab","floor":5,"gold_loss":0},{"cards_removed":["Strike_R"],"damage_healed":0,"gold_gain":0,"player_choice":"Card Removal","damage_taken":0,"max_hp_gain":0,"max_hp_loss":0,"event_name":"The Cleric","floor":11,"gold_loss":50},{"damage_healed":0,"gold_gain":175,"player_choice":"AGREE","damage_taken":0,"max_hp_gain":0,"max_hp_loss":0,"event_name":"Liars Game","floor":13,"gold_loss":0,"cards_obtained":["Doubt"]}],"is_beta":false,"boss_relics":[],"items_purged_floors":[8],"is_endless":false,"potions_floor_spawned":[6,10],"killed_by":"Lagavulin","ascension_level":3}}