{"host":"u8jm3mkzbb0z8q6m","time":1611881936,"event":{"mods":["BaseMod","Challenge The Spire","Colored Powertips","Minty Spire (QoL Compilation)","Quick Restart","Replay The Spire","Spicy Shops","StSLib","¡¾ÒÅÎï¿¨ÅÆ¡¿REMEMod"],"gold_per_floor":[131,131,168,168,343,343,397,452,452,452,452,457,468,27,27,27,27],"floor_reached":16,"language":"ZHS","playtime":1015,"items_purged":[],"score":100,"play_id":"cd60b0c1-6855-49f5-9c24-d9187e3adc8f","local_time":"20210129095856","is_ascension_mode":false,"campfire_choices":[{"data":"HandOfGreed","floor":6,"key":"SMITH"},{"data":"Endless Agony","floor":10,"key":"SMITH"},{"floor":15,"key":"DIG"}],"circlet_count":0,"master_deck":["Strike_G","Strike_G","Strike_G","Strike_G","Defend_G","Defend_G","Defend_G","Defend_G","Defend_G","Survivor","Neutralize","HandOfGreed+1","Noxious Fumes","Endless Agony+1","Hallucinations","Doubt","ReplayTheSpireMod:Tripwire","Backflip","Acrobatics","Poison Darts","Poisoned Stab"],"relics":["Ring of the Snake","REME_ComplimentaryCards","NeowsBlessing","ReplayTheSpireMod:Ring of Challenge","ReplayTheSpireMod:Ring of Collecting","Sundial","Ring of Fangs","Mirror","ReplayTheSpireMod:Ring of Addiction","Replay:Bottled Snecko","Potion Belt","Chameleon Ring","TwistedFunnel","Question Card","Snake Skull"],"acts_visited":["Exordium"],"potions_floor_usage":[11,12,13,16],"damage_taken":[{"damage":0,"enemies":"Small Slimes","floor":1,"turns":3},{"damage":0,"enemies":"Jaw Worm","floor":3,"turns":1},{"damage":8,"enemies":"Gremlin Nob","floor":7,"turns":3},{"damage":0,"enemies":"2 Louse","floor":8,"turns":3},{"damage":21,"enemies":"Exordium Thugs","floor":12,"turns":6},{"damage":5,"enemies":"Red Slaver","floor":13,"turns":4},{"damage":41,"enemies":"Fading Forest","floor":16,"turns":10}],"seed_played":"-5822048280478687748","potions_obtained":[{"floor":3,"key":"Poison Potion"},{"floor":11,"key":"REME_GoldPotion"},{"floor":11,"key":"FearPotion"},{"floor":11,"key":"Weak Potion"},{"floor":12,"key":"FearPotion"}],"is_trial":false,"path_per_floor":["M","?","M","?","?","R","E","M","T","R","T","M","M","$","R","B"],"character_chosen":"THE_SILENT","items_purchased":["Poisoned Stab","TwistedFunnel","Question Card"],"campfire_rested":0,"item_purchase_floors":[14,14,14],"current_hp_per_floor":[70,70,70,70,70,70,62,62,62,62,62,41,36,36,36,0,0],"gold":27,"neow_bonus":"THREE_ENEMY_KILL","is_daily":false,"chose_seed":false,"campfire_upgraded":2,"win_rate":0.0,"timestamp":1611881936,"path_taken":["M","?","M","?","?","R","E","M","T","R","?","?","M","?","R","BOSS"],"items_purchased_type":["Card","Relic","Relic"],"build_version":"2020-12-22","purchased_purges":0,"victory":false,"max_hp_per_floor":[70,70,70,70,70,70,70,70,70,70,70,70,70,70,70,70,70],"card_choices":[{"not_picked":["Dagger Spray","Flying Knee"],"picked":"Noxious Fumes","floor":1},{"not_picked":["PiercingWail","Dagger Spray"],"picked":"Endless Agony","floor":3},{"not_picked":["Underhanded Strike","Expertise"],"picked":"ReplayTheSpireMod:Tripwire","floor":7},{"not_picked":["Expertise","Slice"],"picked":"Backflip","floor":8},{"not_picked":["Flying Knee","ReplayTheSpireMod:Scrap Shanks"],"picked":"Acrobatics","floor":12},{"not_picked":["Acrobatics","ReplayTheSpireMod:The Works"],"picked":"Poison Darts","floor":13}],"player_experience":19131,"relics_obtained":[{"floor":4,"key":"ReplayTheSpireMod:Ring of Challenge"},{"floor":4,"key":"ReplayTheSpireMod:Ring of Collecting"},{"floor":7,"key":"Sundial"},{"floor":9,"key":"Ring of Fangs"},{"floor":9,"key":"Mirror"},{"floor":11,"key":"ReplayTheSpireMod:Ring of Addiction"},{"floor":11,"key":"Replay:Bottled Snecko"},{"floor":11,"key":"Potion Belt"},{"floor":11,"key":"Chameleon Ring"},{"floor":15,"key":"Snake Skull"}],"event_choices":[{"damage_healed":0,"gold_gain":175,"player_choice":"AGREE","damage_taken":0,"max_hp_gain":0,"max_hp_loss":0,"event_name":"Liars Game","floor":5,"gold_loss":0,"cards_obtained":["Doubt"]}],"is_beta":false,"boss_relics":[],"items_purged_floors":[],"is_endless":false,"potions_floor_spawned":[3,12],"killed_by":"Fading Forest","ascension_level":0}}