{"host":"36nosutyzulbwemu","time":1611939578,"event":{"mods":["BaseMod","Marisa£®ÏF”Í°°ƒß¿Ì…≥£©","Minty Spire (QoL Compilation)","Reliquary","Replay The Spire","Shop Mod","StSLib","The Bug Knight","The Servant 0.9.4"],"gold_per_floor":[114,114,114,130,130,145,2,15,15,35,110,110,130,156,156,256,256,266,279,52,64,84,100,111,146,171,180,180,204,204,246,255,365,365,387,413,305,305,314,358,358,387,387,387,387],"floor_reached":44,"language":"ZHS","playtime":15461,"items_purged":["Spreading Infection"],"score":682,"play_id":"4c63a444-5be1-4cae-b7b0-32eebf4c9928","local_time":"20210130005938","is_ascension_mode":false,"campfire_choices":[{"data":"TheWorld","floor":30,"key":"SMITH"},{"floor":41,"key":"REST"}],"circlet_count":0,"master_deck":["Strike_S","Strike_S","Defend_S","Defend_S+1","KidneyShot","Exchange","GearUp+1","Spin","InstantArmor","Foresight","Contraction","Ricochet","TrueSight","Sabotage","BestPractice+1","BestPractice+1","Sunlight","ReplayTheSpireMod:Splinters","CurseOfTheBell","Starlight","ShiftingGears","Sabotage","DoubleEdge","Deadline","Alleviate","TheWorld+1","SilverBlades","Starlight","Unruled","Moonlight","Deny","Comet+1","ShiftingGears","Starlight+1","Snipe","SpecialFormula+1","Spin","DoubleEdge+1","Pain","ShatteredReality+1","BottledTime+1"],"relics":["Uniform","Potion Belt","HandDrill","reliquary:QuartzCube","Orichalcum","Replay:Ancient Bell","Replay:Wax Seal","Iron Hammer","StoneCalendar","ClockworkSouvenir","Replay:Bottled Eggs","CeramicFish","TungstenRod","Replay:Bronze Core","Orrery","WarpedTongs","WingedGreaves","reliquary:HotPoker"],"acts_visited":["Exordium","TheCity","TheBeyond"],"potions_floor_usage":[19,21,22,22,23,23,25,25,31,40,40,44],"damage_taken":[{"damage":0,"enemies":"2 Louse","floor":1,"turns":3},{"damage":0,"enemies":"Small Slimes","floor":4,"turns":3},{"damage":0,"enemies":"Jaw Worm","floor":6,"turns":4},{"damage":4,"enemies":"Exordium Thugs","floor":8,"turns":4},{"damage":0,"enemies":"Red Slaver","floor":10,"turns":4},{"damage":0,"enemies":"Blue Slaver","floor":13,"turns":4},{"damage":12,"enemies":"3 Sentries","floor":14,"turns":5},{"damage":2,"enemies":"The Guardian","floor":16,"turns":13},{"damage":0,"enemies":"Chosen","floor":18,"turns":7},{"damage":0,"enemies":"Shell Parasite","floor":19,"turns":5},{"damage":0,"enemies":"Snake Plant","floor":21,"turns":4},{"damage":0,"enemies":"Centurion and Healer","floor":22,"turns":6},{"damage":15,"enemies":"Sentry and Sphere","floor":23,"turns":5},{"damage":0,"enemies":"Snake Plant","floor":24,"turns":5},{"damage":0,"enemies":"Gremlin Leader","floor":25,"turns":7},{"damage":0,"enemies":"Snecko","floor":29,"turns":6},{"damage":3,"enemies":"Replay:Snechameleon","floor":31,"turns":7},{"damage":4,"enemies":"Pondfish","floor":33,"turns":12},{"damage":13,"enemies":"3 Shapes","floor":35,"turns":4},{"damage":0,"enemies":"Orb Walker","floor":36,"turns":2},{"damage":44,"enemies":"Nemesis","floor":40,"turns":7},{"damage":26,"enemies":"Jaw Worm Horde","floor":42,"turns":5},{"damage":5,"enemies":"Sphere and 2 Shapes","floor":44,"turns":2}],"seed_played":"11301428781","potions_obtained":[{"floor":4,"key":"Swift Potion"},{"floor":8,"key":"Fire Potion"},{"floor":10,"key":"Fire Potion"},{"floor":14,"key":"SpeedPotion"},{"floor":16,"key":"SkillPotion"},{"floor":19,"key":"Block Potion"},{"floor":21,"key":"LiquidBronze"},{"floor":22,"key":"SpeedPotion"},{"floor":25,"key":"LiquidBronze"},{"floor":29,"key":"Dexterity Potion"},{"floor":36,"key":"SpeedPotion"},{"floor":42,"key":"Energy Potion"}],"is_trial":false,"path_per_floor":["M","?","?","M","?","M","$","M","T","M","?","?","M","E","R","B",null,"M","M","$","M","M","M","M","E","T","?","?","M","R","E","R","B",null,"M","M","$","?","?","E","R","M","T","M"],"character_chosen":"THE_SERVANT","items_purchased":["HandDrill","ClockworkSouvenir","Orrery"],"campfire_rested":1,"item_purchase_floors":[7,20,37],"current_hp_per_floor":[65,65,65,65,65,65,65,61,61,61,50,50,50,38,38,36,65,65,65,65,65,65,50,50,50,50,50,50,50,50,47,47,43,65,52,52,52,52,52,16,35,9,9,4,4],"gold":387,"neow_bonus":"RANDOM_COMMON_RELIC","is_daily":false,"chose_seed":true,"campfire_upgraded":1,"win_rate":0.0,"timestamp":1611939578,"path_taken":["M","?","?","M","?","?","?","M","T","?","?","?","M","E","R","BOSS","M","M","$","M","?","M","M","E","T","?","?","M","R","E","R","BOSS","M","M","$","?","?","E","R","M","T","M"],"items_purchased_type":["Relic","Relic","Relic"],"build_version":"2020-12-22","purchased_purges":1,"victory":false,"max_hp_per_floor":[65,65,65,65,65,65,65,65,65,65,65,65,65,65,65,65,65,65,65,65,65,65,65,65,65,65,65,65,65,65,65,65,65,65,65,65,65,65,65,65,65,65,65,65,65],"card_choices":[{"not_picked":["Potential","Spin"],"picked":"Starlight","floor":1},{"not_picked":["Ricochet","Starlight"],"picked":"InstantArmor","floor":4},{"not_picked":["Desolation","DoubleEdge"],"picked":"Foresight","floor":6},{"not_picked":["Collapse","Snipe"],"picked":"Contraction","floor":8},{"not_picked":["InstantArmor","Desolation"],"picked":"Ricochet","floor":10},{"not_picked":["Unruled","Starlight"],"picked":"Sabotage","floor":13},{"not_picked":["SpecialFormula","Potential"],"picked":"BestPractice","floor":14},{"not_picked":["Solidify","Initiator"],"picked":"Sunlight","floor":16},{"not_picked":["Amnesia","Pain"],"picked":"Spreading Infection","floor":17},{"not_picked":["Regret","AbeCurse"],"picked":"ReplayTheSpireMod:Splinters","floor":17},{"not_picked":["ReplayTheSpireMod:Faulty Equipment","Delirium"],"picked":"CurseOfTheBell","floor":17},{"not_picked":["Shuttle","Rewind+1"],"picked":"Starlight","floor":18},{"not_picked":["Rearm","Shuttle"],"picked":"ShiftingGears","floor":19},{"not_picked":["Ricochet","TimeWarp"],"picked":"Sabotage","floor":21},{"not_picked":["Ricochet","WasteNot"],"picked":"DoubleEdge","floor":22},{"not_picked":["Spin","Manipulate"],"picked":"Deadline","floor":23},{"not_picked":["DualDimension","Desolation+1"],"picked":"Alleviate","floor":24},{"not_picked":["Read","Rewind"],"picked":"TheWorld","floor":25},{"not_picked":["Rearm","TimeWarp"],"picked":"Starlight","floor":29},{"not_picked":["Spin","Rearm"],"picked":"Unruled","floor":31},{"not_picked":["SoulSculpture","Solidify"],"picked":"Deny","floor":33},{"not_picked":["Revamp","Rearm"],"picked":"Comet+1","floor":35},{"not_picked":["Replace","DoubleEdge+1"],"picked":"ShiftingGears","floor":36},{"not_picked":["Contraction","ShatteredReality"],"picked":"Starlight+1","floor":37},{"not_picked":["Rewind","Sunlight"],"picked":"Snipe","floor":37},{"not_picked":["Barrier","Collapse+1"],"picked":"SpecialFormula+1","floor":37},{"not_picked":["Desolation","SoulSculpture"],"picked":"Spin","floor":37},{"not_picked":["Replace","Ricochet"],"picked":"DoubleEdge+1","floor":37},{"not_picked":["Spin","Replace+1"],"picked":"ShatteredReality+1","floor":40},{"not_picked":["Unruled","Rearm+1"],"picked":"BottledTime+1","floor":42}],"player_experience":491387,"relics_obtained":[{"floor":9,"key":"reliquary:QuartzCube"},{"floor":14,"key":"Orichalcum"},{"floor":25,"key":"Replay:Bottled Eggs"},{"floor":26,"key":"CeramicFish"},{"floor":31,"key":"TungstenRod"},{"floor":40,"key":"WingedGreaves"},{"floor":43,"key":"reliquary:HotPoker"}],"event_choices":[{"damage_healed":0,"gold_gain":0,"cards_transformed":["Strike_S"],"player_choice":"Change","damage_taken":0,"max_hp_gain":0,"max_hp_loss":0,"event_name":"Living Wall","floor":3,"gold_loss":0,"cards_obtained":["Spin"]},{"damage_healed":0,"gold_gain":75,"player_choice":"Gather Gold","damage_taken":11,"max_hp_gain":0,"max_hp_loss":0,"event_name":"World of Goop","floor":11,"gold_loss":0},{"damage_healed":0,"gold_gain":0,"cards_transformed":["Defend_S"],"player_choice":"Transformed","damage_taken":0,"max_hp_gain":0,"max_hp_loss":0,"event_name":"Transmorgrifier","floor":12,"gold_loss":0,"cards_obtained":["TrueSight"]},{"damage_healed":0,"gold_gain":0,"player_choice":"Read","damage_taken":0,"max_hp_gain":0,"max_hp_loss":0,"event_name":"The Library","floor":27,"gold_loss":0,"cards_obtained":["SilverBlades"]},{"damage_healed":0,"gold_gain":0,"player_choice":"Ignored","damage_taken":0,"max_hp_gain":0,"max_hp_loss":0,"event_name":"Tomb of Lord Red Mask","floor":38,"gold_loss":0},{"damage_healed":0,"gold_gain":0,"player_choice":"Rummage","damage_taken":0,"relics_obtained":["WarpedTongs"],"max_hp_gain":0,"max_hp_loss":0,"event_name":"Accursed Blacksmith","floor":39,"gold_loss":0,"cards_obtained":["Pain"]}],"is_beta":false,"boss_relics":[{"not_picked":["Runic Dome","Kintsugi"],"picked":"Replay:Ancient Bell"},{"not_picked":["MawBank","Blood Vial"],"picked":"Replay:Wax Seal"},{"not_picked":["reliquary:Aerogel","HollowMod:StagPassRelic"],"picked":"Iron Hammer"},{"not_picked":["CaptainsWheel","Pocketwatch"],"picked":"StoneCalendar"},{"not_picked":["Velvet Choker","Ring of Chaos"],"picked":"Replay:Bronze Core"}],"items_purged_floors":[20],"is_endless":false,"potions_floor_spawned":[4,8,10,14,16,19,21,22,25,29,36,42],"killed_by":"Sphere and 2 Shapes","ascension_level":0}}