{"host":"3tyeyqdkopu0dn2g","time":1611929374,"event":{"mods":["AchievementEnabler","BaseMod","BetterRewards","Minty Spire (QoL Compilation)","Quick Restart","Shop Mod","Slay-I"],"gold_per_floor":[119,139,13,30,48,48,65,78,78,110,110,63,63,73,73,174,174,190,200,217,38,49,49,60,72,141,152,163,182,182,12,12,12,12],"floor_reached":33,"language":"ZHS","playtime":3365,"items_purged":["Strike_B","Defend_B","Strike_B"],"score":257,"play_id":"e5ef103b-cf59-4637-a507-ad22ba4e31e5","local_time":"20210129220934","is_ascension_mode":false,"campfire_choices":[{"data":"Steam","floor":6,"key":"SMITH"},{"floor":13,"key":"REST"},{"data":"Leap","floor":15,"key":"SMITH"},{"data":"Fusion","floor":23,"key":"SMITH"},{"data":"Seek","floor":32,"key":"SMITH"}],"circlet_count":0,"master_deck":["Strike_B","Strike_B","Defend_B","Defend_B","Defend_B","Zap+1","Dualcast","Hello World","Coolheaded","Steam+1","Ball Lightning","Leap+1","Seek+1","Fusion+1","Self Repair","Cold Snap","Conserve Battery+1","Conserve Battery"],"relics":["FrozenCore","NeowsBlessing","Gambling Chip","White Beast Statue","Frozen Egg 2","MutagenicStrength"],"acts_visited":["Exordium","TheCity"],"potions_floor_usage":[10,14,16,20,22,25,25,27,33,33,33],"damage_taken":[{"damage":0,"enemies":"Jaw Worm","floor":1,"turns":1},{"damage":0,"enemies":"Cultist","floor":2,"turns":1},{"damage":0,"enemies":"2 Louse","floor":4,"turns":1},{"damage":3,"enemies":"2 Fungi Beasts","floor":5,"turns":4},{"damage":9,"enemies":"Red Slaver","floor":7,"turns":5},{"damage":7,"enemies":"Large Slime","floor":8,"turns":6},{"damage":55,"enemies":"Gremlin Nob","floor":10,"turns":6},{"damage":2,"enemies":"Lots of Slimes","floor":14,"turns":3},{"damage":3,"enemies":"The Guardian","floor":16,"turns":12},{"damage":5,"enemies":"Chosen","floor":18,"turns":6},{"damage":20,"enemies":"3 Byrds","floor":19,"turns":6},{"damage":25,"enemies":"Centurion and Healer","floor":20,"turns":14},{"damage":17,"enemies":"Snake Plant","floor":22,"turns":6},{"damage":14,"enemies":"Snecko","floor":24,"turns":10},{"damage":2,"enemies":"Sentry and Sphere","floor":25,"turns":6},{"damage":5,"enemies":"Centurion and Healer","floor":27,"turns":8},{"damage":4,"enemies":"Chosen and Byrds","floor":28,"turns":9},{"damage":14,"enemies":"Shelled Parasite and Fungi","floor":29,"turns":8},{"damage":28,"enemies":"Champ","floor":33,"turns":18}],"seed_played":"-2400856038473120658","potions_obtained":[{"floor":1,"key":"Fire Potion"},{"floor":7,"key":"Energy Potion"},{"floor":8,"key":"PotionOfCapacity"},{"floor":10,"key":"Block Potion"},{"floor":14,"key":"Dexterity Potion"},{"floor":16,"key":"FocusPotion"},{"floor":18,"key":"Energy Potion"},{"floor":20,"key":"Fruit Juice"},{"floor":22,"key":"SteroidPotion"},{"floor":24,"key":"Energy Potion"},{"floor":25,"key":"SkillPotion"},{"floor":27,"key":"BlessingOfTheForge"},{"floor":28,"key":"FearPotion"}],"is_trial":false,"path_per_floor":["M","M","$","M","M","R","M","M","T","E","?","$","R","M","R","B",null,"M","M","M","$","M","R","M","M","T","M","M","M","?","$","R","B"],"character_chosen":"DEFECT","items_purchased":["Steam","Ball Lightning","Self Repair","Conserve Battery"],"campfire_rested":1,"item_purchase_floors":[3,12,21,31],"current_hp_per_floor":[75,75,75,75,72,72,63,56,56,1,1,1,23,21,21,18,75,70,50,30,30,20,20,13,18,18,20,23,16,16,16,16,0,0],"gold":12,"neow_bonus":"THREE_ENEMY_KILL","is_daily":false,"chose_seed":false,"campfire_upgraded":4,"win_rate":0.0,"timestamp":1611929374,"path_taken":["M","M","$","M","M","R","M","M","T","E","?","$","R","M","R","BOSS","M","M","?","$","M","R","M","M","T","M","M","M","?","$","R","BOSS"],"items_purchased_type":["Card","Card","Card","Card"],"build_version":"2020-12-22","purchased_purges":3,"victory":false,"max_hp_per_floor":[75,75,75,75,75,75,75,75,75,75,75,75,75,75,75,75,75,75,75,80,80,80,80,80,80,80,80,80,80,80,80,80,80,80],"card_choices":[{"not_picked":["Darkness","Beam Cell"],"picked":"Hello World","floor":1},{"not_picked":["Conserve Battery","Steam Power"],"picked":"Coolheaded","floor":2},{"not_picked":["Hologram","Auto Shields","Conserve Battery"],"picked":"SKIP","floor":4},{"not_picked":["Reinforced Body","Steam Power","Consume"],"picked":"SKIP","floor":5},{"not_picked":["Darkness","Streamline","Storm"],"picked":"SKIP","floor":7},{"not_picked":["Barrage","Stack","Skim"],"picked":"SKIP","floor":8},{"not_picked":["Consume","Reinforced Body","White Noise"],"picked":"SKIP","floor":10},{"not_picked":["Double Energy","Genetic Algorithm"],"picked":"Leap","floor":14},{"not_picked":["Rainbow","Reboot"],"picked":"Seek","floor":16},{"not_picked":["Storm","Chill","Darkness"],"picked":"SKIP","floor":18},{"not_picked":["BootSequence","Leap"],"picked":"Fusion","floor":19},{"not_picked":["Steam","Genetic Algorithm","Stack+1"],"picked":"SKIP","floor":20},{"not_picked":["Scrape","Leap+1","Sweeping Beam"],"picked":"SKIP","floor":22},{"not_picked":["Force Field+1","Lockon","Stack"],"picked":"SKIP","floor":24},{"not_picked":["Fission","Go for the Eyes","Blizzard+1"],"picked":"SKIP","floor":25},{"not_picked":["Leap","Scrape"],"picked":"Cold Snap","floor":27},{"not_picked":["FTL","Creative AI+1"],"picked":"Conserve Battery+1","floor":28},{"not_picked":["Hologram+1","Leap","Storm+1"],"picked":"SKIP","floor":29}],"player_experience":102828,"relics_obtained":[{"floor":9,"key":"Gambling Chip"},{"floor":10,"key":"White Beast Statue"},{"floor":26,"key":"Frozen Egg 2"}],"event_choices":[{"damage_healed":0,"gold_gain":0,"player_choice":"Forge","damage_taken":0,"max_hp_gain":0,"max_hp_loss":0,"event_name":"Accursed Blacksmith","floor":11,"gold_loss":0,"cards_upgraded":["Zap"]},{"damage_healed":0,"gold_gain":0,"player_choice":"Inject Mutagens","damage_taken":0,"relics_obtained":["MutagenicStrength"],"max_hp_gain":0,"max_hp_loss":0,"event_name":"Drug Dealer","floor":30,"gold_loss":0}],"is_beta":false,"boss_relics":[{"not_picked":["Snecko Eye","Astrolabe"],"picked":"FrozenCore"}],"items_purged_floors":[3,21,31],"is_endless":false,"potions_floor_spawned":[1,7,8,10,14,16,18,19,20,22,24,25,27,28,29],"killed_by":"Champ","ascension_level":0}}