{"host":"zk71suw73lg2r165","time":1611884001,"event":{"mods":["BaseMod","Colored Map","Minty Spire (QoL Compilation)","Permanent Neow","Relic Stats","StSLib"],"gold_per_floor":[114,40,40,54,65,100,100,111,135,155,155,175,210,228,228,228,228],"floor_reached":16,"language":"ENG","playtime":500,"items_purged":[],"score":228,"play_id":"f240ca92-433b-4a7f-8516-7b44485d31d8","local_time":"20210128203321","is_ascension_mode":true,"campfire_choices":[{"data":"Reprogram","floor":7.0,"key":"SMITH"},{"floor":11.0,"key":"REST"},{"floor":15,"key":"REST"}],"circlet_count":0,"master_deck":["AscendersBane","Strike_B","Strike_B","Strike_B","Strike_B","Defend_B","Defend_B","Defend_B","Defend_B","Zap","Dualcast","Leap","Reprogram+1","Ball Lightning","Leap","Stack","Rebound","Sweeping Beam","Melter","Go for the Eyes"],"relics":["Velvet Choker","Pen Nib","PreservedInsect","Potion Belt","Eternal Feather"],"acts_visited":["Exordium"],"potions_floor_usage":[16],"damage_taken":[{"damage":1.0,"enemies":"Cultist","floor":1.0,"turns":4.0},{"damage":0.0,"enemies":"Small Slimes","floor":4.0,"turns":3.0},{"damage":3.0,"enemies":"2 Louse","floor":5.0,"turns":4.0},{"damage":36.0,"enemies":"Gremlin Nob","floor":6.0,"turns":5.0},{"damage":0.0,"enemies":"Exordium Wildlife","floor":8.0,"turns":5.0},{"damage":13.0,"enemies":"Blue Slaver","floor":10.0,"turns":4.0},{"damage":2.0,"enemies":"Exordium Thugs","floor":12.0,"turns":4.0},{"damage":10.0,"enemies":"3 Sentries","floor":13.0,"turns":4.0},{"damage":6,"enemies":"Exordium Wildlife","floor":14,"turns":4},{"damage":49,"enemies":"The Guardian","floor":16,"turns":10}],"seed_played":"849075146739550779","potions_obtained":[{"floor":1.0,"key":"EntropicBrew"},{"floor":4.0,"key":"EntropicBrew"},{"floor":12.0,"key":"SpeedPotion"},{"floor":14,"key":"DistilledChaos"}],"is_trial":false,"path_per_floor":["M","?","$","M","M","E","R","M","T","M","R","M","E","M","R","B"],"character_chosen":"DEFECT","items_purchased":[],"campfire_rested":2,"item_purchase_floors":[],"current_hp_per_floor":[63,63,63,63,60,24,24,24,24,11,32,30,20,14,47,0,0],"gold":228,"neow_bonus":"BOSS_RELIC","is_daily":false,"chose_seed":false,"campfire_upgraded":1,"win_rate":0.0,"timestamp":1611884001,"path_taken":["M","?","?","M","M","E","R","?","T","M","R","M","E","M","R","BOSS"],"items_purchased_type":[],"build_version":"2020-12-22","purchased_purges":0,"victory":false,"max_hp_per_floor":[71,71,71,71,71,71,71,71,71,71,71,71,71,71,71,71,71],"relic_stats":{"counters":[10,47],"Eternal Feather":12,"Pen Nib":[7],"PreservedInsect":32,"obtain_stats":[{"Potion Belt":9,"Velvet Choker":0,"Eternal Feather":13,"Pen Nib":2,"PreservedInsect":6,"Cracked Core":0},{"Potion Belt":5,"Velvet Choker":0,"Eternal Feather":8,"Pen Nib":1,"PreservedInsect":4,"Cracked Core":0},{"Potion Belt":21,"Velvet Choker":0,"Eternal Feather":33,"Pen Nib":4,"PreservedInsect":16,"Cracked Core":0}]},"card_choices":[{"not_picked":["Steam Power","Gash"],"picked":"Leap","floor":1.0},{"not_picked":["Genetic Algorithm","Chill"],"picked":"Reprogram","floor":4.0},{"not_picked":["Streamline","Redo"],"picked":"Ball Lightning","floor":5.0},{"not_picked":["Loop","Double Energy"],"picked":"Leap","floor":6.0},{"not_picked":["Cold Snap","Redo"],"picked":"Stack","floor":8.0},{"not_picked":["Skim","Double Energy"],"picked":"Rebound","floor":10.0},{"not_picked":["Turbo","Rebound"],"picked":"Sweeping Beam","floor":12.0},{"not_picked":["Rebound","Compile Driver"],"picked":"Melter","floor":13.0},{"not_picked":["Rainbow","Coolheaded"],"picked":"Go for the Eyes","floor":14}],"player_experience":1406611,"relics_obtained":[{"floor":6.0,"key":"PreservedInsect"},{"floor":9.0,"key":"Potion Belt"},{"floor":13.0,"key":"Eternal Feather"}],"event_choices":[{"damage_healed":0.0,"max_hp_gain":0.0,"max_hp_loss":0.0,"gold_gain":0.0,"event_name":"WeMeetAgain","player_choice":"Paid Gold","floor":2.0,"gold_loss":74.0,"damage_taken":0.0,"relics_obtained":["Pen Nib"]}],"is_beta":false,"boss_relics":[],"items_purged_floors":[],"is_endless":false,"potions_floor_spawned":[1,4,12,14],"killed_by":"The Guardian","ascension_level":20}}