{"host":"sckme7d1fomdxamv","time":1611898668,"event":{"mods":["Act Like it!","BaseMod","Downfall","Friendly Minions","Gensokyo","Kiyohime（清姬）","Marisa（F雨　魔理沙）","Minty Spire (QoL Compilation)","READ ME - Guardian Mod","Rare Cards Sparkle","Remilia（蕾米莉亚）","Replay The Spire","Shop Mod","StSLib","The Bug Knight","The Hierophant","The Servant 0.9.4"],"gold_per_floor":[111,131,48,48,66,100,100,116,116,191,191,203,203,218,218,317,317,330,330,110,110,144,144,156,156,156],"floor_reached":25,"language":"ZHS","playtime":1295,"items_purged":[],"score":226,"play_id":"63e25512-c354-448b-9c92-3e5b7e741ffc","local_time":"20210129133748","is_ascension_mode":false,"campfire_choices":[{"data":"HollowMod:WraithStrike","floor":7,"key":"SMITH"},{"data":"HollowMod:CycloneSlash","floor":11,"key":"SMITH"},{"data":"HollowMod:SiblingsSouls","floor":15,"key":"SMITH"},{"data":"HollowMod:CrystalDash","floor":23,"key":"SMITH"}],"circlet_count":0,"master_deck":["HollowMod:NailStrikeStart+1","HollowMod:NailStrikeStart+1","HollowMod:QuickDashStart+1","HollowMod:QuickDashStart+1","HollowMod:QuickDashStart+1","HollowMod:QuickDashStart+1","HollowMod:PogoStrike","HollowMod:PerfectDash+1","HollowMod:AbyssShriek","HollowMod:CycloneSlash+1","HollowMod:WraithStrike+1","HollowMod:GreatSlash","HollowMod:SiblingsSouls+1","HollowMod:ShadowDash","HollowMod:SlysStrikes+1","HollowMod:PerfectDash","HollowMod:CrystalDash+1","HollowMod:DashSlash","HollowMod:VengefulVoid"],"relics":["Empty Cage","Replay:Wax Seal","Bag of Marbles","Eternal Feather","HollowMod:VoidIdolRelic","Guide Book"],"acts_visited":["Exordium","TheCity"],"potions_floor_usage":[6,18,18,25,25],"damage_taken":[{"damage":1,"enemies":"Cultist","floor":1,"turns":3},{"damage":1,"enemies":"Jaw Worm","floor":2,"turns":3},{"damage":0,"enemies":"2 Louse","floor":5,"turns":1},{"damage":15,"enemies":"3 Sentries","floor":6,"turns":5},{"damage":0,"enemies":"Gremlin Gang","floor":8,"turns":2},{"damage":6,"enemies":"Blue Slaver","floor":12,"turns":2},{"damage":0,"enemies":"2 Fungi Beasts","floor":14,"turns":1},{"damage":31,"enemies":"Slime Boss","floor":16,"turns":9},{"damage":3,"enemies":"Chosen","floor":18,"turns":6},{"damage":0,"enemies":"HollowMod:Zote","floor":22,"turns":2},{"damage":15,"enemies":"Shell Parasite","floor":24,"turns":10},{"damage":73,"enemies":"Slavers","floor":25,"turns":5}],"seed_played":"-4715636654781640515","potions_obtained":[{"floor":1,"key":"Adrenaline Potion"},{"floor":5,"key":"PowerPotion"},{"floor":6,"key":"Languid Potion"},{"floor":14,"key":"DuplicationPotion"},{"floor":16,"key":"Block Potion"},{"floor":18,"key":"BlessingOfTheForge"}],"is_trial":false,"path_per_floor":["M","M","$","?","M","E","R","M","T","?","R","M","T","M","R","B",null,"M","?","$","?","?","R","M","E"],"character_chosen":"THE_BUGKNIGHT","items_purchased":["Replay:Wax Seal","Guide Book","HollowMod:CrystalDash"],"campfire_rested":0,"item_purchase_floors":[3,20,20],"current_hp_per_floor":[74,73,73,73,73,58,58,58,58,47,47,41,41,41,47,16,75,72,72,72,72,72,75,60,0,0],"gold":156,"neow_bonus":"BOSS_RELIC","is_daily":false,"chose_seed":false,"campfire_upgraded":4,"win_rate":0.0,"timestamp":1611898668,"path_taken":["M","M","$","?","M","E","R","?","T","?","R","M","?","M","R","BOSS","M","?","$","?","?","R","M","E"],"items_purchased_type":["Relic","Relic","Card"],"build_version":"2020-12-22","purchased_purges":0,"victory":false,"max_hp_per_floor":[75,75,75,75,75,75,75,75,75,75,75,75,75,75,75,75,75,75,75,75,75,75,75,75,75,75],"card_choices":[{"not_picked":["HollowMod:Grubsong","HollowMod:GoodIntentions"],"picked":"HollowMod:PerfectDash","floor":1},{"not_picked":["HollowMod:DescendingDark","HollowMod:QuirrelsAssistance"],"picked":"HollowMod:AbyssShriek","floor":2},{"not_picked":["HollowMod:SoulVessel","HollowMod:SharpenedNail"],"picked":"HollowMod:CycloneSlash","floor":5},{"not_picked":["HollowMod:MonomonsArchive","HollowMod:AbyssShriek"],"picked":"HollowMod:WraithStrike","floor":6},{"not_picked":["HollowMod:LifebloodCocoon","HollowMod:CloakDash"],"picked":"HollowMod:GreatSlash","floor":8},{"not_picked":["HollowMod:NewLittleFool","HollowMod:CoiledNail"],"picked":"HollowMod:SiblingsSouls","floor":12},{"not_picked":["HollowMod:CycloneSlash","HollowMod:FastStrike"],"picked":"HollowMod:ShadowDash","floor":14},{"not_picked":["HollowMod:Hiveblood","HollowMod:LordofShades"],"picked":"HollowMod:SlysStrikes","floor":16},{"not_picked":["HollowMod:CoiledNail+1","HollowMod:InfectedAttack"],"picked":"HollowMod:PerfectDash","floor":18},{"not_picked":["HollowMod:VengefulSpirit","HollowMod:TaintedHusks"],"picked":"HollowMod:DashSlash","floor":22},{"not_picked":["HollowMod:DesolateDive+1","HollowMod:BlackTendrils+1"],"picked":"HollowMod:VengefulVoid","floor":24}],"player_experience":243675,"relics_obtained":[{"floor":6,"key":"Bag of Marbles"},{"floor":13,"key":"Eternal Feather"}],"event_choices":[{"cards_removed":["HollowMod:NailStrikeStart"],"damage_healed":0,"gold_gain":0,"player_choice":"Offered Basic","damage_taken":0,"max_hp_gain":0,"max_hp_loss":0,"event_name":"Bonfire Elementals","floor":4,"gold_loss":0},{"damage_healed":0,"gold_gain":75,"player_choice":"Gather Gold","damage_taken":11,"max_hp_gain":0,"max_hp_loss":0,"event_name":"World of Goop","floor":10,"gold_loss":0},{"damage_healed":0,"gold_gain":0,"player_choice":"Simplicity","damage_taken":0,"max_hp_gain":0,"max_hp_loss":0,"event_name":"Back to Basics","floor":19,"gold_loss":0,"cards_upgraded":["HollowMod:NailStrikeStart","HollowMod:NailStrikeStart","HollowMod:QuickDashStart","HollowMod:QuickDashStart","HollowMod:QuickDashStart","HollowMod:QuickDashStart"]}],"is_beta":false,"boss_relics":[{"not_picked":["Coffee Dripper","Calling Bell"],"picked":"HollowMod:VoidIdolRelic"}],"items_purged_floors":[],"is_endless":false,"potions_floor_spawned":[1,5,6,14,16,18],"killed_by":"Slavers","ascension_level":0}}