{"host":"dscols65uipasqd2","time":1611901369,"event":{"mods":["2.2 Compatiblity","AchievementEnabler","Aspiration","BaseMod","Colored Powertips","Downfall","Energized Spire","GifTheSpireLib","Hermit","Hubris","Infinite Spire","JesterMod","Jorbs\u0027s Wanderer Trilogy","Magitek Elite","Marisa????????","Minty Spire (QoL Compilation)","Rare Cards Sparkle","Replay The Spire","StSLib","Stuff the Spire","The Cursed","The Disciple","The Hierophant","The Judge","The Jungle","TheFirefly"],"gold_per_floor":[99,109,109,109,109,109,109,7,7,19,51,51,61,73,93,93,93,93],"floor_reached":16,"language":"ENG","playtime":874,"items_purged":[],"score":100,"play_id":"343dc17c-9f1b-4a98-b404-9f55d9cfdb7b","local_time":"20210129012249","is_ascension_mode":false,"campfire_choices":[{"data":"Guardian:TwinSlam","floor":1,"key":"SMITH"},{"data":"Replay:SS_hec_1","floor":9,"key":"SMITH"},{"floor":12,"key":"REST"}],"circlet_count":0,"master_deck":["Guardian:Strike_Guardian","Guardian:Strike_Guardian","Guardian:Strike_Guardian","Guardian:Strike_Guardian","Guardian:Defend_Guardian","Guardian:Defend_Guardian","Guardian:Defend_Guardian","Guardian:CurlUp","Guardian:TwinSlam+1","Guardian:WalkerClaw","Replay:SS_hec_1+1","Guardian:RollAttack","Guardian:RevengeProtocol","Guardian:Gem_White","Guardian:Gem_Red","Guardian:PrismaticBeam"],"relics":["Guardian:ModeShifter","Blue Candle","hubris:Icosahedron","StuffTheSpire:Experiment12"],"acts_visited":["Exordium"],"potions_floor_usage":[16,16,16],"damage_taken":[{"damage":5,"enemies":"Small Slimes","floor":2,"turns":4},{"damage":0,"enemies":"downfall:FleeingMerchant","floor":8,"turns":4},{"damage":7,"enemies":"2 Louse","floor":10,"turns":2},{"damage":18,"enemies":"3 Sentries","floor":11,"turns":7},{"damage":4,"enemies":"Jaw Worm","floor":13,"turns":4},{"damage":18,"enemies":"Exordium Thugs","floor":14,"turns":4},{"damage":13,"enemies":"Lots of Slimes","floor":15,"turns":5},{"damage":80,"enemies":"DF_ARCHETYPE_STREAMLINE","floor":16,"turns":14}],"seed_played":"6371715755883115996","potions_obtained":[{"floor":10,"key":"Adrenaline Potion"},{"floor":14,"key":"LiquidMemories"},{"floor":15,"key":"Weak Potion"}],"is_trial":false,"path_per_floor":["R","M","?","?","?","?","T","$","R","M","E","R","M","M","M","B"],"character_chosen":"GUARDIAN","items_purchased":["Replay:SS_hec_1"],"campfire_rested":1,"item_purchase_floors":[8],"current_hp_per_floor":[88,83,83,83,78,78,78,78,78,71,53,79,75,57,44,0,0,0],"gold":93,"neow_bonus":"TEN_PERCENT_HP_BONUS","is_daily":false,"chose_seed":false,"campfire_upgraded":2,"win_rate":0.0,"timestamp":1611901369,"path_taken":["R","M","?","?","?","?","T","$","R","M","E","R","M","?","M","BOSS"],"items_purchased_type":["Card"],"build_version":"2020-12-22","purchased_purges":0,"victory":false,"max_hp_per_floor":[88,88,88,88,88,88,88,88,88,88,88,88,88,88,88,88,88,88],"card_choices":[{"not_picked":["Guardian:Gem_White","Guardian:DonusPower"],"picked":"Guardian:Gem_Blue","floor":2},{"not_picked":["Guardian:PiercingHide","Guardian:Planning"],"picked":"Guardian:WalkerClaw","floor":8},{"not_picked":["Guardian:TemporalStrike","Guardian:Planning"],"picked":"Guardian:RollAttack","floor":10},{"not_picked":["Guardian:ChargeCore","Guardian:BronzeArmor"],"picked":"Guardian:RevengeProtocol","floor":11},{"not_picked":["Guardian:Emergency","Guardian:VentSteam"],"picked":"Guardian:Gem_White","floor":13},{"not_picked":["Guardian:TemporalStrike","Guardian:ShieldSpikes"],"picked":"Guardian:Gem_Red","floor":14},{"not_picked":["Guardian:Gem_White","Guardian:PiercingHide"],"picked":"Guardian:PrismaticBeam","floor":15}],"player_experience":490178,"relics_obtained":[{"floor":11,"key":"StuffTheSpire:Experiment12"}],"event_choices":[],"is_beta":false,"boss_relics":[],"items_purged_floors":[],"is_endless":false,"potions_floor_spawned":[10,14,15],"killed_by":"DF_ARCHETYPE_STREAMLINE","ascension_level":0}}