{"host":"kvo7eymyd21g9abd","time":1611933894,"event":{"mods":["AchievementEnabler","BaseMod","Bestiary","Colored Map","Minty Spire (QoL Compilation)","StSLib"],"gold_per_floor":[34,68,120,120,153,223,223,274,274,324,26,26,26,64,64,64,64],"floor_reached":16,"language":"ENG","playtime":595,"items_purged":[],"score":120,"play_id":"3bd91d1d-adb8-48f8-88a5-125821fb0cce","local_time":"20210129102454","is_ascension_mode":true,"campfire_choices":[{"floor":7,"key":"REST"},{"floor":13,"key":"REST"},{"floor":15,"key":"RECALL"}],"circlet_count":0,"master_deck":["Strike_P","Strike_P","Strike_P","Strike_P","Defend_P","Defend_P","Defend_P","Defend_P","Eruption","Vigilance","HandOfGreed","SashWhip","FearNoEvil","Establishment+1","Protect","Evaluate","Crescendo","FlyingSleeves","Evaluate"],"relics":["PureWater","Happy Flower","Sling","Bronze Scales"],"acts_visited":["Exordium"],"potions_floor_usage":[16,16],"damage_taken":[{"damage":0,"enemies":"Cultist","floor":1,"turns":2},{"damage":0,"enemies":"Small Slimes","floor":2,"turns":3},{"damage":8,"enemies":"2 Louse","floor":3,"turns":4},{"damage":3,"enemies":"Looter","floor":5,"turns":2},{"damage":43,"enemies":"3 Sentries","floor":6,"turns":5},{"damage":13,"enemies":"Large Slime","floor":8,"turns":7},{"damage":18,"enemies":"Lots of Slimes","floor":10,"turns":6},{"damage":0,"enemies":"Exordium Wildlife","floor":14,"turns":3},{"damage":38,"enemies":"Slime Boss","floor":16,"turns":7}],"seed_played":"4074492357406322713","potions_obtained":[{"floor":6,"key":"FearPotion"},{"floor":8,"key":"Weak Potion"},{"floor":10,"key":"FearPotion"}],"is_trial":false,"path_per_floor":["M","M","M","$","M","E","R","M","T","M","$","?","R","M","R","B"],"character_chosen":"WATCHER","items_purchased":["Sling","Bronze Scales"],"campfire_rested":2,"item_purchase_floors":[11,11],"current_hp_per_floor":[72,72,64,64,61,18,39,26,26,8,8,8,29,29,29,0,0],"gold":64,"neow_bonus":"RANDOM_COLORLESS_2","is_daily":false,"chose_seed":false,"campfire_upgraded":0,"win_rate":0.0,"timestamp":1611933894,"path_taken":["M","M","M","$","M","E","R","?","T","?","?","?","R","M","R","BOSS"],"items_purchased_type":["Relic","Relic"],"build_version":"2020-12-22","purchased_purges":0,"victory":false,"max_hp_per_floor":[72,72,72,72,72,72,72,72,72,72,72,72,72,72,72,72,72],"card_choices":[{"not_picked":["Secret Technique","Mayhem"],"picked":"HandOfGreed","floor":0},{"not_picked":["Protect","FollowUp"],"picked":"SashWhip","floor":1},{"not_picked":["Evaluate","ThirdEye"],"picked":"FearNoEvil","floor":2},{"not_picked":["Evaluate","ThirdEye"],"picked":"Establishment","floor":3},{"not_picked":["PathToVictory","BowlingBash"],"picked":"Protect","floor":5},{"not_picked":["Swivel","DevaForm"],"picked":"Evaluate","floor":6},{"not_picked":["SandsOfTime","WheelKick"],"picked":"Crescendo","floor":8},{"not_picked":["Meditate","Consecrate"],"picked":"FlyingSleeves","floor":10},{"not_picked":["FollowUp","Wallop"],"picked":"Evaluate","floor":14}],"player_experience":433353,"relics_obtained":[{"floor":6,"key":"Happy Flower"}],"event_choices":[{"damage_healed":0,"gold_gain":0,"player_choice":"Grow","damage_taken":0,"max_hp_gain":0,"max_hp_loss":0,"event_name":"Living Wall","floor":12,"gold_loss":0,"cards_upgraded":["Establishment"]}],"is_beta":false,"boss_relics":[],"items_purged_floors":[],"is_endless":false,"potions_floor_spawned":[6,8,10],"killed_by":"Slime Boss","ascension_level":3}}