{"host":"vlqejv0notyktumz","time":1611957634,"event":{"mods":["AchievementEnabler","BaseMod","Colored Map","Colored Powertips","Downfall","Googly Eyes","Minty Spire (QoL Compilation)","StSLib"],"gold_per_floor":[219,230,116,116,126,151,151,177,177,50,50,66,78,29,29,129,129,141,152,112,112,126,126,1,1,1,1,1,21,120,120,120,217,217,227,8,28,38,0,0,11,11,64,95,106,106,106],"floor_reached":46,"language":"ENG","playtime":1695,"items_purged":["Strike_B","Strike_B","Meteor Strike+1"],"score":700,"play_id":"dec885f0-56b2-452a-92c6-8afb70199c25","local_time":"20210129160034","is_ascension_mode":true,"campfire_choices":[{"data":"Auto Shields","floor":7,"key":"SMITH"},{"data":"Streamline","floor":11,"key":"SMITH"},{"data":"Hologram","floor":15,"key":"SMITH"},{"data":"Loop","floor":23,"key":"SMITH"},{"data":"Chill","floor":25,"key":"SMITH"},{"data":"Echo Form","floor":28,"key":"SMITH"},{"floor":32,"key":"REST"},{"data":"Loop","floor":40,"key":"SMITH"},{"floor":42,"key":"REST"}],"circlet_count":0,"master_deck":["Defend_B+1","Defend_B+1","Defend_B+1","Zap","Dualcast+1","Hologram+1","Streamline+1","Steam Power","Chill+1","Auto Shields+1","Reinforced Body","Gash","Cold Snap","Gash","Steam","Echo Form+1","Glacier+1","Reinforced Body+1","Stack+1","Gash+1","Loop+1","All For One","Conserve Battery","Loop+1","Coolheaded+1","Seek"],"relics":["FrozenCore","War Paint","Mummified Hand","Art of War","Astrolabe","Question Card","ClockworkSouvenir","Red Mask","PreservedInsect","Symbiotic Virus"],"acts_visited":["Exordium","TheCity","TheBeyond"],"potions_floor_usage":[6,13,22,33,33,41,41,44,45],"damage_taken":[{"damage":3,"enemies":"2 Louse","floor":1,"turns":3},{"damage":6,"enemies":"Jaw Worm","floor":2,"turns":4},{"damage":3,"enemies":"Small Slimes","floor":5,"turns":3},{"damage":24,"enemies":"Lagavulin","floor":6,"turns":6},{"damage":15,"enemies":"3 Sentries","floor":8,"turns":9},{"damage":0,"enemies":"3 Louse","floor":12,"turns":3},{"damage":0,"enemies":"Lots of Slimes","floor":13,"turns":4},{"damage":15,"enemies":"The Guardian","floor":16,"turns":17},{"damage":3,"enemies":"Shell Parasite","floor":18,"turns":8},{"damage":17,"enemies":"Spheric Guardian","floor":19,"turns":6},{"damage":0,"enemies":"Snake Plant","floor":22,"turns":7},{"damage":2,"enemies":"Sentry and Sphere","floor":29,"turns":10},{"damage":50,"enemies":"Collector","floor":33,"turns":18},{"damage":0,"enemies":"Orb Walker","floor":35,"turns":4},{"damage":0,"enemies":"3 Darklings","floor":37,"turns":10},{"damage":0,"enemies":"Spire Growth","floor":38,"turns":9},{"damage":43,"enemies":"Transient","floor":41,"turns":5},{"damage":0,"enemies":"Nemesis","floor":44,"turns":7},{"damage":4,"enemies":"4 Shapes","floor":45,"turns":11},{"damage":42,"enemies":"Reptomancer","floor":46,"turns":2}],"seed_played":"4706988359500492221","potions_obtained":[{"floor":1,"key":"Weak Potion"},{"floor":12,"key":"DistilledChaos"},{"floor":13,"key":"Ancient Potion"},{"floor":16,"key":"DistilledChaos"},{"floor":22,"key":"Fruit Juice"},{"floor":33,"key":"EssenceOfSteel"},{"floor":38,"key":"hexamod:SoulburnPotion"},{"floor":41,"key":"FocusPotion"},{"floor":44,"key":"AttackPotion"}],"is_trial":false,"path_per_floor":["M","M","$","?","M","E","R","E","T","$","R","M","M","$","R","B",null,"M","M","$","?","M","R","$","R","T","?","R","M","?","?","R","B",null,"M","$","M","M","?","R","M","R","T","E","M","E"],"character_chosen":"DEFECT","items_purchased":["Steam Power","Gash","Steam","Loop","ClockworkSouvenir","Loop"],"campfire_rested":2,"item_purchase_floors":[3,10,14,20,36,36],"current_hp_per_floor":[65,59,59,75,72,48,48,33,33,33,33,33,33,33,33,18,61,58,41,41,41,46,46,46,46,46,46,46,44,44,44,68,18,65,65,65,65,65,65,65,22,46,46,46,42,0,0],"gold":106,"neow_bonus":"HUNDRED_GOLD","is_daily":false,"chose_seed":false,"campfire_upgraded":7,"win_rate":0.0,"timestamp":1611957634,"path_taken":["M","M","$","?","M","E","R","E","T","$","R","M","M","$","R","BOSS","M","M","$","?","M","R","$","R","T","?","R","M","?","?","R","BOSS","M","$","M","?","?","R","M","R","T","E","M","E"],"items_purchased_type":["Card","Card","Card","Card","Relic","Card"],"build_version":"2020-12-22","purchased_purges":3,"victory":false,"max_hp_per_floor":[75,75,75,75,75,75,75,75,75,75,75,75,75,75,75,75,75,75,75,75,75,80,80,80,80,80,80,80,80,80,80,80,80,80,80,80,80,80,80,80,80,80,80,80,80,80,80],"card_choices":[{"not_picked":["Melter","Coolheaded"],"picked":"Hologram","floor":1},{"not_picked":["Turbo","Sweeping Beam"],"picked":"Streamline","floor":2},{"not_picked":["Gash","Steam"],"picked":"Chill","floor":5},{"not_picked":["Streamline","Force Field"],"picked":"Auto Shields","floor":6},{"not_picked":["Rip and Tear","Rebound"],"picked":"Reinforced Body","floor":8},{"not_picked":["Steam","Thunder Strike"],"picked":"Cold Snap","floor":12},{"not_picked":["Glacier","Coolheaded"],"picked":"Gash","floor":13},{"not_picked":["Hyperbeam","Fission"],"picked":"Echo Form","floor":16},{"not_picked":["Melter","Lockon+1"],"picked":"Stack+1","floor":18},{"not_picked":["Doom and Gloom+1","Stack"],"picked":"Gash+1","floor":19},{"not_picked":["Go for the Eyes","Barrage+1","Redo+1"],"picked":"SKIP","floor":22},{"not_picked":["Reboot","Streamline","Doom and Gloom","Lockon"],"picked":"SKIP","floor":29},{"not_picked":["Machine Learning","Echo Form","Meteor Strike"],"picked":"All For One","floor":33},{"not_picked":["Aggregate","Rip and Tear","Lockon"],"picked":"Conserve Battery","floor":35},{"not_picked":["Fusion","Rip and Tear","Force Field+1","Coolheaded+1"],"picked":"SKIP","floor":37},{"not_picked":["Chaos","Leap+1","Barrage+1","Doom and Gloom"],"picked":"SKIP","floor":38},{"not_picked":["Leap","Turbo","Cold Snap+1"],"picked":"Coolheaded+1","floor":41},{"not_picked":["Blizzard+1","Beam Cell+1","Chaos"],"picked":"Seek","floor":44},{"not_picked":["Redo","Coolheaded","Conserve Battery+1","Beam Cell"],"picked":"SKIP","floor":45}],"player_experience":370127,"relics_obtained":[{"floor":6,"key":"War Paint"},{"floor":8,"key":"Mummified Hand"},{"floor":9,"key":"Art of War"},{"floor":26,"key":"Question Card"},{"floor":43,"key":"PreservedInsect"},{"floor":44,"key":"Symbiotic Virus"}],"event_choices":[{"damage_healed":25,"gold_gain":0,"player_choice":"Banana","damage_taken":0,"max_hp_gain":0,"max_hp_loss":0,"event_name":"Big Fish","floor":4,"gold_loss":0},{"damage_healed":0,"gold_gain":0,"player_choice":"Simplicity","damage_taken":0,"max_hp_gain":0,"max_hp_loss":0,"event_name":"Back to Basics","floor":21,"gold_loss":0,"cards_upgraded":["Defend_B","Defend_B"]},{"damage_healed":0,"gold_gain":0,"player_choice":"Ignored","damage_taken":0,"max_hp_gain":0,"max_hp_loss":0,"event_name":"Vampires","floor":27,"gold_loss":0},{"damage_healed":0,"gold_gain":99,"player_choice":"Stole From Cult","damage_taken":0,"max_hp_gain":0,"max_hp_loss":0,"event_name":"Nest","floor":30,"gold_loss":0},{"damage_healed":0,"gold_gain":0,"player_choice":"Bought 0 Potions","damage_taken":0,"max_hp_gain":0,"max_hp_loss":0,"event_name":"The Woman in Blue","floor":31,"gold_loss":0},{"damage_healed":0,"gold_gain":0,"player_choice":"Paid","damage_taken":0,"relics_obtained":["Red Mask"],"max_hp_gain":0,"max_hp_loss":0,"event_name":"Tomb of Lord Red Mask","floor":39,"gold_loss":38}],"is_beta":false,"boss_relics":[{"not_picked":["bronze:MakeshiftBattery","Tiny House"],"picked":"Astrolabe"},{"not_picked":["Snecko Eye","Pandora\u0027s Box"],"picked":"FrozenCore"}],"items_purged_floors":[3,10,24],"is_endless":false,"potions_floor_spawned":[1,12,13,16,22,33,38,41,44],"killed_by":"Reptomancer","ascension_level":9}}