{"host":"bfxt97i6dl81mvg3","time":1611895718,"event":{"mods":["BaseMod","Colored Map","Minty Spire (QoL Compilation)","Relic Stats","Slay the Relics Exporter","StSLib","everything is the same but u backflip on backflip"],"gold_per_floor":[118,20,47,47,64,64,239,82,82,92,92,102,102,116,116,221,221,232,37,37,37,47,47,59,59,59,73,73,73,91,91,91,193,193,206,217,228,228,248,248,274,291,291,98,98,98,98,26,26,26],"floor_reached":51,"language":"ENG","playtime":1071,"items_purged":["Defend_R","Perfected Strike","Doubt"],"score":817,"play_id":"423c7289-220e-4d90-8a1b-5ea1d40105d6","local_time":"20210128224838","is_ascension_mode":false,"campfire_choices":[{"data":"Searing Blow","floor":6,"key":"SMITH"},{"data":"Searing Blow+1","floor":11,"key":"SMITH"},{"data":"Searing Blow+2","floor":13,"key":"SMITH"},{"data":"Searing Blow+3","floor":15,"key":"SMITH"},{"data":"Searing Blow+4","floor":23,"key":"SMITH"},{"data":"Searing Blow+5","floor":25,"key":"SMITH"},{"data":"Searing Blow+6","floor":28,"key":"SMITH"},{"data":"Bloodletting","floor":32,"key":"SMITH"},{"data":"Searing Blow+7","floor":40,"key":"SMITH"},{"data":"Searing Blow+8","floor":45,"key":"SMITH"},{"data":"Searing Blow+9","floor":47,"key":"SMITH"},{"data":"Searing Blow+10","floor":49,"key":"SMITH"}],"circlet_count":0,"master_deck":["Bash","Searing Blow+11","Burning Pact","Disarm","Armaments","Shrug It Off+1","Evolve+1","Double Tap","Bloodletting+1","Impervious","Offering"],"relics":["Burning Blood","Dream Catcher","Potion Belt","Pen Nib","Magic Flower","Pandora\u0027s Box","InkBottle","SlaversCollar","Du-Vu Doll","Ancient Tea Set"],"acts_visited":["Exordium","TheCity","TheBeyond"],"potions_floor_usage":[18,20,27,37,41,50,50,50,50],"damage_taken":[{"damage":5,"enemies":"Cultist","floor":1,"turns":4},{"damage":2,"enemies":"Small Slimes","floor":5,"turns":2},{"damage":13,"enemies":"Jaw Worm","floor":10,"turns":2},{"damage":25,"enemies":"Exordium Thugs","floor":12,"turns":4},{"damage":12,"enemies":"2 Fungi Beasts","floor":14,"turns":3},{"damage":55,"enemies":"Hexaghost","floor":16,"turns":10},{"damage":7,"enemies":"Spheric Guardian","floor":18,"turns":3},{"damage":0,"enemies":"3 Byrds","floor":20,"turns":1},{"damage":13,"enemies":"Centurion and Healer","floor":22,"turns":4},{"damage":13,"enemies":"Shelled Parasite and Fungi","floor":24,"turns":5},{"damage":5,"enemies":"Sentry and Sphere","floor":27,"turns":4},{"damage":7,"enemies":"Snake Plant","floor":30,"turns":3},{"damage":14,"enemies":"Automaton","floor":33,"turns":4},{"damage":10,"enemies":"3 Shapes","floor":35,"turns":2},{"damage":30,"enemies":"3 Darklings","floor":36,"turns":4},{"damage":13,"enemies":"Transient","floor":37,"turns":5},{"damage":8,"enemies":"Writhing Mass","floor":39,"turns":2},{"damage":0,"enemies":"Reptomancer","floor":41,"turns":1},{"damage":27,"enemies":"3 Darklings","floor":42,"turns":4},{"damage":11,"enemies":"Awakened One","floor":50,"turns":3}],"seed_played":"-7837411413835108424","potions_obtained":[{"floor":1,"key":"Block Potion"},{"floor":5,"key":"BloodPotion"},{"floor":10,"key":"Fire Potion"},{"floor":18,"key":"SpeedPotion"},{"floor":22,"key":"AttackPotion"},{"floor":33,"key":"FearPotion"},{"floor":36,"key":"EssenceOfSteel"},{"floor":37,"key":"AttackPotion"},{"floor":42,"key":"SpeedPotion"}],"is_trial":false,"path_per_floor":["M","$","T","?","M","R","?","$","T","M","R","M","R","M","R","B",null,"M","$","M","$","M","R","M","R","T","M","R","$","M","?","R","B",null,"M","M","M","?","M","R","E","M","T","$","R","?","R","$","R","B",null],"character_chosen":"IRONCLAD","items_purchased":["Perfected Strike","Pen Nib","SmokeBomb","Offering","DuplicationPotion"],"campfire_rested":0,"item_purchase_floors":[2,8,19,44,48],"current_hp_per_floor":[80,80,80,80,80,80,80,80,80,76,76,60,60,57,57,11,80,80,80,80,80,76,76,72,72,72,76,76,76,78,78,78,73,80,79,58,54,54,55,55,64,46,46,46,46,46,46,46,46,68],"gold":26,"neow_bonus":"RANDOM_COMMON_RELIC","is_daily":false,"chose_seed":false,"campfire_upgraded":12,"win_rate":0.0,"timestamp":1611895718,"path_taken":["M","$","?","?","M","R","?","$","T","M","R","M","R","M","R","BOSS","M","$","M","$","M","R","M","R","T","M","R","$","M","?","R","BOSS","M","M","M","?","M","R","E","?","T","?","R","?","R","$","R","BOSS"],"items_purchased_type":["Card","Relic","Potion","Card","Potion"],"build_version":"2020-12-22","purchased_purges":3,"victory":true,"max_hp_per_floor":[80,80,80,80,80,80,80,80,80,80,80,80,80,80,80,80,80,80,80,80,80,80,80,80,80,80,80,80,80,80,80,80,80,80,80,80,80,80,80,80,80,80,80,80,80,80,80,80,80,80],"relic_stats":{"Dream Catcher":0,"counters":[20,70],"Magic Flower":[57],"Pandora\u0027s Box":["Corruption","Immolate","Thunderclap","Juggernaut","Fiend Fire","Exhume","Demon Form"],"Pen Nib":[8],"obtain_stats":[{"Potion Belt":3,"Du-Vu Doll":41,"SlaversCollar":34,"Dream Catcher":0,"Magic Flower":9,"Pandora\u0027s Box":17,"Pen Nib":8,"Ancient Tea Set":43,"Burning Blood":0,"InkBottle":26},{"Potion Belt":1,"Du-Vu Doll":18,"SlaversCollar":13,"Dream Catcher":0,"Magic Flower":2,"Pandora\u0027s Box":6,"Pen Nib":2,"Ancient Tea Set":19,"Burning Blood":0,"InkBottle":10},{"Potion Belt":4,"Du-Vu Doll":63,"SlaversCollar":49,"Dream Catcher":0,"Magic Flower":6,"Pandora\u0027s Box":25,"Pen Nib":6,"Ancient Tea Set":67,"Burning Blood":0,"InkBottle":38}],"Burning Blood":158,"InkBottle":[10]},"card_choices":[{"not_picked":["Rage","Body Slam"],"picked":"Hemokinesis","floor":1},{"not_picked":["Shrug It Off","Body Slam"],"picked":"Searing Blow","floor":5},{"not_picked":["Clothesline","Pommel Strike"],"picked":"Burning Pact","floor":10},{"not_picked":["Pommel Strike","Perfected Strike"],"picked":"Disarm","floor":12},{"not_picked":["Armaments","Spot Weakness","Cleave"],"picked":"SKIP","floor":14},{"not_picked":["Spot Weakness","Cleave"],"picked":"Armaments","floor":14},{"not_picked":["Wild Strike","Clothesline+1","Clash"],"picked":"SKIP","floor":18},{"not_picked":["Uppercut","Headbutt"],"picked":"Shrug It Off+1","floor":22},{"not_picked":["Shrug It Off","Evolve+1","Flame Barrier"],"picked":"SKIP","floor":24},{"not_picked":["Shrug It Off","Flame Barrier"],"picked":"Evolve+1","floor":24},{"not_picked":["Iron Wave","Pommel Strike","Entrench"],"picked":"SKIP","floor":27},{"not_picked":["Thunderclap","Anger+1"],"picked":"Double Tap","floor":30},{"not_picked":["Headbutt+1","Entrench+1","Spot Weakness+1"],"picked":"SKIP","floor":35},{"not_picked":["Pommel Strike+1","True Grit+1","Dark Embrace+1"],"picked":"SKIP","floor":36},{"not_picked":["Shrug It Off+1","Warcry"],"picked":"Impervious","floor":37},{"not_picked":["Warcry","Heavy Blade+1","Seeing Red"],"picked":"SKIP","floor":39},{"not_picked":["Metallicize","Fiend Fire","Carnage+1"],"picked":"SKIP","floor":41},{"not_picked":["Power Through","Feel No Pain","Searing Blow"],"picked":"SKIP","floor":42}],"player_experience":295202,"relics_obtained":[{"floor":3,"key":"Potion Belt"},{"floor":9,"key":"Magic Flower"},{"floor":26,"key":"InkBottle"},{"floor":41,"key":"Du-Vu Doll"},{"floor":43,"key":"Ancient Tea Set"}],"event_choices":[{"cards_removed":["Defend_R"],"damage_healed":0,"gold_gain":0,"player_choice":"Forget","damage_taken":0,"max_hp_gain":0,"max_hp_loss":0,"event_name":"Living Wall","floor":4,"gold_loss":0},{"damage_healed":0,"gold_gain":175,"player_choice":"AGREE","damage_taken":0,"max_hp_gain":0,"max_hp_loss":0,"event_name":"Liars Game","floor":7,"gold_loss":0,"cards_obtained":["Doubt"]},{"damage_healed":0,"gold_gain":0,"player_choice":"Read","damage_taken":0,"max_hp_gain":0,"max_hp_loss":0,"event_name":"The Library","floor":31,"gold_loss":0,"cards_obtained":["Bloodletting"]},{"damage_healed":0,"gold_gain":0,"player_choice":"Ignored","damage_taken":0,"max_hp_gain":0,"max_hp_loss":0,"event_name":"NoteForYourself","floor":38,"gold_loss":0},{"cards_removed":["Hemokinesis"],"damage_healed":0,"gold_gain":0,"player_choice":"Removed Attack","damage_taken":0,"max_hp_gain":0,"max_hp_loss":0,"event_name":"Falling","floor":46,"gold_loss":0}],"is_beta":false,"boss_relics":[{"not_picked":["Coffee Dripper","Mark of Pain"],"picked":"Pandora\u0027s Box"},{"not_picked":["Velvet Choker","Calling Bell"],"picked":"SlaversCollar"}],"items_purged_floors":[2,19,44],"is_endless":false,"potions_floor_spawned":[1,5,10,18,22,33,36,37,42],"ascension_level":0}}