{"host":"ss2ocoam53r2lno0","time":1611943085,"event":{"mods":["Act Like it!","BaseMod","ChefMod","Clockwork Mod","Colored Powertips","Curses Come First","Displayed Cursed Tome","Downfall","Evolution","Googly Eyes","Hallownest","Highlight Path","Minty Spire (QoL Compilation)","Poor People Problems","Rare Cards Sparkle","Reliquary","Robot Space Explorer","Shade Mod","Shop Mod","Spicy Shops","StSLib","TheSurvivalist"],"gold_per_floor":[114,39,57,72,89,116,116,143,190,215,290,303,319,319,319],"floor_reached":14,"language":"ENG","playtime":1012,"items_purged":["survmod:Strike"],"score":118,"play_id":"c084ceca-f111-4cbc-895c-1f53ebaf610a","local_time":"20210129185805","is_ascension_mode":true,"campfire_choices":[{"data":"survmod:AcidArrow","floor":7.0,"key":"SMITH"}],"circlet_count":0,"master_deck":["survmod:Strike","survmod:Strike","survmod:Strike","survmod:Defend+1","survmod:Defend","survmod:Defend","survmod:Defend","survmod:VersatileOffense","survmod:Sprint+1","survmod:ConcussiveShot","survmod:ComplexMutation","survmod:SwiftKick","survmod:TrickShot","survmod:AcidArrow+1","survmod:AcidTrap"],"relics":["survmod:InnateMutation","EVO:Axolotl","survmod:Longbow","Darkstone Periapt","Dream Catcher","War Paint"],"acts_visited":["Exordium"],"potions_floor_usage":[14],"damage_taken":[{"damage":1.0,"enemies":"Cultist","floor":1.0,"turns":4.0},{"damage":0.0,"enemies":"2 Louse","floor":3.0,"turns":2.0},{"damage":0.0,"enemies":"Jaw Worm","floor":4.0,"turns":3.0},{"damage":0.0,"enemies":"Large Slime","floor":5.0,"turns":4.0},{"damage":9.0,"enemies":"Lagavulin","floor":6.0,"turns":4.0},{"damage":2.0,"enemies":"3 Sentries","floor":8.0,"turns":7.0},{"damage":18.0,"enemies":"Gremlin Nob","floor":10.0,"turns":6.0},{"damage":0.0,"enemies":"Lots of Slimes","floor":12.0,"turns":5.0},{"damage":0.0,"enemies":"Red Slaver","floor":13.0,"turns":4.0},{"damage":10,"enemies":"3 Sentries","floor":14,"turns":6}],"seed_played":"7101310228592587907","potions_obtained":[{"floor":1.0,"key":"Weak Potion"},{"floor":10.0,"key":"SmokeBomb"}],"is_trial":false,"path_per_floor":["M","$","M","M","M","E","R","E","T","E","?","M","M","E"],"character_chosen":"THE_SURVIVOR","items_purchased":[],"campfire_rested":0,"item_purchase_floors":[],"current_hp_per_floor":[49,49,49,49,49,40,40,38,38,20,9,9,9,0,0],"gold":319,"neow_bonus":"ONE_RANDOM_RARE_CARD","is_daily":false,"chose_seed":false,"campfire_upgraded":1,"win_rate":0.0,"timestamp":1611943085,"path_taken":["M","$","M","M","M","E","R","E","T","E","?","M","M","E"],"items_purchased_type":[],"build_version":"2020-12-22","purchased_purges":1,"victory":false,"max_hp_per_floor":[50,50,50,50,50,50,50,50,50,50,50,50,50,50,50],"card_choices":[{"not_picked":["survmod:HailOfArrows","survmod:NockAnArrow"],"picked":"survmod:ComplexMutation","floor":1.0},{"not_picked":["survmod:QuickDash","survmod:FocusedFire"],"picked":"survmod:SwiftKick","floor":3.0},{"not_picked":["survmod:TacticalManeuver","survmod:GoForFace","survmod:BearTrap"],"picked":"SKIP","floor":4.0},{"not_picked":["survmod:ShrapnelTraps","survmod:DuckAndFlare"],"picked":"survmod:TrickShot","floor":5.0},{"not_picked":["survmod:UnfortunateEscape","survmod:MarkTrap"],"picked":"survmod:AcidArrow","floor":6.0},{"not_picked":["survmod:ShrapnelTraps","survmod:ComplexMutation","survmod:MarkedForDeath"],"picked":"SKIP","floor":8.0},{"not_picked":["survmod:FlareQuiver","survmod:SwiftKick","survmod:LongShot"],"picked":"SKIP","floor":10.0},{"not_picked":["survmod:WalledOffTraps","survmod:UnfortunateEscape"],"picked":"survmod:AcidTrap","floor":12.0},{"not_picked":["survmod:UnfortunateEscape","survmod:FenceTrap","survmod:DesperateAmbush"],"picked":"SKIP","floor":13.0}],"player_experience":843901,"relics_obtained":[{"floor":6.0,"key":"survmod:Longbow"},{"floor":8.0,"key":"Darkstone Periapt"},{"floor":9.0,"key":"Dream Catcher"},{"floor":10.0,"key":"War Paint"}],"event_choices":[{"damage_healed":0.0,"max_hp_gain":0.0,"max_hp_loss":0.0,"gold_gain":75.0,"event_name":"World of Goop","player_choice":"Gather Gold","floor":11.0,"gold_loss":0.0,"damage_taken":11.0}],"is_beta":false,"boss_relics":[],"items_purged_floors":[2],"is_endless":false,"potions_floor_spawned":[1,10],"killed_by":"3 Sentries","ascension_level":1}}