{"host":"jhy70w0yh8dayqay","time":1611911530,"event":{"mods":["AchievementEnabler","BaseMod","Colored Map","Colored Powertips","DeckTracker","Minty Spire (QoL Compilation)","Permanent Neow","SuperFastMode"],"gold_per_floor":[111,111,128,146,162,162,178,191,191,191,205,234,249,249,249],"floor_reached":14,"language":"KOR","playtime":315,"items_purged":[],"score":158,"play_id":"351f1a11-0cf6-484d-91bd-77a1ed476f57","local_time":"20210129181210","is_ascension_mode":true,"campfire_choices":[{"data":"Rampage","floor":6,"key":"SMITH"}],"circlet_count":0,"master_deck":["AscendersBane","Strike_R","Strike_R","Strike_R","Strike_R","Defend_R","Defend_R","Defend_R","Defend_R","Bash","Armaments+1","Twin Strike","Anger","Rampage+1","Battle Trance","Cleave","Carnage","Shockwave"],"relics":["Burning Blood","Toy Ornithopter","Red Skull"],"acts_visited":["Exordium"],"potions_floor_usage":[11,12],"damage_taken":[{"damage":3,"enemies":"2 Louse","floor":1,"turns":2},{"damage":7,"enemies":"Cultist","floor":3,"turns":5},{"damage":0,"enemies":"Small Slimes","floor":4,"turns":3},{"damage":6,"enemies":"Looter","floor":5,"turns":3},{"damage":0,"enemies":"Large Slime","floor":7,"turns":4},{"damage":1,"enemies":"2 Fungi Beasts","floor":8,"turns":3},{"damage":5,"enemies":"Lots of Slimes","floor":11,"turns":2},{"damage":30,"enemies":"Lagavulin","floor":12,"turns":5},{"damage":9,"enemies":"Blue Slaver","floor":13,"turns":3},{"damage":0,"enemies":"3 Sentries","floor":14,"turns":1}],"seed_played":"8664058317047055683","potions_obtained":[{"floor":4,"key":"Explosive Potion"},{"floor":5,"key":"Weak Potion"},{"floor":11,"key":"GamblersBrew"},{"floor":13,"key":"SpeedPotion"}],"is_trial":false,"path_per_floor":["M","?","M","M","M","R","M","M","T","?","M","E","M","E"],"character_chosen":"IRONCLAD","items_purchased":[],"campfire_rested":0,"item_purchase_floors":[],"current_hp_per_floor":[75,75,74,80,80,80,80,80,80,80,80,56,53,53,53],"gold":249,"neow_bonus":"REMOVE_CARD","is_daily":false,"chose_seed":false,"campfire_upgraded":1,"win_rate":0.0,"timestamp":1611911530,"path_taken":["M","?","M","M","?","R","M","M","T","?","M","E","M","E"],"items_purchased_type":[],"build_version":"2020-12-22","purchased_purges":0,"victory":false,"max_hp_per_floor":[80,80,80,80,80,80,80,80,80,80,80,80,80,80,80],"card_choices":[{"not_picked":["Thunderclap","True Grit"],"picked":"Armaments","floor":1},{"not_picked":["Warcry","Anger"],"picked":"Twin Strike","floor":3},{"not_picked":["Headbutt","Shockwave"],"picked":"Anger","floor":4},{"not_picked":["True Grit","Intimidate"],"picked":"Rampage","floor":5},{"not_picked":["Barricade","Pommel Strike"],"picked":"Battle Trance","floor":7},{"not_picked":["Twin Strike","Clash"],"picked":"Cleave","floor":8},{"not_picked":["Iron Wave","Shrug It Off"],"picked":"Carnage","floor":11},{"not_picked":["Flex","Armaments"],"picked":"Shockwave","floor":12},{"not_picked":["Dual Wield","Perfected Strike","Flex"],"picked":"SKIP","floor":13}],"player_experience":449961,"relics_obtained":[{"floor":9,"key":"Toy Ornithopter"},{"floor":12,"key":"Red Skull"}],"event_choices":[{"damage_healed":0,"gold_gain":0,"player_choice":"Upgraded","damage_taken":0,"max_hp_gain":0,"max_hp_loss":0,"event_name":"Upgrade Shrine","floor":2,"gold_loss":0,"cards_upgraded":["Armaments"]},{"damage_healed":0,"gold_gain":0,"player_choice":"Ignored","damage_taken":0,"max_hp_gain":0,"max_hp_loss":0,"event_name":"Liars Game","floor":10,"gold_loss":0}],"is_beta":false,"boss_relics":[],"items_purged_floors":[],"is_endless":false,"potions_floor_spawned":[4,5,8,11,13],"killed_by":"3 Sentries","ascension_level":13}}