{"host":"kerxro2ytzukjey9","time":1611891237,"event":{"mods":["BaseMod","Colored Map","Downfall","Minty Spire (QoL Compilation)","Permanent Neow","StSLib"],"gold_per_floor":[0,17,17,30,40,74,74,74,109,109,122,133,133,108,131,158,158,158],"floor_reached":16,"language":"ENG","playtime":1731,"items_purged":[],"score":129,"play_id":"7ee6ce92-0d9e-444d-bb45-3ebcce826407","local_time":"20210128223357","is_ascension_mode":true,"campfire_choices":[{"data":"Transmutation","floor":1.0,"key":"SMITH"},{"data":"sneckomod:Unknown3Cost","floor":10.0,"key":"SMITH"},{"floor":13.0,"key":"REST"}],"circlet_count":0,"master_deck":["sneckomod:Strike","sneckomod:Strike","sneckomod:Strike","sneckomod:Defend","sneckomod:Defend","sneckomod:Defend","sneckomod:TailWhip","sneckomod:SnekBite","sneckomod:Unknown","sneckomod:Unknown","Transmutation+1","sneckomod:UnknownDraw","sneckomod:DiceBlock","sneckomod:Unknown3Cost+1","hexamod:ThirdSeal","sneckomod:UnknownDraw","sneckomod:UnknownStrength","sneckomod:SoulDraw","sneckomod:Unknown0Cost","sneckomod:GlitteringGambit","sneckomod:SoulDraw","sneckomod:QuickBite","sneckomod:QuickMove","bronze:HyperBeam"],"relics":["sneckomod:SneckoSoul","InkBottle","Regal Pillow","sneckomod:LoadedDie","Ornamental Fan"],"acts_visited":["Exordium"],"potions_floor_usage":[16],"damage_taken":[{"damage":0.0,"enemies":"2 Louse","floor":2.0,"turns":2.0},{"damage":4.0,"enemies":"Jaw Worm","floor":4.0,"turns":3.0},{"damage":0.0,"enemies":"Cultist","floor":5.0,"turns":3.0},{"damage":19.0,"enemies":"Lagavulin","floor":6.0,"turns":6.0},{"damage":32.0,"enemies":"3 Sentries","floor":9.0,"turns":7.0},{"damage":15.0,"enemies":"Large Slime","floor":11.0,"turns":8.0},{"damage":7.0,"enemies":"Red Slaver","floor":12.0,"turns":6.0},{"damage":5.0,"enemies":"downfall:FleeingMerchant","floor":14.0,"turns":4.0},{"damage":21.0,"enemies":"3 Louse","floor":15.0,"turns":3.0},{"damage":23,"enemies":"WA_ARCHETYPE_RETAIN","floor":16,"turns":5}],"seed_played":"5867256217683315786","potions_obtained":[{"floor":5.0,"key":"PowerPotion"},{"floor":9.0,"key":"EssenceOfSteel"},{"floor":12.0,"key":"Fruit Juice"}],"is_trial":false,"path_per_floor":["R","M","?","M","M","E","T","R","E","R","M","M","R","$","M","B"],"character_chosen":"THE_SNECKO","items_purchased":["sneckomod:QuickBite"],"campfire_rested":1,"item_purchase_floors":[14],"current_hp_per_floor":[90,90,78,74,74,55,55,55,23,23,8,1,43,38,17,0,0,0],"gold":158,"neow_bonus":"RANDOM_COLORLESS_2","is_daily":false,"chose_seed":false,"campfire_upgraded":2,"win_rate":0.0,"timestamp":1611891237,"path_taken":["R","M","?","M","M","E","T","R","E","R","M","M","R","$","M","BOSS"],"items_purchased_type":["Card"],"build_version":"2020-12-22","purchased_purges":0,"victory":false,"max_hp_per_floor":[90,90,90,90,90,90,90,90,90,90,90,90,90,90,90,95,95,95],"card_choices":[{"not_picked":["Secret Technique","Panache"],"picked":"Transmutation","floor":0.0},{"not_picked":["sneckomod:SoulRoll","sneckomod:WideSting"],"picked":"sneckomod:UnknownDraw","floor":2.0},{"not_picked":["sneckomod:SnekBeam","sneckomod:Unknown1Cost"],"picked":"sneckomod:DiceBlock","floor":4.0},{"not_picked":["sneckomod:WideSting","sneckomod:UnknownX"],"picked":"sneckomod:Unknown3Cost","floor":5.0},{"not_picked":["sneckomod:UnknownX","sneckomod:QuickMove"],"picked":"sneckomod:UnknownUncommonPower","floor":6.0},{"not_picked":["sneckomod:ImprovisedGuard","sneckomod:UnknownUncommonSkill"],"picked":"sneckomod:UnknownDraw","floor":9.0},{"not_picked":["sneckomod:UnknownDraw","sneckomod:DiceBlock"],"picked":"sneckomod:UnknownStrength","floor":9.0},{"not_picked":["sneckomod:Rotation","sneckomod:Unknown1Cost"],"picked":"sneckomod:SoulDraw","floor":11.0},{"not_picked":["sneckomod:UnknownX","sneckomod:UnknownCommonAttack"],"picked":"sneckomod:Unknown0Cost","floor":11.0},{"not_picked":["sneckomod:UnknownCommonAttack","sneckomod:UnknownClassBLUE"],"picked":"sneckomod:GlitteringGambit","floor":12.0},{"not_picked":["sneckomod:UnknownClassHEXA_GHOST_PURPLE","sneckomod:WideSting"],"picked":"sneckomod:SoulDraw","floor":14.0},{"not_picked":["sneckomod:UnknownDraw","sneckomod:DangerNoodle"],"picked":"sneckomod:UnknownClassTHE_BRONZE_AUTOMATON","floor":14.0},{"not_picked":["sneckomod:SoulCleanse","sneckomod:UnknownClassHEXA_GHOST_PURPLE"],"picked":"sneckomod:QuickMove","floor":15.0},{"not_picked":["sneckomod:UnknownClassTHE_BRONZE_AUTOMATON","sneckomod:UnknownCommonAttack"],"picked":"sneckomod:Memorize","floor":15.0}],"player_experience":779255,"relics_obtained":[{"floor":6.0,"key":"Regal Pillow"},{"floor":7.0,"key":"sneckomod:LoadedDie"},{"floor":9.0,"key":"Ornamental Fan"}],"event_choices":[{"damage_healed":0.0,"max_hp_gain":0.0,"max_hp_loss":0.0,"gold_gain":0.0,"event_name":"Scrap Ooze","player_choice":"Success","floor":3.0,"gold_loss":0.0,"damage_taken":12.0,"relics_obtained":["InkBottle"]}],"is_beta":false,"boss_relics":[],"items_purged_floors":[],"is_endless":false,"potions_floor_spawned":[5,9,12],"killed_by":"WA_ARCHETYPE_RETAIN","ascension_level":3}}