{"host":"zk71suw73lg2r165","time":1611889333,"event":{"mods":["BaseMod","Colored Map","Minty Spire (QoL Compilation)","Permanent Neow","Relic Stats","StSLib"],"gold_per_floor":[116,132,147,147,164,164,193,193,193,193,227,242,269,295,295,370,370,385,385,46,46,56,87,99,141,176,188,200,232,244,16,16,16,16],"floor_reached":33,"language":"ENG","playtime":679,"items_purged":["Writhe"],"score":672,"play_id":"50676a34-04f5-419c-8019-f55efd7c7558","local_time":"20210128220213","is_ascension_mode":true,"campfire_choices":[{"data":"Bash","floor":6.0,"key":"SMITH"},{"data":"Perfected Strike","floor":8.0,"key":"SMITH"},{"floor":15.0,"key":"REST"},{"data":"1","floor":24.0,"key":"LIFT"},{"floor":27.0,"key":"REST"},{"floor":32,"key":"REST"}],"circlet_count":0,"master_deck":["AscendersBane","Strike_R+1","Strike_R+1","Strike_R+1","Strike_R+1","Strike_R+1","Defend_R+1","Defend_R+1","Defend_R+1","Defend_R+1","Bash+1","Carnage+1","Anger","Perfected Strike+1","Shrug It Off","Hemokinesis","Whirlwind","Double Tap","Inflame","Limit Break","Ghostly Armor","Metallicize","Intimidate","Shrug It Off","Decay"],"relics":["Sozu","WingedGreaves","Champion Belt","Girya","Nunchaku","Strawberry","SlaversCollar","Lee\u0027s Waffle","Bronze Scales","Charon\u0027s Ashes","MawBank","Anchor","Orichalcum"],"acts_visited":["Exordium","TheCity"],"potions_floor_usage":[],"damage_taken":[{"damage":10.0,"enemies":"Small Slimes","floor":1.0,"turns":3.0},{"damage":12.0,"enemies":"Jaw Worm","floor":2.0,"turns":2.0},{"damage":1.0,"enemies":"Cultist","floor":3.0,"turns":3.0},{"damage":9.0,"enemies":"2 Fungi Beasts","floor":5.0,"turns":3.0},{"damage":0.0,"enemies":"Gremlin Nob","floor":7.0,"turns":2.0},{"damage":10.0,"enemies":"3 Sentries","floor":11.0,"turns":7.0},{"damage":8.0,"enemies":"Large Slime","floor":12.0,"turns":3.0},{"damage":8.0,"enemies":"Gremlin Nob","floor":13.0,"turns":3.0},{"damage":24.0,"enemies":"Lagavulin","floor":14.0,"turns":4.0},{"damage":40.0,"enemies":"The Guardian","floor":16.0,"turns":9.0},{"damage":22.0,"enemies":"2 Thieves","floor":18.0,"turns":3.0},{"damage":19.0,"enemies":"Shell Parasite","floor":22.0,"turns":3.0},{"damage":24.0,"enemies":"Book of Stabbing","floor":23.0,"turns":4.0},{"damage":32.0,"enemies":"Gremlin Leader","floor":25.0,"turns":3.0},{"damage":23.0,"enemies":"Sentry and Sphere","floor":29.0,"turns":4.0},{"damage":60,"enemies":"Automaton","floor":33,"turns":6}],"seed_played":"-2882576097144334455","potions_obtained":[],"is_trial":false,"path_per_floor":["M","M","M","?","M","R","E","R","T","?","E","M","E","E","R","B",null,"M","?","$","?","M","E","R","E","T","R","$","M","?","$","R","B"],"character_chosen":"IRONCLAD","items_purchased":["Lee\u0027s Waffle","Bronze Scales","Orichalcum"],"campfire_rested":3,"item_purchase_floors":[20,20,31],"current_hp_per_floor":[58,46,45,45,36,36,36,36,36,61,51,43,35,18,42,2,62,40,40,89,89,70,46,46,14,14,40,40,17,17,17,43,0,0],"gold":16,"neow_bonus":"BOSS_RELIC","is_daily":false,"chose_seed":false,"campfire_upgraded":2,"win_rate":0.0,"timestamp":1611889333,"path_taken":["M","M","M","?","M","R","E","R","T","?","E","M","E","E","R","BOSS","M","?","$","?","M","E","R","E","T","R","?","?","?","$","R","BOSS"],"items_purchased_type":["Relic","Relic","Relic"],"build_version":"2020-12-22","purchased_purges":1,"victory":false,"max_hp_per_floor":[75,75,75,75,75,75,75,75,75,75,75,75,75,82,82,82,82,82,82,89,89,89,89,89,89,89,89,89,89,89,89,89,89,89],"relic_stats":{"Sozu":9,"Nunchaku":[7],"Lee\u0027s Waffle":49,"counters":[16,62],"Bronze Scales":[51],"Charon\u0027s Ashes":[27],"Champion Belt":[9],"Orichalcum":[12],"MawBank":96,"obtain_stats":[{"Girya":11,"Lee\u0027s Waffle":20,"Charon\u0027s Ashes":21,"Orichalcum":31,"MawBank":23,"Burning Blood":0,"Sozu":0,"SlaversCollar":17,"Nunchaku":13,"Anchor":25,"Strawberry":14,"Bronze Scales":20,"WingedGreaves":7,"Champion Belt":9},{"Girya":6,"Lee\u0027s Waffle":11,"Charon\u0027s Ashes":11,"Orichalcum":15,"MawBank":13,"Burning Blood":0,"Sozu":0,"SlaversCollar":10,"Nunchaku":8,"Anchor":14,"Strawberry":9,"Bronze Scales":11,"WingedGreaves":5,"Champion Belt":5},{"Girya":20,"Lee\u0027s Waffle":42,"Charon\u0027s Ashes":42,"Orichalcum":56,"MawBank":49,"Burning Blood":0,"Sozu":0,"SlaversCollar":39,"Nunchaku":26,"Anchor":52,"Strawberry":30,"Bronze Scales":42,"WingedGreaves":13,"Champion Belt":13}]},"card_choices":[{"not_picked":["Metallicize","Rage"],"picked":"Carnage","floor":1.0},{"not_picked":["Headbutt","Wild Strike"],"picked":"Anger","floor":2.0},{"not_picked":["Rampage","Warcry"],"picked":"Perfected Strike","floor":3.0},{"not_picked":["Burning Pact","Anger","Sever Soul"],"picked":"SKIP","floor":5.0},{"not_picked":["Armaments","Fiend Fire"],"picked":"Shrug It Off","floor":7.0},{"not_picked":["Bludgeon","Headbutt"],"picked":"Hemokinesis","floor":11.0},{"not_picked":["True Grit","Sever Soul"],"picked":"Whirlwind","floor":12.0},{"not_picked":["Anger","Brutality"],"picked":"Double Tap","floor":13.0},{"not_picked":["Headbutt","Searing Blow"],"picked":"Inflame","floor":14.0},{"not_picked":["Berserk","Fiend Fire"],"picked":"Limit Break","floor":16.0},{"not_picked":["Heavy Blade","Hemokinesis"],"picked":"Ghostly Armor","floor":18.0},{"not_picked":["Havoc","Thunderclap","Headbutt"],"picked":"SKIP","floor":22.0},{"not_picked":["Wild Strike+1","Infernal Blade"],"picked":"Metallicize","floor":23.0},{"not_picked":["Fire Breathing","Demon Form"],"picked":"Intimidate","floor":25.0},{"not_picked":["Body Slam","Hemokinesis"],"picked":"Shrug It Off","floor":29.0}],"player_experience":1411195,"relics_obtained":[{"floor":7.0,"key":"WingedGreaves"},{"floor":9.0,"key":"Champion Belt"},{"floor":11.0,"key":"Girya"},{"floor":13.0,"key":"Nunchaku"},{"floor":14.0,"key":"Strawberry"},{"floor":23.0,"key":"MawBank"},{"floor":25.0,"key":"Anchor"}],"event_choices":[{"damage_healed":0.0,"max_hp_gain":0.0,"max_hp_loss":0.0,"gold_gain":0.0,"event_name":"Living Wall","player_choice":"Grow","floor":4.0,"gold_loss":0.0,"damage_taken":0.0,"cards_upgraded":["Carnage"]},{"damage_healed":25.0,"max_hp_gain":0.0,"max_hp_loss":0.0,"gold_gain":0.0,"event_name":"Big Fish","player_choice":"Banana","floor":10.0,"gold_loss":0.0,"damage_taken":0.0},{"damage_healed":0.0,"max_hp_gain":0.0,"max_hp_loss":0.0,"gold_gain":0.0,"event_name":"Back to Basics","player_choice":"Simplicity","floor":19.0,"gold_loss":0.0,"damage_taken":0.0,"cards_upgraded":["Strike_R","Strike_R","Strike_R","Strike_R","Strike_R","Defend_R","Defend_R","Defend_R","Defend_R"]},{"damage_healed":0.0,"max_hp_gain":0.0,"max_hp_loss":0.0,"gold_gain":0.0,"event_name":"The Mausoleum","player_choice":"Opened","floor":21.0,"gold_loss":0.0,"damage_taken":0.0,"relics_obtained":["Charon\u0027s Ashes"],"cards_obtained":["Writhe"]},{"damage_healed":0.0,"max_hp_gain":0.0,"max_hp_loss":0.0,"gold_gain":0.0,"event_name":"Forgotten Altar","player_choice":"Smashed Altar","floor":30.0,"gold_loss":0.0,"damage_taken":0.0,"cards_obtained":["Decay"]}],"is_beta":false,"boss_relics":[{"not_picked":["Ectoplasm","Coffee Dripper"],"picked":"SlaversCollar"}],"items_purged_floors":[31],"is_endless":false,"potions_floor_spawned":[1,2,7,13,14,18,23,25,29],"killed_by":"Automaton","ascension_level":20}}