{"host":"aj7el8l5kufbk20z","time":1611894262,"event":{"mods":["AchievementEnabler","BaseMod","Colored Map","Colored Powertips","Curses Come First","Highlight Path","Minty Spire (QoL Compilation)","Permanent Neow","Poor People Problems","Quick Restart","Rare Cards Sparkle","Relic Stats","StSLib","SuperFastMode","Waifu the Spire"],"gold_per_floor":[111,124,299,198,215,241,241,273,273,273,291,317,329,335,335,408,408,392,666,666,765,680,710,710,736,736,747,777,777,777,809,809,880,880,899,809,827,827,547,547,305,305,357,400,400,413,447,481,481,481,481,481,167,211,211],"floor_reached":56,"language":"ZHS","playtime":3107,"items_purged":["Doubt","Regret","Decay","Strike_G","Strike_G","Strike_G"],"score":2414,"play_id":"41b912e9-6a5a-4fa7-8fd2-736e48f005e0","local_time":"20210129122422","is_ascension_mode":true,"campfire_choices":[{"data":"Noxious Fumes","floor":15,"key":"SMITH"},{"data":"Cloak And Dagger","floor":24,"key":"SMITH"},{"data":"Deadly Poison","floor":29,"key":"SMITH"},{"data":"Noxious Fumes","floor":32,"key":"SMITH"},{"data":"Cloak And Dagger","floor":40,"key":"SMITH"},{"data":"Blade Dance","floor":42,"key":"SMITH"},{"floor":45,"key":"RECALL"},{"data":"Catalyst","floor":49,"key":"SMITH"},{"data":"1","floor":52,"key":"LIFT"}],"circlet_count":9,"master_deck":["AscendersBane","Strike_G+1","Defend_G+1","Defend_G","Defend_G","Defend_G","Defend_G","Survivor","Neutralize+1","Noxious Fumes+1","Blade Dance+1","Cloak And Dagger+1","Noxious Fumes+1","Adrenaline","Terror+1","Deadly Poison+1","Footwork+1","After Image+1","After Image+1","Backflip","Panache+1","Caltrops+1","Catalyst+1","Deflect","Accuracy+1","Envenom+1","Blur+1","Cloak And Dagger+1","Deep Breath","Accuracy+1","Well Laid Plans+1","Acrobatics+1","Blade Dance+1","Well Laid Plans+1","A Thousand Cuts+1","Footwork+1","A Thousand Cuts+1","Backflip+1","Footwork+1","Accuracy+1","Envenom+1","Sadistic Nature+1","A Thousand Cuts+1"],"relics":["Black Star","Frozen Egg 2","Question Card","Potion Belt","Ice Cream","Juzu Bracelet","Darkstone Periapt","Gremlin Horn","Happy Flower","Membership Card","Pear","Dream Catcher","SlaversCollar","Ninja Scroll","Frozen Eye","InkBottle","Boot","The Courier","Tingsha","Snake Skull","Meat on the Bone","Turnip","Blue Candle","HornCleat","War Paint","Letter Opener","Omamori","SacredBark","MealTicket","Medical Kit","Bronze Scales","Mummified Hand","Bottled Lightning","Akabeko","Bottled Lightning","Strawberry","Bag of Marbles","Calipers","Molten Egg 2","Regal Pillow","Matryoshka","Oddly Smooth Stone","Ancient Tea Set","Art of War","Lantern","Pantograph","StoneCalendar","Toy Ornithopter","PreservedInsect","CeramicFish","Vajra","Whetstone","Kunai","Blood Vial","Nunchaku","Incense Burner","Ornamental Fan","Tough Bandages","Anchor","Bag of Preparation","Orichalcum","Sundial","Pen Nib","Toxic Egg 2","Paper Crane","Shuriken","Bottled Tornado","Bird Faced Urn","Eternal Feather","Singing Bowl","White Beast Statue","Mercury Hourglass","Du-Vu Doll","Girya","Pocketwatch","Thread and Needle","TungstenRod","Centennial Puzzle","Ginger","Mango","Mango","The Specimen","Torii","Lee\u0027s Waffle","Shovel","CaptainsWheel","Prayer Wheel","FossilizedHelix","Circlet","OrangePellets"],"acts_visited":["Exordium","TheCity","TheBeyond","TheEnding"],"potions_floor_usage":[12,12,55,55,55],"damage_taken":[{"damage":5.0,"enemies":"Cultist","floor":1.0,"turns":5.0},{"damage":1.0,"enemies":"Jaw Worm","floor":2.0,"turns":4.0},{"damage":1.0,"enemies":"Small Slimes","floor":5.0,"turns":5.0},{"damage":62.0,"enemies":"Gremlin Nob","floor":6.0,"turns":6.0},{"damage":31.0,"enemies":"3 Sentries","floor":8.0,"turns":6.0},{"damage":3.0,"enemies":"Red Slaver","floor":11.0,"turns":4.0},{"damage":10,"enemies":"Lagavulin","floor":12,"turns":4},{"damage":19,"enemies":"Exordium Wildlife","floor":13,"turns":6},{"damage":19,"enemies":"The Guardian","floor":16,"turns":10},{"damage":23,"enemies":"2 Thieves","floor":18,"turns":4},{"damage":10,"enemies":"Gremlin Leader","floor":23,"turns":6},{"damage":20,"enemies":"Slavers","floor":25,"turns":4},{"damage":0,"enemies":"Spheric Guardian","floor":27,"turns":4},{"damage":8,"enemies":"Book of Stabbing","floor":28,"turns":5},{"damage":24,"enemies":"Gremlin Leader","floor":31,"turns":5},{"damage":22,"enemies":"Automaton","floor":33,"turns":8},{"damage":37,"enemies":"3 Darklings","floor":35,"turns":5},{"damage":7,"enemies":"Orb Walker","floor":37,"turns":3},{"damage":0,"enemies":"Giant Head","floor":44,"turns":1},{"damage":0,"enemies":"Spire Growth","floor":46,"turns":2},{"damage":0,"enemies":"Reptomancer","floor":47,"turns":1},{"damage":0,"enemies":"Mind Bloom Boss Battle","floor":48,"turns":3},{"damage":0,"enemies":"Awakened One","floor":50,"turns":4},{"damage":0,"enemies":"Shield and Spear","floor":54,"turns":2},{"damage":0,"enemies":"The Heart","floor":55,"turns":4}],"seed_played":"8698344540043327893","potions_obtained":[{"floor":2.0,"key":"BlessingOfTheForge"},{"floor":8.0,"key":"GamblersBrew"},{"floor":11.0,"key":"Strength Potion"},{"floor":13,"key":"EntropicBrew"},{"floor":18,"key":"GamblersBrew"},{"floor":25,"key":"Poison Potion"},{"floor":28,"key":"EssenceOfSteel"},{"floor":31,"key":"Weak Potion"},{"floor":44,"key":"SkillPotion"},{"floor":46,"key":"CultistPotion"},{"floor":47,"key":"ColorlessPotion"}],"is_trial":false,"path_per_floor":["M","M","?","$","M","E","?","E","T","?","M","E","M","$","R","B",null,"M","$","?","?","?","E","R","E","T","M","E","R","?","E","R","B",null,"M","?","M","?","$","R","$","R","T","E","R","M","E","?","R","B",null,"R","$","E","B",null],"character_chosen":"THE_SILENT","items_purchased":["Cloak And Dagger","Membership Card","After Image+1","Pear","Dream Catcher","Panache+1","Ninja Scroll","Caltrops+1","Frozen Eye","InkBottle","MealTicket","Medical Kit","Accuracy+1","Well Laid Plans+1","Bronze Scales","Mummified Hand","Bottled Lightning","Akabeko","Bottled Lightning","Strawberry","Bag of Marbles","Calipers","Molten Egg 2","Regal Pillow","Matryoshka","Oddly Smooth Stone","Ancient Tea Set","Art of War","Lantern","Pantograph","StoneCalendar","Toy Ornithopter","PreservedInsect","CeramicFish","Vajra","Whetstone","Kunai","Blood Vial","Nunchaku","Incense Burner","Ornamental Fan","Tough Bandages","Anchor","Bag of Preparation","Orichalcum","Sundial","Pen Nib","Toxic Egg 2","Paper Crane","Shuriken","Bottled Tornado","Bird Faced Urn","Eternal Feather","Singing Bowl","White Beast Statue","Mercury Hourglass","Du-Vu Doll","Acrobatics+1","Blade Dance+1","Girya","Pocketwatch","Thread and Needle","TungstenRod","Centennial Puzzle","Ginger","Mango","Mango","The Specimen","Torii","Lee\u0027s Waffle","Shovel","CaptainsWheel","Prayer Wheel","FossilizedHelix","Circlet","Well Laid Plans+1","A Thousand Cuts+1","Footwork+1","Accuracy+1","Envenom+1","OrangePellets","Sadistic Nature+1"],"campfire_rested":0,"item_purchase_floors":[4,14,14,14,14,19,19,19,19,19,39,39,39,39,39,39,39,39,39,39,39,39,39,39,39,39,39,39,39,39,39,39,39,39,39,39,39,39,39,39,39,39,39,39,39,39,39,39,39,39,39,39,39,39,39,39,39,39,39,39,39,39,39,39,39,41,41,41,41,41,41,41,41,41,41,41,41,53,53,53,53,53],"current_hp_per_floor":[54,53,53,53,52,40,40,73,73,72,69,59,40,50,50,31,69,46,46,46,46,46,36,36,99,99,99,91,91,91,67,67,45,73,99,99,92,92,89,89,124,124,124,124,124,128,128,128,128,128,128,128,128,128,128],"gold":211,"neow_bonus":"BOSS_RELIC","is_daily":false,"chose_seed":false,"campfire_upgraded":7,"win_rate":0.0,"timestamp":1611894262,"path_taken":["M","?","?","$","M","E","?","E","T","?","M","E","M","$","R","BOSS","M","$","?","?","?","E","R","E","T","M","E","R","?","E","R","BOSS","M","?","M","?","$","R","$","R","T","E","R","M","E","?","R","BOSS","R","$","E","BOSS"],"items_purchased_type":["Card","Relic","Card","Relic","Relic","Card","Relic","Card","Relic","Relic","Relic","Relic","Card","Card","Relic","Relic","Relic","Relic","Relic","Relic","Relic","Relic","Relic","Relic","Relic","Relic","Relic","Relic","Relic","Relic","Relic","Relic","Relic","Relic","Relic","Relic","Relic","Relic","Relic","Relic","Relic","Relic","Relic","Relic","Relic","Relic","Relic","Relic","Relic","Relic","Relic","Relic","Relic","Relic","Relic","Relic","Relic","Card","Card","Relic","Relic","Relic","Relic","Relic","Relic","Relic","Relic","Relic","Relic","Relic","Relic","Relic","Relic","Relic","Undefined","Card","Card","Card","Card","Card","Relic","Card"],"build_version":"2020-12-22","purchased_purges":6,"victory":true,"max_hp_per_floor":[66,66,66,66,66,66,66,66,66,72,72,72,72,82,82,82,82,82,82,82,82,82,82,82,82,82,82,82,82,82,82,82,82,82,82,82,82,82,89,89,124,124,124,124,124,128,128,128,128,128,128,128,128,128,128],"relic_stats":{"Gremlin Horn":[21,21],"CeramicFish":108,"Whetstone":["Strike_G","Neutralize"],"Ginger":[4],"Boot":[56],"Blood Vial":0,"Centennial Puzzle":[0],"Sundial":[2],"MealTicket":0,"Prayer Wheel":1,"Kunai":[19],"Happy Flower":[25],"counters":[25,110],"Blue Candle":[0],"Tingsha":[18],"Eternal Feather":0,"Pen Nib":[7],"Letter Opener":[130],"War Paint":["Terror","Defend_G"],"Question Card":21,"OrangePellets":[1],"Shuriken":[19],"Bronze Scales":[66],"Bird Faced Urn":[0],"Black Star":10,"obtain_stats":[{"Ice Cream":8,"Calipers":39,"Gremlin Horn":12,"CeramicFish":39,"Vajra":39,"Whetstone":39,"Ginger":39,"Bottled Tornado":39,"Boot":22,"Blood Vial":39,"Centennial Puzzle":39,"HornCleat":28,"Sundial":39,"Strawberry":39,"MealTicket":39,"Prayer Wheel":41,"Kunai":39,"Toxic Egg 2":39,"Girya":39,"Pear":14,"Happy Flower":12,"Blue Candle":28,"Oddly Smooth Stone":39,"Tingsha":23,"Eternal Feather":39,"Pen Nib":39,"Letter Opener":31,"War Paint":30,"Paper Crane":39,"Question Card":6,"Akabeko":39,"Du-Vu Doll":39,"SlaversCollar":17,"OrangePellets":53,"Shuriken":39,"Bronze Scales":39,"Bird Faced Urn":39,"Molten Egg 2":39,"Black Star":0,"Meat on the Bone":25,"Pocketwatch":39,"Darkstone Periapt":9,"Regal Pillow":39,"Lantern":39,"Singing Bowl":39,"Torii":41,"SacredBark":34,"StoneCalendar":39,"Mango":41,"Snake Skull":25,"Juzu Bracelet":8,"Incense Burner":39,"Bag of Preparation":39,"Ancient Tea Set":39,"Frozen Eye":19,"Dream Catcher":14,"Nunchaku":39,"Tough Bandages":39,"Matryoshka":39,"Shovel":41,"Ninja Scroll":19,"Mummified Hand":39,"Pantograph":39,"InkBottle":19,"Ring of the Snake":0,"Potion Belt":7,"Lee\u0027s Waffle":41,"The Specimen":41,"Circlet":41,"Thread and Needle":39,"The Courier":23,"PreservedInsect":39,"Omamori":31,"Frozen Egg 2":6,"Orichalcum":39,"Medical Kit":39,"White Beast Statue":39,"Mercury Hourglass":39,"Anchor":39,"CaptainsWheel":41,"Ornamental Fan":39,"Turnip":26,"Bag of Marbles":39,"Art of War":39,"Membership Card":14,"Bottled Lightning":39,"Toy Ornithopter":39,"TungstenRod":39,"FossilizedHelix":41},{"Ice Cream":5,"Calipers":18,"Gremlin Horn":7,"CeramicFish":18,"Vajra":18,"Whetstone":18,"Ginger":18,"Bottled Tornado":18,"Boot":10,"Blood Vial":18,"Centennial Puzzle":18,"HornCleat":14,"Sundial":18,"Strawberry":18,"MealTicket":18,"Prayer Wheel":18,"Kunai":18,"Toxic Egg 2":18,"Girya":18,"Pear":8,"Happy Flower":7,"Blue Candle":14,"Oddly Smooth Stone":18,"Tingsha":11,"Eternal Feather":18,"Pen Nib":18,"Letter Opener":15,"War Paint":14,"Paper Crane":18,"Question Card":4,"Akabeko":18,"Du-Vu Doll":18,"SlaversCollar":9,"OrangePellets":23,"Shuriken":18,"Bronze Scales":18,"Bird Faced Urn":18,"Molten Egg 2":18,"Black Star":0,"Meat on the Bone":12,"Pocketwatch":18,"Darkstone Periapt":5,"Regal Pillow":18,"Lantern":18,"Singing Bowl":18,"Torii":18,"SacredBark":16,"StoneCalendar":18,"Mango":18,"Snake Skull":12,"Juzu Bracelet":5,"Incense Burner":18,"Bag of Preparation":18,"Ancient Tea Set":18,"Frozen Eye":10,"Dream Catcher":8,"Nunchaku":18,"Tough Bandages":18,"Matryoshka":18,"Shovel":18,"Ninja Scroll":10,"Mummified Hand":18,"Pantograph":18,"InkBottle":10,"Ring of the Snake":0,"Potion Belt":4,"Lee\u0027s Waffle":18,"The Specimen":18,"Circlet":18,"Thread and Needle":18,"The Courier":11,"PreservedInsect":18,"Omamori":15,"Frozen Egg 2":4,"Orichalcum":18,"Medical Kit":18,"White Beast Statue":18,"Mercury Hourglass":18,"Anchor":18,"CaptainsWheel":18,"Ornamental Fan":18,"Turnip":12,"Bag of Marbles":18,"Art of War":18,"Membership Card":8,"Bottled Lightning":18,"Toy Ornithopter":18,"TungstenRod":18,"FossilizedHelix":18},{"Ice Cream":26,"Calipers":94,"Gremlin Horn":34,"CeramicFish":94,"Vajra":94,"Whetstone":94,"Ginger":94,"Bottled Tornado":94,"Boot":54,"Blood Vial":94,"Centennial Puzzle":94,"HornCleat":73,"Sundial":94,"Strawberry":94,"MealTicket":94,"Prayer Wheel":94,"Kunai":94,"Toxic Egg 2":94,"Girya":94,"Pear":40,"Happy Flower":34,"Blue Candle":73,"Oddly Smooth Stone":94,"Tingsha":60,"Eternal Feather":94,"Pen Nib":94,"Letter Opener":78,"War Paint":73,"Paper Crane":94,"Question Card":20,"Akabeko":94,"Du-Vu Doll":94,"SlaversCollar":50,"OrangePellets":105,"Shuriken":94,"Bronze Scales":94,"Bird Faced Urn":94,"Molten Egg 2":94,"Black Star":0,"Meat on the Bone":64,"Pocketwatch":94,"Darkstone Periapt":26,"Regal Pillow":94,"Lantern":94,"Singing Bowl":94,"Torii":94,"SacredBark":86,"StoneCalendar":94,"Mango":94,"Snake Skull":64,"Juzu Bracelet":26,"Incense Burner":94,"Bag of Preparation":94,"Ancient Tea Set":94,"Frozen Eye":54,"Dream Catcher":40,"Nunchaku":94,"Tough Bandages":94,"Matryoshka":94,"Shovel":94,"Ninja Scroll":54,"Mummified Hand":94,"Pantograph":94,"InkBottle":54,"Ring of the Snake":0,"Potion Belt":20,"Lee\u0027s Waffle":94,"The Specimen":94,"Circlet":94,"Thread and Needle":94,"The Courier":60,"PreservedInsect":94,"Omamori":78,"Frozen Egg 2":20,"Orichalcum":94,"Medical Kit":94,"White Beast Statue":94,"Mercury Hourglass":94,"Anchor":94,"CaptainsWheel":94,"Ornamental Fan":94,"Turnip":64,"Bag of Marbles":94,"Art of War":94,"Membership Card":40,"Bottled Lightning":94,"Toy Ornithopter":94,"TungstenRod":94,"FossilizedHelix":94}],"Meat on the Bone":0,"Pocketwatch":[0],"Darkstone Periapt":6,"Regal Pillow":0,"Singing Bowl":4,"Torii":0,"StoneCalendar":[0],"Snake Skull":[80],"Juzu Bracelet":1,"Bag of Preparation":[14],"Dream Catcher":0,"Nunchaku":[7],"Tough Bandages":[12],"Shovel":0,"Mummified Hand":[58],"Pantograph":0,"InkBottle":[45],"Lee\u0027s Waffle":7,"PreservedInsect":269,"Orichalcum":[6],"Medical Kit":[3],"Mercury Hourglass":[71],"Ornamental Fan":[76],"Turnip":[9],"Art of War":[2],"Toy Ornithopter":0,"TungstenRod":0},"card_choices":[{"not_picked":["Outmaneuver","Backstab"],"picked":"Noxious Fumes","floor":1.0},{"not_picked":["Bane","Outmaneuver"],"picked":"Blade Dance","floor":2.0},{"not_picked":["Concentrate","PiercingWail"],"picked":"Noxious Fumes","floor":5.0},{"not_picked":["Dagger Spray","PiercingWail"],"picked":"Adrenaline","floor":6.0},{"not_picked":["Prepared","Dagger Spray","Poisoned Stab"],"picked":"Terror","floor":8.0},{"not_picked":["Flying Knee","Dagger Throw","Tools of the Trade+1"],"picked":"Deadly Poison","floor":11.0},{"not_picked":["Bane","Heel Hook","Die Die Die"],"picked":"Footwork+1","floor":12},{"not_picked":["Sucker Punch","Bouncing Flask","Riddle With Holes","Outmaneuver"],"picked":"SKIP","floor":13},{"not_picked":["Storm of Steel","Adrenaline","Burst"],"picked":"After Image+1","floor":16},{"not_picked":["Dagger Throw","Outmaneuver","Dagger Spray+1"],"picked":"Backflip","floor":18},{"not_picked":["Blade Dance","Outmaneuver","Doppelganger"],"picked":"Catalyst","floor":23},{"not_picked":["Quick Slash","Outmaneuver","Sucker Punch","Underhanded Strike"],"picked":"SKIP","floor":25},{"not_picked":["Dash","Outmaneuver+1","Flying Knee+1"],"picked":"Deflect","floor":27},{"not_picked":["Deflect","Blur","Crippling Poison"],"picked":"Accuracy+1","floor":28},{"not_picked":["Bouncing Flask","Riddle With Holes","Underhanded Strike","Distraction"],"picked":"SKIP","floor":31},{"not_picked":["Unload","Bullet Time","Phantasmal Killer"],"picked":"Envenom+1","floor":33},{"not_picked":["Outmaneuver","Caltrops+1","Sucker Punch"],"picked":"Blur","floor":35},{"not_picked":["Dagger Spray","Dagger Throw+1","Poisoned Stab"],"picked":"Cloak And Dagger","floor":37},{"not_picked":["Madness","Forethought","Bandage Up"],"picked":"Deep Breath","floor":38},{"not_picked":["Quick Slash+1","Leg Sweep+1","Expertise+1"],"picked":"Footwork+1","floor":44},{"not_picked":["Bane+1","Burst+1","Sucker Punch+1","Acrobatics+1"],"picked":"Singing Bowl","floor":46},{"not_picked":["Setup+1","Deadly Poison+1","Dagger Throw+1","Skewer+1"],"picked":"Singing Bowl","floor":46},{"not_picked":["Flechettes+1","Sucker Punch+1","Masterful Stab+1"],"picked":"A Thousand Cuts+1","floor":47},{"not_picked":["Blur+1","Dodge and Roll+1","Noxious Fumes+1"],"picked":"Backflip+1","floor":48},{"not_picked":["Accuracy+1","Deflect+1","Flying Knee+1"],"picked":"A Thousand Cuts+1","floor":54}],"player_experience":296074,"relics_obtained":[{"floor":6.0,"key":"Frozen Egg 2"},{"floor":6.0,"key":"Question Card"},{"floor":8.0,"key":"Ice Cream"},{"floor":8.0,"key":"Juzu Bracelet"},{"floor":9.0,"key":"Darkstone Periapt"},{"floor":12,"key":"Gremlin Horn"},{"floor":12,"key":"Happy Flower"},{"floor":23,"key":"The Courier"},{"floor":23,"key":"Tingsha"},{"floor":25,"key":"Snake Skull"},{"floor":25,"key":"Meat on the Bone"},{"floor":26,"key":"Turnip"},{"floor":28,"key":"Blue Candle"},{"floor":28,"key":"HornCleat"},{"floor":31,"key":"Letter Opener"},{"floor":31,"key":"Omamori"},{"floor":43,"key":"Circlet"},{"floor":44,"key":"Circlet"},{"floor":44,"key":"Circlet"},{"floor":47,"key":"Circlet"},{"floor":47,"key":"Circlet"},{"floor":48,"key":"Circlet"},{"floor":54,"key":"Circlet"},{"floor":54,"key":"Circlet"}],"event_choices":[{"damage_healed":0.0,"max_hp_gain":0.0,"max_hp_loss":0.0,"gold_gain":175.0,"event_name":"Liars Game","player_choice":"AGREE","floor":3.0,"gold_loss":0.0,"damage_taken":0.0,"cards_obtained":["Doubt"]},{"damage_healed":0.0,"max_hp_gain":0.0,"max_hp_loss":0.0,"gold_gain":0.0,"event_name":"Big Fish","player_choice":"Box","floor":7.0,"gold_loss":0.0,"damage_taken":0.0,"relics_obtained":["Potion Belt"],"cards_obtained":["Regret"]},{"damage_healed":0.0,"max_hp_gain":0.0,"max_hp_loss":0.0,"gold_gain":0.0,"event_name":"Wheel of Change","player_choice":"Cursed","floor":10.0,"gold_loss":0.0,"damage_taken":0.0,"cards_obtained":["Decay"]},{"damage_healed":0,"gold_gain":0,"player_choice":"Ignored","damage_taken":0,"max_hp_gain":0,"max_hp_loss":0,"event_name":"Vampires","floor":20,"gold_loss":0},{"damage_healed":0,"gold_gain":99,"player_choice":"Stole From Cult","damage_taken":0,"max_hp_gain":0,"max_hp_loss":0,"event_name":"Nest","floor":21,"gold_loss":0},{"damage_healed":0,"gold_gain":0,"player_choice":"Obtained Relic","damage_taken":0,"relics_obtained":["Boot"],"max_hp_gain":0,"max_hp_loss":0,"event_name":"Addict","floor":22,"gold_loss":85},{"damage_healed":0,"gold_gain":0,"player_choice":"Opened","damage_taken":0,"relics_obtained":["War Paint"],"max_hp_gain":0,"max_hp_loss":0,"event_name":"The Mausoleum","floor":30,"gold_loss":0},{"cards_removed":["Strike_G"],"damage_healed":0,"gold_gain":0,"player_choice":"Upgrade and Remove","damage_taken":0,"max_hp_gain":0,"max_hp_loss":0,"event_name":"Designer","floor":36,"gold_loss":90,"cards_upgraded":["Blur"]},{"damage_healed":0,"gold_gain":0,"player_choice":"Memory 1","damage_taken":0,"max_hp_gain":0,"max_hp_loss":0,"event_name":"SensoryStone","floor":38,"gold_loss":0},{"damage_healed":0,"gold_gain":0,"player_choice":"Fight","damage_taken":0,"max_hp_gain":0,"max_hp_loss":0,"event_name":"MindBloom","floor":48,"gold_loss":0}],"is_beta":false,"boss_relics":[{"not_picked":["Coffee Dripper","Astrolabe"],"picked":"SlaversCollar"},{"not_picked":["Snecko Eye","Fusion Hammer"],"picked":"SacredBark"}],"items_purged_floors":[4,14,19,39,41,53],"is_endless":false,"potions_floor_spawned":[2,8,11,13,18,25,28,31,44,46,47,48,54],"ascension_level":14}}