{"host":"hbel9g7s7ibv8po6","time":1611929817,"event":{"mods":["Act Like it!","BaseMod","Duelist Mod","Minty Spire (QoL Compilation)","StSLib"],"gold_per_floor":[441,459,384,384,84,84,112,112,112,112,124,151,151,181,181,279,279,296,221,221,671,685,685,712,712,712,731,731,750,750,239,239,344,344,356,372,386,236,246,275,325,325,349,360,377,377,377],"floor_reached":46,"language":"ENG","playtime":7222,"items_purged":["theDuelist:Sparks","theDuelist:Sparks","theDuelist:ExplosiveToken","theDuelist:Biofalcon"],"score":942,"play_id":"64ee538e-5dc8-4fdd-8919-8427f3b7b784","local_time":"20210129221657","is_ascension_mode":true,"campfire_choices":[{"data":"theDuelist:Shekhinaga","floor":6.0,"key":"SMITH"},{"data":"theDuelist:JunkSpeeder","floor":8.0,"key":"SMITH"},{"data":"theDuelist:Deskbot005","floor":10.0,"key":"SMITH"},{"data":"theDuelist:AncientGearExplosive","floor":13.0,"key":"SMITH"},{"data":"theDuelist:PowerGiant","floor":15.0,"key":"SMITH"},{"floor":23.0,"key":"REST"},{"data":"theDuelist:PotGreed","floor":25.0,"key":"SMITH"},{"floor":28.0,"key":"REST"},{"data":"theDuelist:ChaosAncientGearGiant","floor":32.0,"key":"SMITH"},{"floor":42.0,"key":"RECALL"}],"circlet_count":0,"master_deck":["theDuelist:AncientGearExplosive+1","theDuelist:Shekhinaga+1","AscendersBane","theDuelist:ImperialOrder+1","theDuelist:GoldGadget+1","theDuelist:ChaosAncientGearGiant+1","theDuelist:PowerGiant+1","theDuelist:JunkSpeeder+1","theDuelist:Deskbot005+1","theDuelist:Deskbot004","Secret Technique","theDuelist:PotGreed+1","theDuelist:Deskbot008","theDuelist:Deskbot009","theDuelist:Deskbot005","theDuelist:GreenGadget","theDuelist:AncientGearExplosive","theDuelist:Apoqliphort"],"relics":["theDuelist:MillenniumPuzzle","theDuelist:CardPoolRelic","theDuelist:CardPoolBasicRelic","theDuelist:BoosterPackPoolRelic","theDuelist:CardPoolAddRelic","theDuelist:CardPoolMinusRelic","theDuelist:CardPoolSaveRelic","theDuelist:CardPoolOptionsRelic","Old Coin","theDuelist:ShopToken","theDuelist:MillenniumArmor","Akabeko","theDuelist:MachineToken","Omamori","Vajra","Empty Cage","Cables","Magic Flower","Thread and Needle","SlaversCollar","Juzu Bracelet","Turnip"],"acts_visited":["Exordium","TheCity","TheBeyond"],"potions_floor_usage":[],"damage_taken":[{"damage":0.0,"enemies":"Small Slimes","floor":1.0,"turns":4.0},{"damage":0.0,"enemies":"2 Louse","floor":2.0,"turns":2.0},{"damage":2.0,"enemies":"Lagavulin","floor":7.0,"turns":6.0},{"damage":0.0,"enemies":"Cultist","floor":11.0,"turns":2.0},{"damage":1.0,"enemies":"3 Sentries","floor":12.0,"turns":6.0},{"damage":0.0,"enemies":"Lagavulin","floor":14.0,"turns":4.0},{"damage":22.0,"enemies":"Hexaghost","floor":16.0,"turns":8.0},{"damage":10.0,"enemies":"2 Thieves","floor":18.0,"turns":4.0},{"damage":0.0,"enemies":"3 Byrds","floor":22.0,"turns":4.0},{"damage":15.0,"enemies":"Slavers","floor":24.0,"turns":8.0},{"damage":0.0,"enemies":"Centurion and Healer","floor":27.0,"turns":5.0},{"damage":5.0,"enemies":"Snake Plant","floor":29.0,"turns":2.0},{"damage":0.0,"enemies":"Collector","floor":33.0,"turns":4.0},{"damage":5.0,"enemies":"3 Darklings","floor":35.0,"turns":5.0},{"damage":0.0,"enemies":"Orb Walker","floor":36.0,"turns":2.0},{"damage":24.0,"enemies":"4 Shapes","floor":37.0,"turns":5.0},{"damage":0.0,"enemies":"Spire Growth","floor":39.0,"turns":2.0},{"damage":0.0,"enemies":"Reptomancer","floor":40.0,"turns":2.0},{"damage":0.0,"enemies":"Mind Bloom Boss Battle","floor":41.0,"turns":5.0},{"damage":1.0,"enemies":"Sphere and 2 Shapes","floor":44.0,"turns":5.0},{"damage":25,"enemies":"Writhing Mass","floor":45,"turns":5},{"damage":13,"enemies":"Nemesis","floor":46,"turns":2}],"seed_played":"-358549300366251712","potions_obtained":[{"floor":7.0,"key":"Energy Potion"},{"floor":14.0,"key":"theDuelist:FluxPotion"},{"floor":24.0,"key":"theDuelist:BombBottle"},{"floor":29.0,"key":"theDuelist:MetalBottle"},{"floor":33.0,"key":"SteroidPotion"},{"floor":37.0,"key":"theDuelist:SummonFuryPotion"},{"floor":39.0,"key":"theDuelist:TributeBottle"},{"floor":40.0,"key":"AttackPotion"}],"is_trial":false,"path_per_floor":["M","M","$","?","$","R","E","R","T","R","M","E","R","E","R","B",null,"M","?","?","?","M","R","E","R","T","M","R","M","?","$","R","B",null,"M","M","M","$","M","E","?","R","T","M","M","E"],"character_chosen":"THE_DUELIST","items_purchased":["theDuelist:ShopToken","theDuelist:MillenniumArmor","Thread and Needle","theDuelist:ChaosAncientGearGiant"],"campfire_rested":2,"item_purchase_floors":[5,5,31,31],"current_hp_per_floor":[72,72,72,72,72,72,70,70,70,70,70,69,69,69,69,47,66,56,56,56,4,4,25,10,10,10,10,31,26,26,26,26,26,61,56,56,32,32,32,32,32,32,32,31,6,0,0],"gold":377,"neow_bonus":"ONE_RARE_RELIC","is_daily":false,"chose_seed":false,"campfire_upgraded":7,"win_rate":0.0,"timestamp":1611929817,"path_taken":["M","M","$","?","$","R","E","R","T","R","M","E","R","E","R","BOSS","M","?","?","?","M","R","E","R","T","M","R","?","?","$","R","BOSS","M","M","M","$","M","E","?","R","T","M","M","E"],"items_purchased_type":["Relic","Relic","Relic","Card"],"build_version":"2020-12-22","purchased_purges":4,"victory":false,"max_hp_per_floor":[72,72,72,72,72,72,72,72,72,72,72,72,72,72,72,72,72,72,72,72,72,72,72,72,72,72,72,72,72,72,72,72,72,72,72,72,72,72,72,72,72,72,72,72,72,72,72],"card_choices":[{"not_picked":["theDuelist:WingedKuriboh","theDuelist:BigEye","theDuelist:ChangeHeart","theDuelist:Kuriboh"],"picked":"theDuelist:JunkSpeeder","floor":1.0},{"not_picked":["theDuelist:OrcustCrescendo","theDuelist:MachineKing","theDuelist:GravityLash","theDuelist:Deskbot007"],"picked":"theDuelist:Shekhinaga","floor":2.0},{"not_picked":["theDuelist:DoubleTool","theDuelist:CoreBlaster","theDuelist:Factory100Machines","theDuelist:CardsFromTheSky","theDuelist:AncientGearFist"],"picked":"SKIP","floor":7.0},{"not_picked":["theDuelist:DoubleTool","theDuelist:Deskbot003","theDuelist:CannonSoldier","theDuelist:CardsFromTheSky","theDuelist:JunkKuriboh"],"picked":"SKIP","floor":11.0},{"not_picked":["theDuelist:AncientGearChimera","theDuelist:CyberRaider","theDuelist:GenexAllyBirdman","theDuelist:TokenVacuum"],"picked":"theDuelist:AncientGearExplosive","floor":12.0},{"not_picked":["theDuelist:WingedKuriboh","theDuelist:WormWarlord","theDuelist:BigFire","theDuelist:LightningVortex"],"picked":"theDuelist:PowerGiant","floor":14.0},{"not_picked":["theDuelist:SatelliteCannon","theDuelist:JinzoLord","theDuelist:IronhammerGiant","theDuelist:Deskbot009"],"picked":"theDuelist:Apoqliphort","floor":16.0},{"not_picked":["theDuelist:Deskbot004","theDuelist:CyberRaider+1","theDuelist:GenexAllyBirdman","theDuelist:CannonSoldier","theDuelist:OrbitalBombardment"],"picked":"SKIP","floor":18.0},{"not_picked":["theDuelist:DamageToken","theDuelist:EntrenchToken","theDuelist:BurnToken","theDuelist:TrapToken"],"picked":"theDuelist:ExplosiveToken","floor":22.0},{"not_picked":["Finesse+1","Good Instincts","Sadistic Nature"],"picked":"Secret Technique","floor":24.0},{"not_picked":["theDuelist:DoubleTool","theDuelist:CoreBlaster","theDuelist:Factory100Machines","theDuelist:CardsFromTheSky","theDuelist:RevolvingSwitchyard+1"],"picked":"SKIP","floor":27.0},{"not_picked":["theDuelist:DoubleTool","theDuelist:CoreBlaster","theDuelist:StimPack","theDuelist:Factory100Machines"],"picked":"theDuelist:AncientGearExplosive","floor":29.0},{"not_picked":["theDuelist:SwordsConcealing","theDuelist:SevenCompleted","theDuelist:Overworked","theDuelist:MachineKing"],"picked":"theDuelist:Deskbot009","floor":33.0},{"not_picked":["theDuelist:RedGadget+1","theDuelist:Tuningware+1","theDuelist:ElectromagneticTurtle","theDuelist:AirCrackingStorm+1"],"picked":"theDuelist:Deskbot008","floor":35.0},{"not_picked":["theDuelist:FrontlineObserver+1","theDuelist:GreenGadget","theDuelist:Deskbot005+1","theDuelist:Geargiauger+1","theDuelist:AllySalvo"],"picked":"SKIP","floor":36.0},{"not_picked":["theDuelist:JunkWarrior","theDuelist:GenexAllyBirdman","theDuelist:FrontlineObserver","theDuelist:CoreBlaster","theDuelist:RoboticKnight"],"picked":"SKIP","floor":37.0},{"not_picked":["theDuelist:UnionHangar+1","theDuelist:ShortCircuit+1","theDuelist:GravityAxe","theDuelist:ZONE+1"],"picked":"theDuelist:ImperialOrder+1","floor":39.0},{"not_picked":["theDuelist:TokenVacuum+1","theDuelist:GenexAllyBirdman+1","theDuelist:CoreBlaster+2","theDuelist:Biofalcon","theDuelist:CyberArchfiend"],"picked":"SKIP","floor":40.0},{"not_picked":["theDuelist:Shekhinaga+1","theDuelist:Apoqliphort+1","theDuelist:PineappleBlast+1","theDuelist:GoldenBlastJuggler+1"],"picked":"theDuelist:GoldGadget+1","floor":41.0},{"not_picked":["theDuelist:ZONE","theDuelist:MetalholdMovingBlockade+1","theDuelist:Jinzo+1","theDuelist:Geartown"],"picked":"SKIP","floor":44.0},{"not_picked":["theDuelist:JumboDrill+1","theDuelist:GenexNeutron","theDuelist:HeavyMechSupportPlatform+1","theDuelist:ElectromagneticTurtle","theDuelist:GoldGadget"],"picked":"SKIP","floor":45}],"player_experience":162259,"relics_obtained":[{"floor":7.0,"key":"Akabeko"},{"floor":9.0,"key":"theDuelist:MachineToken"},{"floor":12.0,"key":"Omamori"},{"floor":14.0,"key":"Vajra"},{"floor":24.0,"key":"Cables"},{"floor":26.0,"key":"Magic Flower"},{"floor":40.0,"key":"Juzu Bracelet"},{"floor":41.0,"key":"Turnip"}],"event_choices":[{"damage_healed":0.0,"max_hp_gain":0.0,"max_hp_loss":0.0,"gold_gain":0.0,"event_name":"Tomb of the Nameless","player_choice":"Leave","duelist":true,"floor":4.0,"gold_loss":0.0,"damage_taken":0.0},{"cards_removed":["theDuelist:Deskbot004"],"damage_healed":0.0,"max_hp_gain":0.0,"max_hp_loss":0.0,"gold_gain":0.0,"event_name":"Beggar","player_choice":"Gave Gold","floor":19.0,"gold_loss":75.0,"damage_taken":0.0},{"damage_healed":0.0,"max_hp_gain":0.0,"max_hp_loss":0.0,"gold_gain":0.0,"event_name":"Vampires","player_choice":"Ignored","floor":20.0,"gold_loss":0.0,"damage_taken":0.0},{"damage_healed":0.0,"max_hp_gain":0.0,"max_hp_loss":0.0,"gold_gain":450.0,"event_name":"Knowing Skull","player_choice":"CARD GOLD GOLD GOLD GOLD GOLD ","floor":21.0,"potions_obtained":[],"gold_loss":0.0,"damage_taken":52.0,"cards_obtained":["theDuelist:PotGreed"]},{"damage_healed":0.0,"max_hp_gain":0.0,"max_hp_loss":0.0,"gold_gain":0.0,"event_name":"The Woman in Blue","player_choice":"Bought 0 Potions","floor":30.0,"gold_loss":0.0,"damage_taken":0.0},{"damage_healed":0.0,"max_hp_gain":0.0,"max_hp_loss":0.0,"gold_gain":0.0,"event_name":"MindBloom","player_choice":"Fight","floor":41.0,"gold_loss":0.0,"damage_taken":0.0}],"is_beta":false,"boss_relics":[{"not_picked":["Runic Pyramid","Snecko Eye"],"picked":"Empty Cage"},{"not_picked":["theDuelist:ElectricKey","Sozu"],"picked":"SlaversCollar"}],"items_purged_floors":[3,5,31,38],"is_endless":false,"potions_floor_spawned":[7,14,24,29,33,37,39,40],"killed_by":"Nemesis","ascension_level":10}}