{"host":"t7mx8yfj1no5p62f","time":1611897238,"event":{"mods":["BaseMod","Colored Map","Colored Powertips","Minty Spire (QoL Compilation)","Relic Stats","StSLib"],"gold_per_floor":[115,168,186,111,111,111,142,142,166,32,48,75,88,98,98,175,175,188,199,233,250,200,200,200],"floor_reached":23,"language":"ENG","playtime":760,"items_purged":[],"score":552,"play_id":"19968390-2af8-45d8-af8e-3919d25966da","local_time":"20210129001358","is_ascension_mode":true,"campfire_choices":[{"data":"Dash","floor":6,"key":"SMITH"},{"data":"Tools of the Trade","floor":8,"key":"SMITH"},{"data":"Catalyst","floor":15,"key":"SMITH"}],"circlet_count":0,"master_deck":["AscendersBane","Strike_G","Strike_G","Strike_G","Strike_G","Defend_G","Defend_G","Defend_G","Defend_G","Defend_G","Survivor","Neutralize+1","Dash+1","Noxious Fumes+1","Tools of the Trade+1","Catalyst+1","Noxious Fumes","Blur","Underhanded Strike","Underhanded Strike","Reflex","Wraith Form v2","Crippling Poison+1"],"relics":["Ring of the Snake","NeowsBlessing","MealTicket","Dream Catcher","Cursed Key","Red Mask"],"acts_visited":["Exordium","TheCity"],"potions_floor_usage":[18,20,21],"damage_taken":[{"damage":0,"enemies":"Small Slimes","floor":1,"turns":1},{"damage":0,"enemies":"2 Louse","floor":3,"turns":1},{"damage":0,"enemies":"Gremlin Nob","floor":7,"turns":1},{"damage":4,"enemies":"Jaw Worm","floor":11,"turns":3},{"damage":9,"enemies":"3 Sentries","floor":12,"turns":7},{"damage":0,"enemies":"2 Fungi Beasts","floor":13,"turns":4},{"damage":0,"enemies":"Exordium Wildlife","floor":14,"turns":5},{"damage":0,"enemies":"Hexaghost","floor":16,"turns":8},{"damage":16,"enemies":"Spheric Guardian","floor":18,"turns":5},{"damage":13,"enemies":"Chosen","floor":19,"turns":4},{"damage":1,"enemies":"Masked Bandits","floor":20,"turns":4},{"damage":17,"enemies":"Shelled Parasite and Fungi","floor":21,"turns":5},{"damage":22,"enemies":"Slavers","floor":23,"turns":3}],"seed_played":"6968625304415545512","potions_obtained":[{"floor":7,"key":"FearPotion"},{"floor":12,"key":"FearPotion"},{"floor":18,"key":"DistilledChaos"},{"floor":19,"key":"SkillPotion"}],"is_trial":false,"path_per_floor":["M","?","M","?","?","R","E","R","T","$","M","E","M","M","R","B",null,"M","M","?","M","?","E"],"character_chosen":"THE_SILENT","items_purchased":["Catalyst","Noxious Fumes"],"campfire_rested":0,"item_purchase_floors":[10,10],"current_hp_per_floor":[59,59,59,59,39,39,39,39,39,54,50,41,41,41,41,41,60,44,31,30,13,13,0,0],"gold":200,"neow_bonus":"THREE_ENEMY_KILL","is_daily":false,"chose_seed":false,"campfire_upgraded":3,"win_rate":0.0,"timestamp":1611897238,"path_taken":["M","?","M","?","?","R","E","R","T","?","M","E","M","M","R","BOSS","M","M","?","M","?","E"],"items_purchased_type":["Card","Card"],"build_version":"2020-12-22","purchased_purges":0,"victory":false,"max_hp_per_floor":[66,66,66,66,66,66,66,66,66,66,66,66,66,66,66,66,66,66,66,66,66,66,66,66],"relic_stats":{"Dream Catcher":0,"counters":[13,51],"MealTicket":15,"Cursed Key":0,"obtain_stats":[{"Dream Catcher":12,"NeowsBlessing":0,"MealTicket":7,"Red Mask":20,"Cursed Key":17,"Ring of the Snake":0},{"Dream Catcher":5,"NeowsBlessing":0,"MealTicket":3,"Red Mask":11,"Cursed Key":8,"Ring of the Snake":0},{"Dream Catcher":13,"NeowsBlessing":0,"MealTicket":3,"Red Mask":43,"Cursed Key":30,"Ring of the Snake":0}],"Ring of the Snake":[26]},"card_choices":[{"not_picked":["Outmaneuver","Tactician"],"picked":"Dash","floor":1},{"not_picked":["Acrobatics","Prepared"],"picked":"Noxious Fumes","floor":3},{"not_picked":["Caltrops","Flying Knee"],"picked":"Tools of the Trade","floor":7},{"not_picked":["Slice","Dagger Throw"],"picked":"Blur","floor":11},{"not_picked":["Outmaneuver","Dagger Throw"],"picked":"Underhanded Strike","floor":12},{"not_picked":["Acrobatics","Heel Hook"],"picked":"Underhanded Strike","floor":13},{"not_picked":["Infinite Blades","Skewer"],"picked":"Reflex","floor":14},{"not_picked":["Phantasmal Killer","Unload"],"picked":"Wraith Form v2","floor":16},{"not_picked":["Infinite Blades","Prepared","Poisoned Stab"],"picked":"SKIP","floor":18},{"not_picked":["Dagger Throw","Acrobatics"],"picked":"Crippling Poison+1","floor":19},{"not_picked":["Quick Slash","Bane","Flechettes"],"picked":"SKIP","floor":21}],"player_experience":1881947,"relics_obtained":[{"floor":7,"key":"MealTicket"},{"floor":12,"key":"Dream Catcher"},{"floor":20,"key":"Red Mask"}],"event_choices":[{"damage_healed":0,"gold_gain":53,"player_choice":"Gained Gold","damage_taken":0,"max_hp_gain":0,"max_hp_loss":0,"event_name":"Golden Wing","floor":2,"gold_loss":0},{"cards_removed":["Strike_G"],"damage_healed":0,"gold_gain":0,"player_choice":"Card Removal","damage_taken":0,"max_hp_gain":0,"max_hp_loss":0,"event_name":"The Cleric","floor":4,"gold_loss":75},{"damage_healed":0,"gold_gain":0,"player_choice":"Entered Light","damage_taken":20,"max_hp_gain":0,"max_hp_loss":0,"event_name":"Shining Light","floor":5,"gold_loss":0,"cards_upgraded":["Neutralize","Noxious Fumes"]},{"damage_healed":0,"gold_gain":0,"player_choice":"Fought Bandits","damage_taken":0,"max_hp_gain":0,"max_hp_loss":0,"event_name":"Masked Bandits","floor":20,"gold_loss":0},{"damage_healed":0,"gold_gain":0,"player_choice":"Bet on Murderer","damage_taken":0,"max_hp_gain":0,"max_hp_loss":0,"event_name":"The Joust","floor":22,"gold_loss":50}],"is_beta":false,"boss_relics":[{"not_picked":["Runic Pyramid","Tiny House"],"picked":"Cursed Key"}],"items_purged_floors":[],"is_endless":false,"potions_floor_spawned":[7,12,13,18,19],"killed_by":"Slavers","ascension_level":20}}