{"host":"1tl36azeqm6yhdgj","time":1611947723,"event":{"mods":["AchievementEnabler","BaseMod","Minty Spire (QoL Compilation)","StSLib","The IronCluck","everything is the same but u backflip on backflip"],"gold_per_floor":[114,189,189,204,216,216,232,264,264,279,310,329,23,23,23,23,23],"floor_reached":16,"language":"ENG","playtime":408,"items_purged":[],"score":224,"play_id":"8594b7c4-7fc1-47e0-91d5-d9542bce3cb5","local_time":"20210129141523","is_ascension_mode":true,"campfire_choices":[{"data":"Dropkick","floor":6.0,"key":"SMITH"},{"floor":15.0,"key":"REST"}],"circlet_count":0,"master_deck":["AscendersBane","Strike_R","Strike_R","Strike_R","Strike_R","Strike_R","Defend_R","Defend_R","Defend_R","Defend_R","Bash","Thunderclap","Dropkick+1","Battle Trance","Headbutt","Barricade+1","Anger","Cleave","Rampage","Injury"],"relics":["Burning Blood","NeowsBlessing","Frozen Egg 2","TungstenRod","Turnip","Mercury Hourglass","Golden Idol"],"acts_visited":["Exordium"],"potions_floor_usage":[],"damage_taken":[{"damage":0.0,"enemies":"2 Louse","floor":1.0,"turns":1.0},{"damage":0.0,"enemies":"Small Slimes","floor":4.0,"turns":1.0},{"damage":0.0,"enemies":"Cultist","floor":5.0,"turns":1.0},{"damage":4.0,"enemies":"Looter","floor":7.0,"turns":2.0},{"damage":36.0,"enemies":"Gremlin Nob","floor":8.0,"turns":4.0},{"damage":14.0,"enemies":"Large Slime","floor":10.0,"turns":6.0},{"damage":18.0,"enemies":"3 Sentries","floor":11.0,"turns":6.0},{"damage":4.0,"enemies":"2 Fungi Beasts","floor":12.0,"turns":3.0},{"damage":67,"enemies":"Hexaghost","floor":16,"turns":9}],"seed_played":"-1682430644847836429","potions_obtained":[{"floor":1.0,"key":"SkillPotion"},{"floor":3.0,"key":"Explosive Potion"},{"floor":7.0,"key":"PowerPotion"},{"floor":10.0,"key":"DistilledChaos"},{"floor":11.0,"key":"BloodPotion"}],"is_trial":false,"path_per_floor":["M","?","?","M","M","R","M","E","T","M","E","M","$","?","R","B"],"character_chosen":"IRONCLAD","items_purchased":["Mercury Hourglass","Rampage"],"campfire_rested":1,"item_purchase_floors":[13,13],"current_hp_per_floor":[74,63,63,69,75,75,75,45,45,37,25,42,42,42,64,0,0],"gold":23,"neow_bonus":"THREE_ENEMY_KILL","is_daily":false,"chose_seed":false,"campfire_upgraded":1,"win_rate":0.0,"timestamp":1611947723,"path_taken":["M","?","?","M","M","R","M","E","T","?","E","M","$","?","R","BOSS"],"items_purchased_type":["Relic","Card"],"build_version":"2020-12-22","purchased_purges":0,"victory":false,"max_hp_per_floor":[75,75,75,75,75,75,75,75,75,75,75,75,75,75,75,75,75],"card_choices":[{"not_picked":["Inflame","Clash"],"picked":"Thunderclap","floor":1.0},{"not_picked":["Pommel Strike","Heavy Blade"],"picked":"Dropkick","floor":4.0},{"not_picked":["Shrug It Off","Perfected Strike"],"picked":"Battle Trance","floor":5.0},{"not_picked":["Wild Strike","Reckless Charge"],"picked":"Headbutt","floor":7.0},{"not_picked":["Inflame+1","Body Slam"],"picked":"Barricade+1","floor":8.0},{"not_picked":["Iron Wave","Ghostly Armor"],"picked":"Anger","floor":10.0},{"not_picked":["Anger","Whirlwind"],"picked":"Cleave","floor":11.0},{"not_picked":["Havoc","Fiend Fire","Thunderclap"],"picked":"SKIP","floor":12.0}],"player_experience":2105444,"relics_obtained":[{"floor":8.0,"key":"Frozen Egg 2"},{"floor":9.0,"key":"TungstenRod"},{"floor":11.0,"key":"Turnip"}],"event_choices":[{"damage_healed":0.0,"max_hp_gain":0.0,"max_hp_loss":0.0,"gold_gain":75.0,"event_name":"World of Goop","player_choice":"Gather Gold","floor":2.0,"gold_loss":0.0,"damage_taken":11.0},{"damage_healed":0.0,"max_hp_gain":0.0,"max_hp_loss":0.0,"gold_gain":0.0,"event_name":"Lab","player_choice":"Got Potions","floor":3.0,"gold_loss":0.0,"damage_taken":0.0},{"damage_healed":0.0,"max_hp_gain":0.0,"max_hp_loss":0.0,"gold_gain":0.0,"event_name":"Golden Idol","player_choice":"Take Wound","floor":14.0,"gold_loss":0.0,"damage_taken":0.0,"relics_obtained":["Golden Idol"],"cards_obtained":["Injury"]}],"is_beta":false,"boss_relics":[],"items_purged_floors":[],"is_endless":false,"potions_floor_spawned":[1,7,10,11],"killed_by":"Hexaghost","ascension_level":20}}