{"host":"ynimr9ugvc6f046i","time":1611939051,"event":{"mods":["2.2 Compatiblity","BaseMod","Colored Map","DeckTracker","Highlight Path","Keyboard Shortcuts","Minty Spire (QoL Compilation)","Permanent Neow","Quick Restart","StSLib","SuperFastMode"],"gold_per_floor":[117,42,59,59,59,92,92,115,115,131,175,175,175,194,194,290,290,306,69,69,69,88,88,100,62,62,100,113,113,0,0,0,74,74,88,88,38,38,56,56,56,56],"floor_reached":41,"language":"KOR","playtime":888,"items_purged":["Defend_P","Defend_P","Strike_P","Defend_P","Wallop"],"score":880,"play_id":"0d603324-e355-4619-9d09-bd93e2b5503a","local_time":"20210130015051","is_ascension_mode":true,"campfire_choices":[{"data":"Eruption","floor":7.0,"key":"SMITH"},{"floor":12.0,"key":"DIG"},{"floor":13.0,"key":"DIG"},{"floor":15.0,"key":"DIG"},{"floor":23.0,"key":"DIG"},{"floor":24.0,"key":"DIG"},{"floor":29.0,"key":"DIG"},{"floor":32.0,"key":"DIG"},{"floor":40.0,"key":"RECALL"}],"circlet_count":0,"master_deck":["AscendersBane","Eruption+1","Vigilance","MentalFortress","Meditate","MentalFortress","DeusExMachina","FlurryOfBlows","Master of Strategy","FearNoEvil","Adaptation","FearNoEvil"],"relics":["PureWater","NeowsBlessing","Golden Idol","Du-Vu Doll","Shovel","WingedGreaves","Smiling Mask","Toy Ornithopter","SlaversCollar","MawBank","Singing Bowl","Meat on the Bone","StrikeDummy","Art of War","MutagenicStrength","MealTicket","Empty Cage"],"acts_visited":["Exordium","TheCity","TheBeyond"],"potions_floor_usage":[41,41],"damage_taken":[{"damage":0.0,"enemies":"Small Slimes","floor":1.0,"turns":1.0},{"damage":0.0,"enemies":"Jaw Worm","floor":3.0,"turns":1.0},{"damage":0.0,"enemies":"3 Sentries","floor":6.0,"turns":2.0},{"damage":0.0,"enemies":"2 Louse","floor":8.0,"turns":4.0},{"damage":4.0,"enemies":"Large Slime","floor":10.0,"turns":3.0},{"damage":9.0,"enemies":"Lagavulin","floor":11.0,"turns":6.0},{"damage":2.0,"enemies":"2 Fungi Beasts","floor":14.0,"turns":3.0},{"damage":2.0,"enemies":"Slime Boss","floor":16.0,"turns":9.0},{"damage":4.0,"enemies":"Spheric Guardian","floor":18.0,"turns":7.0},{"damage":21.0,"enemies":"Shell Parasite","floor":22.0,"turns":2.0},{"damage":1.0,"enemies":"Slavers","floor":27.0,"turns":5.0},{"damage":11.0,"enemies":"Chosen and Byrds","floor":28.0,"turns":5.0},{"damage":18.0,"enemies":"Automaton","floor":33.0,"turns":7.0},{"damage":0.0,"enemies":"Orb Walker","floor":35.0,"turns":1.0},{"damage":6.0,"enemies":"3 Shapes","floor":39.0,"turns":3.0},{"damage":87,"enemies":"Reptomancer","floor":41,"turns":4}],"seed_played":"7053550644997347597","potions_obtained":[{"floor":3.0,"key":"Block Potion"},{"floor":10.0,"key":"Block Potion"},{"floor":11.0,"key":"DistilledChaos"},{"floor":22.0,"key":"EssenceOfSteel"},{"floor":28.0,"key":"BottledMiracle"},{"floor":33.0,"key":"EssenceOfSteel"}],"is_trial":false,"path_per_floor":["M","$","M","?","?","E","R","M","T","M","E","R","R","M","R","B",null,"M","$","?","?","M","R","R","$","T","E","M","R","$","?","R","B",null,"M","?","$","?","M","R","E"],"character_chosen":"WATCHER","items_purchased":["Master of Strategy","Adaptation"],"campfire_rested":0,"item_purchase_floors":[19,30],"current_hp_per_floor":[61,61,61,38,31,31,31,31,31,27,18,18,18,16,16,19,56,52,52,52,52,31,31,31,31,31,40,43,43,43,43,43,39,64,66,66,74,74,70,70,0,0],"gold":56,"neow_bonus":"THREE_ENEMY_KILL","is_daily":false,"chose_seed":false,"campfire_upgraded":1,"win_rate":0.0,"timestamp":1611939051,"path_taken":["M","$","M","?","?","E","R","M","T","M","E","R","R","?","R","BOSS","M","$","?","?","M","R","R","$","T","E","M","R","$","?","R","BOSS","M","?","$","?","?","R","E"],"items_purchased_type":["Card","Card"],"build_version":"2020-12-22","purchased_purges":5,"victory":false,"max_hp_per_floor":[68,68,68,68,68,68,68,68,68,68,68,68,68,68,68,68,68,68,68,68,68,68,68,68,68,68,68,70,70,70,70,70,72,72,74,74,74,74,76,76,76,76],"card_choices":[{"not_picked":["PathToVictory","CutThroughFate"],"picked":"MentalFortress","floor":1.0},{"not_picked":["DeceiveReality","ClearTheMind"],"picked":"Indignation","floor":3.0},{"not_picked":["PathToVictory","Consecrate","Blasphemy"],"picked":"SKIP","floor":6.0},{"not_picked":["Wallop","Fasting2","Halt"],"picked":"SKIP","floor":8.0},{"not_picked":["Fasting2","Halt"],"picked":"Wallop","floor":8.0},{"not_picked":["SashWhip","Swivel"],"picked":"CrushJoints","floor":10.0},{"not_picked":["Fasting2","JustLucky"],"picked":"Meditate","floor":11.0},{"not_picked":["FlyingSleeves","JustLucky"],"picked":"MentalFortress","floor":14.0},{"not_picked":["Omniscience","Establishment"],"picked":"DeusExMachina","floor":16.0},{"not_picked":["Crescendo","Prostrate"],"picked":"FlurryOfBlows","floor":18.0},{"not_picked":["EmptyBody","ThirdEye","JustLucky+1"],"picked":"SKIP","floor":22.0},{"not_picked":["FlurryOfBlows","BowlingBash"],"picked":"FearNoEvil","floor":27.0},{"not_picked":["Perseverance","Evaluate","SashWhip"],"picked":"Singing Bowl","floor":28.0},{"not_picked":["MasterReality","ConjureBlade","Wish"],"picked":"Singing Bowl","floor":33.0},{"not_picked":["ClearTheMind","Nirvana+1","Evaluate"],"picked":"Singing Bowl","floor":35.0},{"not_picked":["Sanctity+1","Collect+1","Consecrate"],"picked":"Singing Bowl","floor":39.0}],"player_experience":543425,"relics_obtained":[{"floor":6.0,"key":"Du-Vu Doll"},{"floor":9.0,"key":"Shovel"},{"floor":11.0,"key":"Dead Branch"},{"floor":12.0,"key":"WingedGreaves"},{"floor":13.0,"key":"Smiling Mask"},{"floor":15.0,"key":"Toy Ornithopter"},{"floor":23.0,"key":"MawBank"},{"floor":24.0,"key":"Singing Bowl"},{"floor":26.0,"key":"Meat on the Bone"},{"floor":27.0,"key":"StrikeDummy"},{"floor":29.0,"key":"Art of War"},{"floor":32.0,"key":"MealTicket"}],"event_choices":[{"damage_healed":0.0,"max_hp_gain":0.0,"max_hp_loss":0.0,"gold_gain":0.0,"event_name":"Golden Idol","player_choice":"Take Damage","floor":4.0,"gold_loss":0.0,"damage_taken":23.0,"relics_obtained":["Golden Idol"]},{"cards_removed":["Strike_P"],"damage_healed":0.0,"max_hp_gain":0.0,"max_hp_loss":0.0,"gold_gain":0.0,"event_name":"Golden Wing","player_choice":"Card Removal","floor":5.0,"gold_loss":0.0,"damage_taken":7.0},{"cards_removed":["Strike_P"],"damage_healed":0.0,"max_hp_gain":0.0,"max_hp_loss":0.0,"gold_gain":0.0,"event_name":"Back to Basics","player_choice":"Elegance","floor":20.0,"gold_loss":0.0,"damage_taken":0.0},{"damage_healed":0.0,"max_hp_gain":0.0,"max_hp_loss":0.0,"gold_gain":0.0,"event_name":"Vampires","player_choice":"Ignored","floor":21.0,"gold_loss":0.0,"damage_taken":0.0},{"damage_healed":0.0,"max_hp_gain":0.0,"max_hp_loss":0.0,"gold_gain":0.0,"event_name":"Drug Dealer","player_choice":"Inject Mutagens","floor":31.0,"gold_loss":0.0,"damage_taken":0.0,"relics_obtained":["MutagenicStrength"]},{"cards_removed":["Indignation"],"damage_healed":0.0,"max_hp_gain":0.0,"max_hp_loss":0.0,"gold_gain":0.0,"event_name":"Falling","player_choice":"Removed Skill","floor":36.0,"gold_loss":0.0,"damage_taken":0.0},{"damage_healed":0.0,"max_hp_gain":0.0,"max_hp_loss":0.0,"gold_gain":0.0,"cards_transformed":["CrushJoints"],"event_name":"Transmorgrifier","player_choice":"Transformed","floor":38.0,"gold_loss":0.0,"damage_taken":0.0,"cards_obtained":["FearNoEvil"]}],"is_beta":false,"boss_relics":[{"not_picked":["Tiny House","Busted Crown"],"picked":"SlaversCollar"},{"not_picked":["VioletLotus","Cursed Key"],"picked":"Empty Cage"}],"items_purged_floors":[2,19,25,30,37],"is_endless":false,"potions_floor_spawned":[3,10,11,22,28,33,35],"killed_by":"Reptomancer","ascension_level":20}}