{"host":"1mv6gj0zv8k9e9tz","time":1611912628,"event":{"mods":["AchievementEnabler","BaseMod","Better Third Choice","Colored Map","KOR Keyword Fix","Minty Spire (QoL Compilation)","Permanent Neow","Rare Cards Sparkle","StSLib"],"gold_per_floor":[113,132,82,157,169,201,201,201,201,226,240,240,266,284,284,284,284],"floor_reached":16,"language":"KOR","playtime":519,"items_purged":[],"score":156,"play_id":"fed42077-77ad-46f0-8d58-d1b61bc443c7","local_time":"20210129183028","is_ascension_mode":true,"campfire_choices":[{"data":"Eruption","floor":8.0,"key":"SMITH"},{"floor":12.0,"key":"REST"},{"data":"CrushJoints","floor":15,"key":"SMITH"}],"circlet_count":0,"master_deck":["Strike_P","Strike_P","Defend_P","Defend_P","Eruption+1","Vigilance","Consecrate","FlurryOfBlows","Tantrum","CrushJoints+1"],"relics":["Empty Cage","Damaru","Pear","Tiny Chest","Mummified Hand"],"acts_visited":["Exordium"],"potions_floor_usage":[16,16],"damage_taken":[{"damage":0.0,"enemies":"Jaw Worm","floor":1.0,"turns":3.0},{"damage":5.0,"enemies":"2 Louse","floor":2.0,"turns":2.0},{"damage":0.0,"enemies":"Small Slimes","floor":5.0,"turns":2.0},{"damage":26.0,"enemies":"Lagavulin","floor":6.0,"turns":7.0},{"damage":22.0,"enemies":"3 Sentries","floor":10.0,"turns":3.0},{"damage":5.0,"enemies":"Gremlin Gang","floor":11.0,"turns":3.0},{"damage":15,"enemies":"Lagavulin","floor":13,"turns":5},{"damage":0,"enemies":"Blue Slaver","floor":14,"turns":2},{"damage":16,"enemies":"The Guardian","floor":16,"turns":7}],"seed_played":"-4529951929331519269","potions_obtained":[{"floor":2.0,"key":"BlessingOfTheForge"},{"floor":6.0,"key":"Energy Potion"},{"floor":11.0,"key":"BlessingOfTheForge"},{"floor":13,"key":"Explosive Potion"}],"is_trial":false,"path_per_floor":["M","M","?","?","M","E","?","R","T","E","M","R","E","M","R","B"],"character_chosen":"WATCHER","items_purchased":[],"campfire_rested":1,"item_purchase_floors":[],"current_hp_per_floor":[65,60,60,49,49,23,23,23,33,11,6,30,15,15,15,0,0],"gold":284,"neow_bonus":"BOSS_RELIC","is_daily":false,"chose_seed":false,"campfire_upgraded":2,"win_rate":0.0,"timestamp":1611912628,"path_taken":["M","M","?","?","M","E","?","R","T","E","M","R","E","M","R","BOSS"],"items_purchased_type":[],"build_version":"2020-12-22","purchased_purges":0,"victory":false,"max_hp_per_floor":[72,72,72,72,72,72,72,72,82,82,82,82,82,82,82,82,82],"card_choices":[{"not_picked":["EmptyFist","Sanctity"],"picked":"Consecrate","floor":1.0},{"not_picked":["Pray","Sanctity","Crescendo"],"picked":"SKIP","floor":2.0},{"not_picked":["EmptyFist","CutThroughFate"],"picked":"FlurryOfBlows","floor":5.0},{"not_picked":["FollowUp","Study"],"picked":"Tantrum","floor":6.0},{"not_picked":["ThirdEye","Weave","Evaluate"],"picked":"SKIP","floor":10.0},{"not_picked":["ForeignInfluence","ClearTheMind","Evaluate"],"picked":"SKIP","floor":11.0},{"not_picked":["Ragnarok","Conclude","DevaForm"],"picked":"SKIP","floor":13},{"not_picked":["PathToVictory","EmptyBody","Meditate"],"picked":"SKIP","floor":14}],"player_experience":586604,"relics_obtained":[{"floor":6.0,"key":"Damaru"},{"floor":9.0,"key":"Pear"},{"floor":10.0,"key":"Tiny Chest"},{"floor":13,"key":"Mummified Hand"}],"event_choices":[{"cards_removed":["Strike_P"],"damage_healed":0.0,"max_hp_gain":0.0,"max_hp_loss":0.0,"gold_gain":0.0,"event_name":"The Cleric","player_choice":"Card Removal","floor":3.0,"gold_loss":50.0,"damage_taken":0.0},{"damage_healed":0.0,"max_hp_gain":0.0,"max_hp_loss":0.0,"gold_gain":75.0,"event_name":"betterThird:BetterGoop","player_choice":"Gold","floor":4.0,"gold_loss":0.0,"damage_taken":11.0},{"damage_healed":0.0,"max_hp_gain":0.0,"max_hp_loss":0.0,"gold_gain":0.0,"cards_transformed":["Strike_P"],"event_name":"Living Wall","player_choice":"Change","floor":7.0,"gold_loss":0.0,"damage_taken":0.0,"cards_obtained":["CrushJoints"]}],"is_beta":false,"boss_relics":[],"items_purged_floors":[],"is_endless":false,"potions_floor_spawned":[2,6,11,13],"killed_by":"The Guardian","ascension_level":6}}