{"host":"yn1175etg9ni8l0q","time":1611929432,"event":{"mods":["AchievementEnabler","BaseMod","Colored Map","Colored Powertips","DeckTracker","Minty Spire (QoL Compilation)","Rare Cards Sparkle","Relic Stats","SuperFastMode","everything is the same but u backflip on backflip"],"gold_per_floor":[110,120,120,195,208,208,208,158,158,158,174,193,193,204,204,300,300,319,53,503,517,103,103,119,44,69,69,69,83,83,83,83,185,235,249,249,267,287,162,162,173,184,184,184,234,234,248,29,29,29,29],"floor_reached":50,"language":"KOR","playtime":1448,"items_purged":["Strike_B","Strike_B","Defend_B","Strike_B+1"],"score":482,"play_id":"0556d313-b97e-463a-804c-63d16cbef274","local_time":"20210129231032","is_ascension_mode":false,"campfire_choices":[{"data":"Zap","floor":6,"key":"SMITH"},{"data":"Dualcast","floor":10,"key":"SMITH"},{"floor":13,"key":"RECALL"},{"floor":15,"key":"REST"},{"data":"Apotheosis","floor":23,"key":"SMITH"},{"data":"Seek","floor":28,"key":"SMITH"},{"floor":30,"key":"REST"},{"data":"Hologram","floor":32,"key":"SMITH"},{"data":"Ghostly","floor":40,"key":"SMITH"},{"data":"Coolheaded","floor":46,"key":"SMITH"},{"floor":49,"key":"REST"}],"circlet_count":0,"master_deck":["Defend_B","Zap+1","Dualcast+1","Multi-Cast+1","Sweeping Beam+1","Seek+1","Turbo+1","Apotheosis+1","Hologram+1","Cold Snap","Self Repair+1","Heatsinks+1","Ghostly+1","Ghostly","Ghostly","Ghostly","Ghostly","Core Surge","Ball Lightning","Parasite","Consume+1","Coolheaded+1","Turbo","Chill"],"relics":["Cracked Core","Letter Opener","Inserter","Frozen Egg 2","Juzu Bracelet","Tiny House","Gremlin Horn","TungstenRod"],"acts_visited":["Exordium","TheCity","TheBeyond"],"potions_floor_usage":[16,18,18,41,41,50],"damage_taken":[{"damage":0,"enemies":"Small Slimes","floor":1,"turns":3},{"damage":6,"enemies":"Jaw Worm","floor":2,"turns":3},{"damage":0,"enemies":"2 Louse","floor":5,"turns":1},{"damage":6,"enemies":"Large Slime","floor":11,"turns":3},{"damage":2,"enemies":"Blue Slaver","floor":12,"turns":2},{"damage":8,"enemies":"Red Slaver","floor":14,"turns":2},{"damage":40,"enemies":"The Guardian","floor":16,"turns":11},{"damage":0,"enemies":"3 Byrds","floor":18,"turns":2},{"damage":2,"enemies":"Chosen","floor":21,"turns":3},{"damage":21,"enemies":"Shelled Parasite and Fungi","floor":24,"turns":7},{"damage":13,"enemies":"Snecko","floor":29,"turns":10},{"damage":22,"enemies":"Collector","floor":33,"turns":16},{"damage":1,"enemies":"Orb Walker","floor":35,"turns":5},{"damage":14,"enemies":"3 Darklings","floor":37,"turns":7},{"damage":2,"enemies":"Transient","floor":38,"turns":5},{"damage":0,"enemies":"Writhing Mass","floor":41,"turns":6},{"damage":35,"enemies":"Maw","floor":42,"turns":9},{"damage":13,"enemies":"Mind Bloom Boss Battle","floor":45,"turns":8},{"damage":7,"enemies":"Spire Growth","floor":47,"turns":6},{"damage":45,"enemies":"Donu and Deca","floor":50,"turns":8}],"seed_played":"-1888476438112885972","potions_obtained":[{"floor":11,"key":"Explosive Potion"},{"floor":12,"key":"Explosive Potion"},{"floor":14,"key":"ColorlessPotion"},{"floor":24,"key":"Fire Potion"},{"floor":34,"key":"DistilledChaos"},{"floor":37,"key":"LiquidMemories"},{"floor":42,"key":"Swift Potion"}],"is_trial":false,"path_per_floor":["M","M","?","?","M","R","?","?","T","R","M","M","R","M","R","B",null,"M","$","?","M","$","R","M","?","T","?","R","M","R","?","R","B",null,"M","?","M","M","$","R","M","M","T","?","?","R","M","$","R","B"],"character_chosen":"DEFECT","items_purchased":["Apotheosis","Hologram","Frozen Egg 2","Self Repair+1","Chill"],"campfire_rested":3,"item_purchase_floors":[19,19,22,22,48],"current_hp_per_floor":[75,69,54,43,43,43,43,43,43,43,37,35,35,27,49,9,75,75,75,29,27,27,27,16,16,16,16,16,13,24,24,24,12,42,42,42,38,42,42,42,42,17,17,17,14,14,17,17,29,0,0],"gold":29,"neow_bonus":"ONE_RANDOM_RARE_CARD","is_daily":false,"chose_seed":false,"campfire_upgraded":7,"win_rate":0.0,"timestamp":1611929432,"path_taken":["M","M","?","?","?","R","?","?","T","R","M","M","R","M","R","BOSS","M","$","?","M","$","R","?","?","T","?","R","M","R","?","R","BOSS","M","?","M","M","$","R","M","M","T","?","?","R","M","?","R","BOSS"],"items_purchased_type":["Card","Card","Relic","Card","Card"],"build_version":"2020-12-22","purchased_purges":4,"victory":false,"max_hp_per_floor":[75,75,75,75,75,75,75,75,75,75,75,75,75,75,75,75,75,75,75,75,75,75,75,75,75,75,37,37,37,37,37,37,37,42,42,42,42,42,42,42,42,42,42,40,40,40,40,40,40,40,40],"relic_stats":{"Inserter":[45],"Gremlin Horn":[0,0],"counters":[20,117],"Juzu Bracelet":0,"Letter Opener":[313],"obtain_stats":[{"Inserter":17,"Tiny House":34,"Gremlin Horn":43,"Juzu Bracelet":26,"Letter Opener":9,"Frozen Egg 2":22,"Cracked Core":0,"TungstenRod":45},{"Inserter":7,"Tiny House":12,"Gremlin Horn":17,"Juzu Bracelet":10,"Letter Opener":3,"Frozen Egg 2":9,"Cracked Core":0,"TungstenRod":18},{"Inserter":25,"Tiny House":63,"Gremlin Horn":95,"Juzu Bracelet":37,"Letter Opener":7,"Frozen Egg 2":30,"Cracked Core":0,"TungstenRod":103}],"TungstenRod":6},"card_choices":[{"not_picked":["Streamline","Gash","Stack"],"picked":"SKIP","floor":1},{"not_picked":["Stack","Chaos"],"picked":"Sweeping Beam","floor":2},{"not_picked":["Darkness","Rebound","White Noise"],"picked":"SKIP","floor":5},{"not_picked":["Streamline","Beam Cell","Heatsinks"],"picked":"SKIP","floor":11},{"not_picked":["Stack","Streamline","Rebound"],"picked":"SKIP","floor":12},{"not_picked":["Static Discharge","Beam Cell","Blizzard"],"picked":"SKIP","floor":14},{"not_picked":["Fission","Meteor Strike"],"picked":"Seek","floor":16},{"not_picked":["Rebound","Compile Driver"],"picked":"Turbo","floor":18},{"not_picked":["Redo","Leap"],"picked":"Cold Snap","floor":21},{"not_picked":["Gash","Conserve Battery"],"picked":"Heatsinks+1","floor":24},{"not_picked":["Capacitor+1","Conserve Battery","Go for the Eyes"],"picked":"SKIP","floor":29},{"not_picked":["Hyperbeam","Multi-Cast"],"picked":"Core Surge","floor":33},{"not_picked":["Stack","Streamline+1","Compile Driver+1"],"picked":"SKIP","floor":35},{"not_picked":["Barrage+1","Streamline+1","Cold Snap"],"picked":"SKIP","floor":37},{"not_picked":["Redo+1","FTL"],"picked":"Ball Lightning","floor":38},{"not_picked":["Go for the Eyes","Heatsinks+1","Meteor Strike"],"picked":"SKIP","floor":41},{"not_picked":["Gash+1","Stack"],"picked":"Consume+1","floor":42},{"not_picked":["Rebound","Gash"],"picked":"Coolheaded","floor":45},{"not_picked":["Conserve Battery+1","Rebound+1"],"picked":"Turbo","floor":47}],"player_experience":361151,"relics_obtained":[{"floor":9,"key":"Letter Opener"},{"floor":26,"key":"Juzu Bracelet"},{"floor":43,"key":"Gremlin Horn"},{"floor":45,"key":"TungstenRod"}],"event_choices":[{"damage_healed":0,"gold_gain":0,"player_choice":"Entered Light","damage_taken":15,"max_hp_gain":0,"max_hp_loss":0,"event_name":"Shining Light","floor":3,"gold_loss":0,"cards_upgraded":["Strike_B","Sweeping Beam"]},{"damage_healed":0,"gold_gain":75,"player_choice":"Gather Gold","damage_taken":11,"max_hp_gain":0,"max_hp_loss":0,"event_name":"World of Goop","floor":4,"gold_loss":0},{"damage_healed":0,"gold_gain":0,"player_choice":"Grow","damage_taken":0,"max_hp_gain":0,"max_hp_loss":0,"event_name":"Living Wall","floor":7,"gold_loss":0,"cards_upgraded":["Multi-Cast"]},{"cards_removed":["Strike_B"],"damage_healed":0,"gold_gain":0,"player_choice":"Card Removal","damage_taken":0,"max_hp_gain":0,"max_hp_loss":0,"event_name":"The Cleric","floor":8,"gold_loss":50},{"damage_healed":0,"gold_gain":450,"player_choice":"GOLD GOLD GOLD GOLD GOLD ","damage_taken":46,"max_hp_gain":0,"max_hp_loss":0,"event_name":"Knowing Skull","floor":20,"potions_obtained":[],"gold_loss":0,"cards_obtained":[]},{"cards_removed":["Defend_B"],"damage_healed":0,"gold_gain":0,"player_choice":"Gave Gold","damage_taken":0,"max_hp_gain":0,"max_hp_loss":0,"event_name":"Beggar","floor":25,"gold_loss":75},{"damage_healed":0,"gold_gain":0,"player_choice":"Became a Ghost","damage_taken":0,"max_hp_gain":0,"max_hp_loss":38,"event_name":"Ghosts","floor":27,"gold_loss":0,"cards_obtained":["Ghostly","Ghostly","Ghostly","Ghostly","Ghostly"]},{"cards_removed":["Defend_B"],"damage_healed":0,"gold_gain":0,"player_choice":"Elegance","damage_taken":0,"max_hp_gain":0,"max_hp_loss":0,"event_name":"Back to Basics","floor":31,"gold_loss":0},{"damage_healed":0,"gold_gain":0,"player_choice":"Ignored","damage_taken":0,"max_hp_gain":0,"max_hp_loss":0,"event_name":"Tomb of Lord Red Mask","floor":36,"gold_loss":0},{"damage_healed":0,"gold_gain":0,"player_choice":"Max HP","damage_taken":0,"max_hp_gain":0,"max_hp_loss":2,"event_name":"Winding Halls","floor":44,"gold_loss":0},{"damage_healed":0,"gold_gain":0,"player_choice":"Fight","damage_taken":0,"max_hp_gain":0,"max_hp_loss":0,"event_name":"MindBloom","floor":45,"gold_loss":0}],"is_beta":false,"boss_relics":[{"not_picked":["Empty Cage","Ectoplasm"],"picked":"Inserter"},{"not_picked":["Coffee Dripper","Runic Dome"],"picked":"Tiny House"}],"items_purged_floors":[19,22,39,48],"is_endless":false,"potions_floor_spawned":[11,12,14,24,37,38,42],"killed_by":"Donu and Deca","ascension_level":0}}