{"host":"6rz02yiipefhcw4r","time":1611920687,"event":{"mods":["2.2 Compatiblity","BaseMod","Block Reminder","Colored Map","Curses Come First","DeckTracker","Googly Eyes","Minty Spire (QoL Compilation)","Quick Restart","Rare Cards Sparkle","StSLib"],"gold_per_floor":[112,112,112,112,387,387,418,437,437,463,463,71,71,89,89,163,163,174,186,186,213,239,251,292,304,341,267,283,62,62,62],"floor_reached":30,"language":"ENG","playtime":1083,"items_purged":["Regret"],"score":662,"play_id":"4b1afea3-b579-43cd-b9f2-7abe8fb7e49e","local_time":"20210129094447","is_ascension_mode":true,"campfire_choices":[{"data":"Perfected Strike","floor":6.0,"key":"SMITH"},{"data":"Bash","floor":11.0,"key":"SMITH"},{"data":"Pommel Strike","floor":15.0,"key":"SMITH"},{"data":"Demon Form","floor":23.0,"key":"SMITH"},{"floor":25.0,"key":"REST"}],"circlet_count":0,"master_deck":["AscendersBane","Strike_R","Strike_R","Strike_R","Strike_R","Strike_R","Defend_R","Defend_R","Defend_R","Defend_R","Bash+1","Perfected Strike+1","Pommel Strike+1","Pommel Strike","Twin Strike","Headbutt","Wild Strike","Demon Form+1","Shrug It Off","Flame Barrier+1","True Grit","Perfected Strike","True Grit","Heavy Blade","Pommel Strike+1","Limit Break","Intimidate"],"relics":["Burning Blood","NeowsBlessing","MealTicket","Strawberry","Shuriken","HornCleat","Gremlin Horn","Happy Flower","Runic Pyramid","MawBank","Turnip","Nunchaku"],"acts_visited":["Exordium","TheCity"],"potions_floor_usage":[],"damage_taken":[{"damage":0.0,"enemies":"Cultist","floor":1.0,"turns":1.0},{"damage":0.0,"enemies":"Lagavulin","floor":7.0,"turns":1.0},{"damage":0.0,"enemies":"Jaw Worm","floor":8.0,"turns":1.0},{"damage":37.0,"enemies":"3 Sentries","floor":10.0,"turns":9.0},{"damage":4.0,"enemies":"2 Louse","floor":14.0,"turns":2.0},{"damage":0.0,"enemies":"Slime Boss","floor":16.0,"turns":4.0},{"damage":22.0,"enemies":"Spheric Guardian","floor":18.0,"turns":4.0},{"damage":25.0,"enemies":"Shell Parasite","floor":19.0,"turns":5.0},{"damage":8.0,"enemies":"Chosen and Byrds","floor":21.0,"turns":6.0},{"damage":17.0,"enemies":"Centurion and Healer","floor":22.0,"turns":6.0},{"damage":12.0,"enemies":"Gremlin Leader","floor":24.0,"turns":7.0},{"damage":33.0,"enemies":"Shelled Parasite and Fungi","floor":28.0,"turns":7.0},{"damage":0,"enemies":"Book of Stabbing","floor":30,"turns":1}],"seed_played":"-490571190642818953","potions_obtained":[{"floor":7.0,"key":"HeartOfIron"},{"floor":8.0,"key":"LiquidMemories"},{"floor":19.0,"key":"BlessingOfTheForge"},{"floor":21.0,"key":"PowerPotion"},{"floor":22.0,"key":"DuplicationPotion"},{"floor":28.0,"key":"PowerPotion"}],"is_trial":false,"path_per_floor":["M","?","$","?","?","R","E","M","T","E","R","$","T","M","R","B",null,"M","M","?","M","M","R","E","R","T","$","M","$","E"],"character_chosen":"IRONCLAD","items_purchased":["Gremlin Horn","Headbutt","True Grit","Heavy Blade","Limit Break","Intimidate"],"campfire_rested":1,"item_purchase_floors":[12,12,27,27,29,29],"current_hp_per_floor":[74,56,71,71,71,71,82,82,82,51,51,66,66,68,68,74,80,64,45,45,43,32,32,26,50,50,65,38,53,53,53],"gold":62,"neow_bonus":"THREE_ENEMY_KILL","is_daily":false,"chose_seed":false,"campfire_upgraded":4,"win_rate":0.0,"timestamp":1611920687,"path_taken":["M","?","$","?","?","R","E","?","T","E","R","$","?","M","R","BOSS","M","M","?","M","?","R","E","R","T","$","M","$","E"],"items_purchased_type":["Relic","Card","Card","Card","Card","Card"],"build_version":"2020-12-22","purchased_purges":1,"victory":false,"max_hp_per_floor":[75,75,75,75,75,75,82,82,82,82,82,82,82,82,82,82,82,82,82,82,82,82,82,82,82,82,82,82,82,82,82],"card_choices":[{"not_picked":["Clash","Heavy Blade"],"picked":"Perfected Strike","floor":1.0},{"not_picked":["Intimidate","Flex"],"picked":"Pommel Strike","floor":7.0},{"not_picked":["Havoc","Metallicize"],"picked":"Pommel Strike","floor":8.0},{"not_picked":["Impervious","Havoc"],"picked":"Twin Strike","floor":10.0},{"not_picked":["Rampage","Armaments"],"picked":"Wild Strike","floor":14.0},{"not_picked":["Bludgeon","Exhume"],"picked":"Demon Form","floor":16.0},{"not_picked":["Havoc","Feel No Pain"],"picked":"Shrug It Off","floor":18.0},{"not_picked":["Body Slam","Havoc"],"picked":"Flame Barrier+1","floor":19.0},{"not_picked":["Reckless Charge","Body Slam"],"picked":"True Grit","floor":21.0},{"not_picked":["Entrench","Warcry","Carnage"],"picked":"SKIP","floor":22.0},{"not_picked":["Flex+1","Berserk"],"picked":"Perfected Strike","floor":24.0},{"not_picked":["Sword Boomerang","Entrench"],"picked":"Pommel Strike+1","floor":28.0}],"player_experience":758841,"relics_obtained":[{"floor":7.0,"key":"Strawberry"},{"floor":9.0,"key":"Shuriken"},{"floor":10.0,"key":"HornCleat"},{"floor":13.0,"key":"Happy Flower"},{"floor":20.0,"key":"MawBank"},{"floor":24.0,"key":"Turnip"},{"floor":26.0,"key":"Nunchaku"}],"event_choices":[{"damage_healed":0.0,"max_hp_gain":0.0,"max_hp_loss":0.0,"gold_gain":0.0,"event_name":"Scrap Ooze","player_choice":"Success","floor":2.0,"gold_loss":0.0,"damage_taken":18.0,"relics_obtained":["MealTicket"]},{"damage_healed":0.0,"max_hp_gain":0.0,"max_hp_loss":0.0,"gold_gain":0.0,"event_name":"The Cleric","player_choice":"Leave","floor":4.0,"gold_loss":0.0,"damage_taken":0.0},{"damage_healed":0.0,"max_hp_gain":0.0,"max_hp_loss":0.0,"gold_gain":275.0,"event_name":"Golden Shrine","player_choice":"Desecrate","floor":5.0,"gold_loss":0.0,"damage_taken":0.0,"cards_obtained":["Regret"]},{"damage_healed":0.0,"max_hp_gain":0.0,"max_hp_loss":0.0,"gold_gain":0.0,"event_name":"Wheel of Change","player_choice":"Relic","floor":20.0,"gold_loss":0.0,"damage_taken":0.0}],"is_beta":false,"boss_relics":[{"not_picked":["Astrolabe","Runic Dome"],"picked":"Runic Pyramid"}],"items_purged_floors":[12],"is_endless":false,"potions_floor_spawned":[7,8,10,19,21,22,28],"killed_by":"Book of Stabbing","ascension_level":20}}