{"host":"0cnpp25a4xqhnyrs","time":1611881356,"event":{"mods":["BaseMod","BetterRewards","DeckTracker","Downfall","Minty Spire (QoL Compilation)","Quick Restart","StSLib","Transform Curses"],"gold_per_floor":[112,126,145,157,120,155,155,184,184,202,202,215,232,232,232,332,332,351,351,400,400,233,233,246,277,277,277,291,291,301,318,318,422,422,439,456,210,210,260,286,53,53,53,72,72,103,113,139,139,139],"floor_reached":51,"language":"ENG","playtime":6015,"items_purged":["Well Laid Plans"],"score":842,"play_id":"467b4654-9b71-45ce-b39c-1c631adc6219","local_time":"20210128184916","daily_mods":["Draft","Heirloom","downfall:Jewelcrafting","downfall:ChampStances","DeadlyEvents","Elite Swarm"],"is_ascension_mode":false,"campfire_choices":[{"floor":7,"key":"REST"},{"floor":15,"key":"REST"},{"data":"Catalyst","floor":23,"key":"SMITH"},{"data":"Burst","floor":27,"key":"SMITH"},{"data":"A Thousand Cuts","floor":29,"key":"SMITH"},{"floor":32,"key":"REST"},{"data":"Accuracy","floor":45,"key":"SMITH"},{"data":"Catalyst","floor":49,"key":"SMITH"}],"circlet_count":0,"master_deck":["Guardian:ExploitGems","Guardian:ExploitGems","Backstab","Catalyst+1","Deadly Poison","Bouncing Flask","Slice","Bane+1","Bane","Blade Dance","Blade Dance","Backflip","Cloak And Dagger","Poisoned Stab+1","Deflect","Infinite Blades","Prepared","Flying Knee","Terror","Slice","Leg Sweep","Burst+1","Phantasmal Killer","Predator","Deflect","Terror","Venomology","Slice","Noxious Fumes","Slice","Dark Shackles","A Thousand Cuts+1","Outmaneuver","Accuracy+1","Prepared","Catalyst+1","Acrobatics+1","Flash of Steel","Madness","Madness","Night Terror","Adrenaline","Blade Dance+1"],"relics":["Ring of the Snake","Guardian:PickAxe","champ:ChampStancesModRelic","Peace Pipe","InkBottle","Toy Ornithopter","The Courier","Guardian:GemstoneGun","Philosopher\u0027s Stone","MutagenicStrength","bronze:BronzeIdol","Thread and Needle","Bottled Tornado","SlaversCollar","Sling","Ginger","Centennial Puzzle","Strange Spoon","Whetstone","Blue Candle","Eternal Feather","Ice Cream","hexamod:Sixitude"],"acts_visited":["Exordium","TheCity","TheBeyond"],"potions_floor_usage":[13,16,25,36,39,39,40,50,50,50,50],"damage_taken":[{"damage":0,"enemies":"2 Louse","floor":1,"turns":1},{"damage":0,"enemies":"Small Slimes","floor":2,"turns":2},{"damage":0,"enemies":"Jaw Worm","floor":3,"turns":2},{"damage":6,"enemies":"3 Louse","floor":4,"turns":3},{"damage":15,"enemies":"Lagavulin","floor":6,"turns":4},{"damage":13,"enemies":"3 Sentries","floor":8,"turns":5},{"damage":0,"enemies":"Looter","floor":10,"turns":2},{"damage":10,"enemies":"Large Slime","floor":12,"turns":3},{"damage":0,"enemies":"Red Slaver","floor":13,"turns":1},{"damage":0,"enemies":"The Guardian","floor":16,"turns":5},{"damage":2,"enemies":"Shell Parasite","floor":18,"turns":2},{"damage":4,"enemies":"Chosen","floor":24,"turns":2},{"damage":18,"enemies":"Slavers","floor":25,"turns":2},{"damage":0,"enemies":"Snake Plant","floor":28,"turns":2},{"damage":10,"enemies":"Centurion and Healer","floor":30,"turns":2},{"damage":0,"enemies":"3 Cultists","floor":31,"turns":3},{"damage":28,"enemies":"Automaton","floor":33,"turns":5},{"damage":36,"enemies":"3 Shapes","floor":35,"turns":2},{"damage":0,"enemies":"3 Darklings","floor":36,"turns":3},{"damage":8,"enemies":"Mind Bloom Boss Battle","floor":39,"turns":4},{"damage":1,"enemies":"Reptomancer","floor":40,"turns":3},{"damage":0,"enemies":"Transient","floor":44,"turns":5},{"damage":11,"enemies":"Nemesis","floor":46,"turns":2},{"damage":0,"enemies":"Writhing Mass","floor":47,"turns":3},{"damage":0,"enemies":"Giant Head","floor":48,"turns":4},{"damage":44,"enemies":"Donu and Deca","floor":50,"turns":5}],"seed_played":"-2540986282362898073","potions_obtained":[{"floor":1,"key":"Block Potion"},{"floor":3,"key":"Strength Potion"},{"floor":10,"key":"Block Potion"},{"floor":18,"key":"ColorlessPotion"},{"floor":24,"key":"Dexterity Potion"},{"floor":25,"key":"bronze:BurnAndBuffPotion"},{"floor":31,"key":"GhostInAJar"},{"floor":40,"key":"SteroidPotion"},{"floor":44,"key":"Energy Potion"},{"floor":46,"key":"EntropicBrew"}],"is_trial":true,"path_per_floor":["M","M","M","M","$","E","R","E","T","M","?","M","M","$","R","B",null,"M","?","T","?","$","R","M","E","T","R","M","R","M","M","R","B",null,"M","M","$","?","?","E","$","T","T","M","R","E","M","E","R","B",null],"character_chosen":"THE_SILENT","items_purchased":["Leg Sweep","Noxious Fumes","Slice","Dark Shackles","Sling","Flash of Steel","Strange Spoon","Whetstone"],"campfire_rested":3,"item_purchase_floors":[5,22,22,22,37,37,41,41],"current_hp_per_floor":[70,70,70,64,64,49,70,57,57,57,54,54,59,59,70,70,70,68,68,68,68,68,68,64,51,51,51,51,51,41,41,62,34,70,34,39,39,30,37,41,41,41,41,41,65,54,54,54,70,43],"gold":139,"neow_bonus":"","is_daily":false,"chose_seed":false,"campfire_upgraded":5,"win_rate":0.0,"timestamp":1611881356,"path_taken":["M","M","M","M","$","E","R","E","T","M","?","M","M","$","R","BOSS","M","?","?","?","$","R","?","E","T","R","M","R","M","M","R","BOSS","M","M","$","?","?","E","$","?","T","M","R","E","M","E","R","BOSS"],"items_purchased_type":["Card","Card","Card","Card","Relic","Card","Relic","Relic"],"build_version":"2020-12-22","purchased_purges":1,"victory":true,"max_hp_per_floor":[70,70,70,70,70,70,70,70,70,70,70,70,70,70,70,70,70,70,70,70,70,70,70,70,70,70,70,70,70,70,70,70,70,70,70,70,70,70,70,70,70,70,70,70,70,70,70,70,70,70],"card_choices":[{"not_picked":["Eviscerate","Crippling Poison"],"picked":"Backstab","floor":0},{"not_picked":["Dodge and Roll","PiercingWail"],"picked":"Catalyst","floor":0},{"not_picked":["Endless Agony","Sucker Punch"],"picked":"Deadly Poison","floor":0},{"not_picked":["Blade Dance","Dodge and Roll"],"picked":"Bouncing Flask","floor":0},{"not_picked":["Calculated Gamble","Caltrops"],"picked":"Slice","floor":0},{"not_picked":["Deadly Poison","Caltrops"],"picked":"Bane","floor":0},{"not_picked":["Acrobatics","Distraction"],"picked":"Bane","floor":0},{"not_picked":["Cloak And Dagger","Flying Knee"],"picked":"Blade Dance","floor":0},{"not_picked":["Sucker Punch","Outmaneuver"],"picked":"Blade Dance","floor":0},{"not_picked":["Slice","Flying Knee"],"picked":"Backflip","floor":0},{"not_picked":["Dagger Spray","Outmaneuver"],"picked":"Cloak And Dagger","floor":0},{"not_picked":["Reflex","Caltrops"],"picked":"Poisoned Stab","floor":0},{"not_picked":["Flechettes","Expertise"],"picked":"Deflect","floor":0},{"not_picked":["Quick Slash","Outmaneuver"],"picked":"Infinite Blades","floor":0},{"not_picked":["Concentrate","Cloak And Dagger"],"picked":"Prepared","floor":0},{"not_picked":["Escape Plan","Reflex"],"picked":"Well Laid Plans","floor":1},{"not_picked":["Flechettes","Escape Plan"],"picked":"Flying Knee","floor":2},{"not_picked":["Sucker Punch","Acrobatics"],"picked":"Terror","floor":3},{"not_picked":["PiercingWail","Deadly Poison"],"picked":"Slice","floor":4},{"not_picked":["Night Terror","Die Die Die"],"picked":"Burst","floor":6},{"not_picked":["Doppelganger","Bullet Time"],"picked":"Phantasmal Killer","floor":8},{"not_picked":["Dagger Spray","Cloak And Dagger"],"picked":"Predator","floor":10},{"not_picked":["Deadly Poison","Blur"],"picked":"Deflect","floor":12},{"not_picked":["Slice","Choke"],"picked":"Terror","floor":13},{"not_picked":["Malaise","After Image"],"picked":"Venomology","floor":16},{"not_picked":["Sucker Punch","Acrobatics"],"picked":"Slice","floor":18},{"not_picked":["Dagger Spray","Dagger Throw","Reflex"],"picked":"SKIP","floor":24},{"not_picked":["Adrenaline","Tools of the Trade"],"picked":"A Thousand Cuts","floor":25},{"not_picked":["Acrobatics","PiercingWail"],"picked":"Outmaneuver","floor":28},{"not_picked":["Finisher","Backstab+1"],"picked":"Accuracy","floor":30},{"not_picked":["Escape Plan","Setup"],"picked":"Prepared","floor":31},{"not_picked":["Underhanded Strike+1","Blade Dance+1"],"picked":"Catalyst","floor":35},{"not_picked":["Cloak And Dagger","Footwork+1"],"picked":"Acrobatics+1","floor":36},{"not_picked":["Glass Knife","Wraith Form v2"],"picked":"Night Terror","floor":40},{"not_picked":["Backflip","Acrobatics+1","Bouncing Flask"],"picked":"SKIP","floor":44},{"not_picked":["Venomology","Die Die Die"],"picked":"Adrenaline","floor":46},{"not_picked":["Skewer+1","Backflip+1"],"picked":"Blade Dance+1","floor":47},{"not_picked":["Unload","Wraith Form v2","Tools of the Trade"],"picked":"SKIP","floor":48}],"player_experience":74665,"relics_obtained":[{"floor":6,"key":"InkBottle"},{"floor":8,"key":"Toy Ornithopter"},{"floor":9,"key":"The Courier"},{"floor":20,"key":"bronze:BronzeIdol"},{"floor":25,"key":"Thread and Needle"},{"floor":26,"key":"Bottled Tornado"},{"floor":39,"key":"Ginger"},{"floor":40,"key":"Centennial Puzzle"},{"floor":42,"key":"Blue Candle"},{"floor":43,"key":"Eternal Feather"},{"floor":46,"key":"Ice Cream"},{"floor":48,"key":"hexamod:Sixitude"}],"event_choices":[{"damage_healed":0,"gold_gain":0,"player_choice":"Success","damage_taken":3,"relics_obtained":["Guardian:GemstoneGun"],"max_hp_gain":0,"max_hp_loss":0,"event_name":"Scrap Ooze","floor":11,"gold_loss":0},{"damage_healed":0,"gold_gain":0,"player_choice":"Inject Mutagens","damage_taken":0,"relics_obtained":["MutagenicStrength"],"max_hp_gain":0,"max_hp_loss":0,"event_name":"Drug Dealer","floor":19,"gold_loss":0},{"damage_healed":0,"gold_gain":0,"player_choice":"Ignored","damage_taken":0,"max_hp_gain":0,"max_hp_loss":0,"event_name":"Ghosts","floor":21,"gold_loss":0},{"damage_healed":0,"gold_gain":0,"player_choice":"Embrace Madness","damage_taken":9,"max_hp_gain":0,"max_hp_loss":0,"event_name":"Winding Halls","floor":38,"gold_loss":0,"cards_obtained":["Madness","Madness"]},{"damage_healed":0,"gold_gain":0,"player_choice":"Fight","damage_taken":0,"max_hp_gain":0,"max_hp_loss":0,"event_name":"MindBloom","floor":39,"gold_loss":0}],"is_beta":false,"boss_relics":[{"not_picked":["Tiny House","Coffee Dripper"],"picked":"Philosopher\u0027s Stone"},{"not_picked":["Fusion Hammer","Snecko Eye"],"picked":"SlaversCollar"}],"items_purged_floors":[37],"is_endless":false,"potions_floor_spawned":[1,3,10,18,24,25,30,31,35,40,44,46],"ascension_level":0}}