{"host":"na09lpbrez4gbfiz","time":1611906566,"event":{"mods":["Act Like it!","BaseMod","BetterRewards","Colored Map","Colored Powertips","DeckTracker","Googly Eyes","Highlight Path","Minty Spire (QoL Compilation)","Quick Restart","Spicy Shops","StSLib","SuperFastMode","Synergy Search"],"gold_per_floor":[110,110,127,52,68,84,34,34,34,34,34,46,58,90,90,188,188,205,205,205,62,79,79,79,79],"floor_reached":24,"language":"ENG","playtime":659,"items_purged":["Strike_B"],"score":235,"play_id":"4f92d9e0-7c1c-4fd1-b992-269742d8965f","local_time":"20210129084926","is_ascension_mode":true,"campfire_choices":[{"data":"Streamline","floor":8,"key":"SMITH"},{"data":"Conserve Battery","floor":10,"key":"SMITH"},{"data":"Defragment","floor":15,"key":"SMITH"},{"data":"Buffer","floor":23,"key":"SMITH"}],"circlet_count":0,"master_deck":["Strike_B","Strike_B","Defend_B","Defend_B","Defend_B","Defend_B","Zap","Dualcast","Streamline+1","Conserve Battery+1","Defragment+1","Melter","Buffer+1"],"relics":["Cracked Core","NeowsBlessing","Ancient Tea Set","Blue Candle","Philosopher\u0027s Stone","MealTicket"],"acts_visited":["Exordium","TheCity"],"potions_floor_usage":[12,22,24],"damage_taken":[{"damage":0,"enemies":"Jaw Worm","floor":1,"turns":1},{"damage":0,"enemies":"Cultist","floor":3,"turns":1},{"damage":0,"enemies":"Small Slimes","floor":5,"turns":1},{"damage":6,"enemies":"3 Louse","floor":6,"turns":3},{"damage":6,"enemies":"Exordium Thugs","floor":12,"turns":4},{"damage":3,"enemies":"Blue Slaver","floor":13,"turns":4},{"damage":8,"enemies":"Gremlin Nob","floor":14,"turns":3},{"damage":13,"enemies":"The Guardian","floor":16,"turns":10},{"damage":16,"enemies":"Shell Parasite","floor":18,"turns":4},{"damage":13,"enemies":"Chosen","floor":22,"turns":5},{"damage":63,"enemies":"Gremlin Leader","floor":24,"turns":7}],"seed_played":"3799100438509302627","potions_obtained":[{"floor":1,"key":"SpeedPotion"},{"floor":6,"key":"LiquidMemories"},{"floor":13,"key":"Regen Potion"},{"floor":16,"key":"SkillPotion"},{"floor":22,"key":"Ancient Potion"}],"is_trial":false,"path_per_floor":["M","?","M","$","M","M","?","R","T","R","$","M","M","E","R","B",null,"M","?","?","$","M","R","E"],"character_chosen":"DEFECT","items_purchased":["MealTicket"],"campfire_rested":0,"item_purchase_floors":[21],"current_hp_per_floor":[75,75,75,75,75,69,69,69,69,69,69,63,60,52,52,39,75,59,59,75,75,62,62,0,0],"gold":79,"neow_bonus":"THREE_ENEMY_KILL","is_daily":false,"chose_seed":false,"campfire_upgraded":4,"win_rate":0.0,"timestamp":1611906566,"path_taken":["M","?","?","$","M","?","?","R","T","R","$","M","M","E","R","BOSS","M","?","?","$","?","R","E"],"items_purchased_type":["Relic"],"build_version":"2020-12-22","purchased_purges":1,"victory":false,"max_hp_per_floor":[75,75,75,75,75,75,75,75,75,75,75,75,75,75,75,75,75,75,75,75,75,75,75,75,75],"card_choices":[{"not_picked":["Darkness","Redo","Tempest"],"picked":"SKIP","floor":1},{"not_picked":["Redo","Conserve Battery"],"picked":"Streamline","floor":3},{"not_picked":["Beam Cell","Stack"],"picked":"Conserve Battery","floor":5},{"not_picked":["Steam","Fusion","Rebound"],"picked":"SKIP","floor":6},{"not_picked":["Reinforced Body","Beam Cell"],"picked":"Defragment","floor":12},{"not_picked":["Reinforced Body","Loop"],"picked":"Melter","floor":13},{"not_picked":["Fusion","Cold Snap","Conserve Battery"],"picked":"SKIP","floor":14},{"not_picked":["Thunder Strike","Biased Cognition"],"picked":"Buffer","floor":16},{"not_picked":["Double Energy","Hologram","Sweeping Beam"],"picked":"SKIP","floor":18},{"not_picked":["Beam Cell+1","Steam+1","Sweeping Beam"],"picked":"SKIP","floor":22}],"player_experience":203213,"relics_obtained":[{"floor":9,"key":"Ancient Tea Set"},{"floor":14,"key":"Blue Candle"}],"event_choices":[{"damage_healed":0,"gold_gain":0,"player_choice":"Bought 0 Potions","damage_taken":0,"max_hp_gain":0,"max_hp_loss":0,"event_name":"The Woman in Blue","floor":2,"gold_loss":0},{"cards_removed":["Strike_B"],"damage_healed":0,"gold_gain":0,"player_choice":"Card Removal","damage_taken":0,"max_hp_gain":0,"max_hp_loss":0,"event_name":"The Cleric","floor":7,"gold_loss":50},{"damage_healed":0,"gold_gain":0,"player_choice":"Ignored","damage_taken":0,"max_hp_gain":0,"max_hp_loss":0,"event_name":"Ghosts","floor":19,"gold_loss":0},{"damage_healed":16,"gold_gain":0,"player_choice":"Full Heal","damage_taken":0,"max_hp_gain":0,"max_hp_loss":0,"event_name":"Wheel of Change","floor":20,"gold_loss":0}],"is_beta":false,"boss_relics":[{"not_picked":["Astrolabe","Runic Dome"],"picked":"Philosopher\u0027s Stone"}],"items_purged_floors":[4],"is_endless":false,"potions_floor_spawned":[1,6,13,16,22],"killed_by":"Gremlin Leader","ascension_level":4}}