{"host":"2brg86hfzr3u5cix","time":1611950539,"event":{"mods":["AchievementEnabler","Ascension Unlocker","BaseMod","CapriCore","DeckTracker","Highlight Path","Keyboard Shortcuts","Minty Spire (QoL Compilation)","Permanent Neow","Relic Stats","StSLib","Twitch Utils","Uncapped","UnlockEverythingMod"],"gold_per_floor":[114,134,59,75,85,85,110,110,110,130,205,205,205,215,215,215,215],"floor_reached":16,"language":"KOR","playtime":425,"items_purged":["Strike_P"],"score":204,"play_id":"1f487b07-9ce0-4cce-8bd8-0e52fd1e1b82","local_time":"20210130050219","is_ascension_mode":true,"campfire_choices":[{"data":"Vigilance","floor":6.0,"key":"SMITH"},{"floor":15.0,"key":"DIG"}],"circlet_count":0,"master_deck":["AscendersBane","Strike_P","Strike_P","Strike_P","Defend_P","Defend_P","Defend_P","Defend_P","Eruption+1","Vigilance+1","EmptyFist","FlyingSleeves","CutThroughFate","Collect"],"relics":["PureWater","Shovel","Peace Pipe","The Courier","Art of War","MealTicket"],"acts_visited":["Exordium"],"potions_floor_usage":[16],"damage_taken":[{"damage":0.0,"enemies":"Cultist","floor":1.0,"turns":3.0},{"damage":0.0,"enemies":"Small Slimes","floor":2.0,"turns":2.0},{"damage":0.0,"enemies":"2 Louse","floor":4.0,"turns":1.0},{"damage":22.0,"enemies":"Looter","floor":5.0,"turns":2.0},{"damage":10.0,"enemies":"3 Sentries","floor":7.0,"turns":8.0},{"damage":1.0,"enemies":"2 Fungi Beasts","floor":10.0,"turns":2.0},{"damage":0.0,"enemies":"3 Louse","floor":14.0,"turns":4.0},{"damage":22,"enemies":"Hexaghost","floor":16,"turns":9}],"seed_played":"3078488630872810902","potions_obtained":[{"floor":2.0,"key":"GamblersBrew"},{"floor":14.0,"key":"SteroidPotion"}],"is_trial":false,"path_per_floor":["M","M","$","M","M","R","E","?","T","M","?","?","?","M","R","B"],"character_chosen":"WATCHER","items_purchased":[],"campfire_rested":0,"item_purchase_floors":[],"current_hp_per_floor":[61,61,61,61,39,39,29,51,51,50,39,39,21,21,21,0,0],"gold":215,"neow_bonus":"UPGRADE_CARD","is_daily":false,"chose_seed":false,"campfire_upgraded":1,"win_rate":0.0,"timestamp":1611950539,"path_taken":["M","M","?","M","M","R","E","?","T","M","?","?","?","M","R","BOSS"],"items_purchased_type":[],"build_version":"2020-12-22","purchased_purges":1,"victory":false,"max_hp_per_floor":[68,68,68,68,68,68,68,68,68,68,68,68,68,68,68,68,68],"relic_stats":{"Peace Pipe":0,"Shovel":1,"counters":[8,31],"MealTicket":0,"Art of War":[1],"obtain_stats":[{"Peace Pipe":9,"Shovel":7,"MealTicket":15,"The Courier":12,"Art of War":13,"PureWater":0},{"Peace Pipe":5,"Shovel":5,"MealTicket":7,"The Courier":6,"Art of War":6,"PureWater":0},{"Peace Pipe":16,"Shovel":16,"MealTicket":22,"The Courier":18,"Art of War":18,"PureWater":0}]},"card_choices":[{"not_picked":["SashWhip","Pray"],"picked":"EmptyFist","floor":1.0},{"not_picked":["ThirdEye","Consecrate"],"picked":"FlyingSleeves","floor":2.0},{"not_picked":["FollowUp","WaveOfTheHand","Consecrate"],"picked":"SKIP","floor":4.0},{"not_picked":["Indignation","FlurryOfBlows"],"picked":"CutThroughFate","floor":5.0},{"not_picked":["CarveReality","ReachHeaven","FlyingSleeves"],"picked":"SKIP","floor":7.0},{"not_picked":["CarveReality","Wireheading"],"picked":"Collect","floor":10.0},{"not_picked":["BattleHymn","Protect","Crescendo"],"picked":"SKIP","floor":14.0}],"player_experience":341965,"relics_obtained":[{"floor":7.0,"key":"Shovel"},{"floor":9.0,"key":"Peace Pipe"},{"floor":15.0,"key":"MealTicket"}],"event_choices":[{"damage_healed":22.0,"max_hp_gain":0.0,"max_hp_loss":0.0,"gold_gain":0.0,"event_name":"Big Fish","player_choice":"Banana","floor":8.0,"gold_loss":0.0,"damage_taken":0.0},{"damage_healed":0.0,"max_hp_gain":0.0,"max_hp_loss":0.0,"gold_gain":75.0,"event_name":"World of Goop","player_choice":"Gather Gold","floor":11.0,"gold_loss":0.0,"damage_taken":11.0},{"damage_healed":0.0,"max_hp_gain":0.0,"max_hp_loss":0.0,"gold_gain":0.0,"event_name":"Dead Adventurer","player_choice":"Searched \u00271\u0027 times","floor":12.0,"gold_loss":0.0,"damage_taken":0.0,"relics_obtained":["The Courier"]},{"damage_healed":0.0,"max_hp_gain":0.0,"max_hp_loss":0.0,"gold_gain":0.0,"event_name":"Scrap Ooze","player_choice":"Success","floor":13.0,"gold_loss":0.0,"damage_taken":18.0,"relics_obtained":["Art of War"]}],"is_beta":false,"boss_relics":[],"items_purged_floors":[3],"is_endless":false,"potions_floor_spawned":[2,14],"killed_by":"Hexaghost","ascension_level":20}}