{"host":"x7xd4wkamhrqrrvw","time":1611882603,"event":{"mods":["AchievementEnabler","BaseMod","Minty Spire (QoL Compilation)","StSLib"],"gold_per_floor":[109,124,124,137,149,149,164,164,164,239,239,271,287,303,303,303,303],"floor_reached":16,"language":"ENG","playtime":465,"items_purged":[],"score":177,"play_id":"cde53b84-da59-48aa-861c-8f59d008c4b6","local_time":"20210128231003","is_ascension_mode":true,"campfire_choices":[{"data":"Deadly Poison","floor":6,"key":"SMITH"},{"data":"Neutralize","floor":8,"key":"SMITH"},{"data":"Eviscerate","floor":15,"key":"SMITH"}],"circlet_count":0,"master_deck":["AscendersBane","Strike_G","Strike_G","Strike_G","Strike_G","Strike_G","Defend_G","Defend_G","Defend_G","Defend_G","Defend_G","Survivor","Neutralize+1","Dagger Throw","Slice","Dagger Throw","Deadly Poison+1","Grand Finale","Eviscerate+1"],"relics":["Ring of the Snake","Mercury Hourglass","Akabeko","Du-Vu Doll"],"acts_visited":["Exordium"],"potions_floor_usage":[3,7],"damage_taken":[{"damage":0,"enemies":"Small Slimes","floor":1,"turns":4},{"damage":1,"enemies":"Cultist","floor":2,"turns":3},{"damage":0,"enemies":"2 Louse","floor":4,"turns":3},{"damage":4,"enemies":"Blue Slaver","floor":5,"turns":4},{"damage":0,"enemies":"2 Fungi Beasts","floor":7,"turns":3},{"damage":22,"enemies":"3 Sentries","floor":12,"turns":6},{"damage":3,"enemies":"3 Louse","floor":13,"turns":2},{"damage":0,"enemies":"Large Slime","floor":14,"turns":2},{"damage":16,"enemies":"Slime Boss","floor":16,"turns":8}],"seed_played":"7888216481155262784","potions_obtained":[{"floor":1,"key":"EssenceOfSteel"},{"floor":3,"key":"Fruit Juice"},{"floor":3,"key":"GhostInAJar"},{"floor":5,"key":"DistilledChaos"},{"floor":13,"key":"Ancient Potion"},{"floor":14,"key":"Dexterity Potion"}],"is_trial":false,"path_per_floor":["M","M","?","M","M","R","M","R","T","?","?","E","M","M","R","B"],"character_chosen":"THE_SILENT","items_purchased":[],"campfire_rested":0,"item_purchase_floors":[],"current_hp_per_floor":[59,58,63,63,59,59,59,59,59,48,41,19,16,16,16,0,0],"gold":303,"neow_bonus":"THREE_CARDS","is_daily":false,"chose_seed":false,"campfire_upgraded":3,"win_rate":0.0,"timestamp":1611882603,"path_taken":["M","M","?","M","M","R","?","R","T","?","?","E","M","M","R","BOSS"],"items_purchased_type":[],"build_version":"2020-12-22","purchased_purges":0,"victory":false,"max_hp_per_floor":[66,66,71,71,71,71,71,71,71,71,71,71,71,71,71,71,71],"card_choices":[{"not_picked":["Acrobatics","Heel Hook"],"picked":"Dagger Throw","floor":0},{"not_picked":["Choke","Outmaneuver"],"picked":"Slice","floor":1},{"not_picked":["Acrobatics","Underhanded Strike"],"picked":"Dagger Throw","floor":2},{"not_picked":["Slice","Accuracy","Sucker Punch"],"picked":"SKIP","floor":4},{"not_picked":["Choke","Concentrate"],"picked":"Deadly Poison","floor":5},{"not_picked":["Prepared","Quick Slash","Dagger Throw"],"picked":"SKIP","floor":7},{"not_picked":["Backflip","Dodge and Roll"],"picked":"Grand Finale","floor":12},{"not_picked":["Deflect","Distraction"],"picked":"Eviscerate","floor":13},{"not_picked":["Accuracy","Dagger Spray","Quick Slash"],"picked":"SKIP","floor":14}],"player_experience":410775,"relics_obtained":[{"floor":9,"key":"Mercury Hourglass"},{"floor":12,"key":"Du-Vu Doll"}],"event_choices":[{"damage_healed":0,"gold_gain":0,"player_choice":"Got Potions","damage_taken":0,"max_hp_gain":0,"max_hp_loss":0,"event_name":"Lab","floor":3,"gold_loss":0},{"damage_healed":0,"gold_gain":75,"player_choice":"Gather Gold","damage_taken":11,"max_hp_gain":0,"max_hp_loss":0,"event_name":"World of Goop","floor":10,"gold_loss":0},{"damage_healed":0,"gold_gain":0,"player_choice":"Success","damage_taken":7,"relics_obtained":["Akabeko"],"max_hp_gain":0,"max_hp_loss":0,"event_name":"Scrap Ooze","floor":11,"gold_loss":0}],"is_beta":false,"boss_relics":[],"items_purged_floors":[],"is_endless":false,"potions_floor_spawned":[1,5,13,14],"killed_by":"Slime Boss","ascension_level":14}}