{"host":"n45maixt3qrh0rsz","time":1611902335,"event":{"mods":["ATMod(°¢èªMod)","Act Like it!","Arknights The Spire","BaseMod","CapriCore","Dota2Spire","Downfall","Gensokyo","Minty Spire (QoL Compilation)","Quick Restart","Relic Stats","Replay The Spire","StSLib","¡¾ÒÅÎï¿¨ÅÆ¡¿REMEMod"],"gold_per_floor":[99,99,99,99,99,124,173,191,204,189,189,89,118,135,151,256,256,156,176,190,206,206,236,236,236,286,301,317,317,317,317,333,333,333,333],"floor_reached":33,"language":"ZHS","playtime":1309,"items_purged":[],"score":280,"play_id":"c440c570-de74-4924-a298-219fc9f7dbfb","local_time":"20210129143855","is_ascension_mode":false,"campfire_choices":[{"floor":1,"key":"RECALL"},{"floor":12,"key":"REST"},{"floor":25,"key":"REST"},{"floor":30,"key":"REST"}],"circlet_count":0,"master_deck":["hexamod:Strike","hexamod:Strike","hexamod:Strike","hexamod:Strike","hexamod:Defend","hexamod:Defend","hexamod:Defend","hexamod:Defend","hexamod:Sear","hexamod:Float","AT_DarkMatter+1","Sadistic Nature","hexamod:HeatMetal","hexamod:HeatShield","hexamod:Hexaguard","hexamod:TimeOfNeed","hexamod:SuperheatedStrike","hexamod:DynamicBlow","hexamod:PhantomFireball","hexamod:ApocalypticArmor","hexamod:FlamesFromBeyond","hexamod:GhostOfSpirePast","hexamod:ForkedFlame","hexamod:PowerFromBeyond","hexamod:SwordOfDarkness","hexamod:FlameSwitch","downfall:Bewildered","hexamod:PowerFromBeyond+1","hexamod:SpectersWail","hexamod:SpectralSpark+1","hexamod:FirstSeal","hexamod:SoulSteal+1","hexamod:EmpoweredFlame"],"relics":["hexamod:SpiritBrand","AT_ATBox","REME_ComplimentaryCards","downfall:HeartsMalice","REME_LimitBreaker","Letter Opener","downfall:HeartBlessingBlue","Blood Vial","SlaversCollar","downfall:HeartBlessingGreen","downfall:HeartBlessingRed","sneckomod:BabySnecko","Red Mask","Dota2Spire:AghanimScepter","AT_ForceNature"],"acts_visited":["Exordium","TheCity"],"potions_floor_usage":[16,16,16,23,28,33,33],"damage_taken":[{"damage":0,"enemies":"Cultist","floor":2,"turns":1},{"damage":0,"enemies":"2 Louse","floor":3,"turns":1},{"damage":0,"enemies":"Jaw Worm","floor":5,"turns":1},{"damage":19,"enemies":"3 Sentries","floor":6,"turns":9},{"damage":11,"enemies":"Large Slime","floor":8,"turns":5},{"damage":9,"enemies":"Red Slaver","floor":9,"turns":3},{"damage":5,"enemies":"downfall:FleeingMerchant","floor":10,"turns":4},{"damage":0,"enemies":"Replay:BlueRogue","floor":13,"turns":4},{"damage":2,"enemies":"Blue Slaver","floor":14,"turns":3},{"damage":0,"enemies":"Large Slime","floor":15,"turns":3},{"damage":41,"enemies":"DF_ARCHETYPE_STREAMLINE","floor":16,"turns":9},{"damage":5,"enemies":"Chosen","floor":19,"turns":4},{"damage":7,"enemies":"Shell Parasite","floor":20,"turns":3},{"damage":10,"enemies":"Cultist and Chosen","floor":21,"turns":5},{"damage":32,"enemies":"Masked Bandits","floor":23,"turns":4},{"damage":10,"enemies":"Snake Plant","floor":27,"turns":3},{"damage":4,"enemies":"Snecko","floor":28,"turns":3},{"damage":26,"enemies":"Shelled Parasite and Fungi","floor":32,"turns":5},{"damage":32,"enemies":"IC_MUSHROOM_ARCHETYPE","floor":33,"turns":4}],"seed_played":"-872880765334373479","potions_obtained":[{"floor":6,"key":"PowerPotion"},{"floor":8,"key":"Dota2Spire:Clarity"},{"floor":13,"key":"Fire Potion"},{"floor":20,"key":"Block Potion"},{"floor":27,"key":"Fire Potion"},{"floor":28,"key":"Energy Potion"},{"floor":29,"key":"CultistPotion"}],"is_trial":false,"path_per_floor":["R","M","M","T","M","E","T","M","M","$","?","R","E","M","M","B",null,"R","M","M","M","?","?","T","R","?","M","M","?","R","?","M","B"],"character_chosen":"THE_SPIRIT","items_purchased":[],"campfire_rested":3,"item_purchase_floors":[],"current_hp_per_floor":[70,70,70,70,70,51,51,40,31,26,26,60,60,60,62,23,80,80,75,70,62,62,32,32,56,24,16,21,21,45,45,28,0,0,0],"gold":333,"neow_bonus":"THREE_ENEMY_KILL","is_daily":false,"chose_seed":false,"campfire_upgraded":0,"win_rate":0.0,"timestamp":1611902335,"path_taken":["R","M","M","?","M","E","T","M","M","$","?","R","E","M","M","BOSS","R","M","M","M","?","?","T","R","?","M","?","?","R","?","M","BOSS"],"items_purchased_type":[],"build_version":"2020-12-22","purchased_purges":0,"victory":false,"max_hp_per_floor":[70,70,70,70,70,70,70,70,70,70,70,80,80,80,80,80,80,80,80,80,80,80,80,80,80,80,80,80,80,80,80,80,80,80,80],"relic_stats":{"Blood Vial":20,"counters":[19,71],"Letter Opener":[60],"obtain_stats":[{"AT_ForceNature":26,"AT_ATBox":0,"downfall:HeartBlessingRed":18,"downfall:HeartsMalice":0,"downfall:HeartBlessingGreen":18,"Letter Opener":6,"REME_LimitBreaker":4,"Blood Vial":13,"SlaversCollar":17,"sneckomod:BabySnecko":22,"Dota2Spire:AghanimScepter":24,"downfall:HeartBlessingBlue":12,"Red Mask":23,"hexamod:SpiritBrand":0,"REME_ComplimentaryCards":0},{"AT_ForceNature":15,"AT_ATBox":0,"downfall:HeartBlessingRed":11,"downfall:HeartsMalice":0,"downfall:HeartBlessingGreen":11,"Letter Opener":4,"REME_LimitBreaker":2,"Blood Vial":8,"SlaversCollar":11,"sneckomod:BabySnecko":14,"Dota2Spire:AghanimScepter":15,"downfall:HeartBlessingBlue":7,"Red Mask":15,"hexamod:SpiritBrand":0,"REME_ComplimentaryCards":0},{"AT_ForceNature":56,"AT_ATBox":0,"downfall:HeartBlessingRed":40,"downfall:HeartsMalice":0,"downfall:HeartBlessingGreen":40,"Letter Opener":9,"REME_LimitBreaker":0,"Blood Vial":25,"SlaversCollar":40,"sneckomod:BabySnecko":52,"Dota2Spire:AghanimScepter":56,"downfall:HeartBlessingBlue":21,"Red Mask":56,"hexamod:SpiritBrand":0,"REME_ComplimentaryCards":0}]},"card_choices":[{"not_picked":["hexamod:StepThrough","hexamod:NightmareStrike"],"picked":"hexamod:HeatMetal","floor":2},{"not_picked":["hexamod:Haunt","hexamod:Hexaguard"],"picked":"hexamod:HeatShield","floor":3},{"not_picked":["hexamod:AdvancingGuard","hexamod:HeatMetal"],"picked":"hexamod:Hexaguard","floor":5},{"not_picked":["hexamod:HauntingEcho","hexamod:PhantomFireball"],"picked":"hexamod:TimeOfNeed","floor":6},{"not_picked":["hexamod:Haunt","hexamod:ShieldOfDarkness"],"picked":"hexamod:SuperheatedStrike","floor":8},{"not_picked":["hexamod:ChargedBarrage","hexamod:Hexaguard"],"picked":"hexamod:DynamicBlow","floor":9},{"not_picked":["hexamod:SpectersWail","hexamod:GhostShield"],"picked":"hexamod:PhantomFireball","floor":10},{"not_picked":["hexamod:AdvancingGuard","hexamod:RadiantFlame"],"picked":"hexamod:ApocalypticArmor","floor":13},{"not_picked":["hexamod:NightmareGuise","hexamod:HeatMetal"],"picked":"hexamod:FlamesFromBeyond","floor":14},{"not_picked":["hexamod:BurningTouch","hexamod:SuperheatedStrike"],"picked":"hexamod:GhostOfSpirePast","floor":15},{"not_picked":["hexamod:ApocalypseNow","hexamod:TimeOfNeed"],"picked":"hexamod:ForkedFlame","floor":16},{"not_picked":["hexamod:BurningTouch","hexamod:GhostLash"],"picked":"hexamod:PowerFromBeyond","floor":19},{"not_picked":["hexamod:HauntingEcho","hexamod:NightmareStrike+1"],"picked":"hexamod:SwordOfDarkness","floor":20},{"not_picked":["hexamod:Hexaguard","hexamod:RadiantFlame+1"],"picked":"hexamod:FlameSwitch","floor":21},{"not_picked":["hexamod:Haunt","hexamod:EmpoweredFlame+1"],"picked":"hexamod:PowerFromBeyond+1","floor":23},{"not_picked":["hexamod:HeatShield","hexamod:ThermalTransfer"],"picked":"hexamod:SpectersWail","floor":26},{"not_picked":["hexamod:SuperheatedStrike","hexamod:GhostLash"],"picked":"hexamod:SpectralSpark+1","floor":26},{"not_picked":["hexamod:HauntingEcho+1","hexamod:BacktrackSmack"],"picked":"hexamod:FirstSeal","floor":27},{"not_picked":["hexamod:Hexaguard","hexamod:Rewind"],"picked":"hexamod:SoulSteal+1","floor":28},{"not_picked":["hexamod:Again","hexamod:SuperheatedStrike"],"picked":"hexamod:EmpoweredFlame","floor":32}],"player_experience":59464,"relics_obtained":[{"floor":4,"key":"REME_LimitBreaker"},{"floor":6,"key":"Letter Opener"},{"floor":13,"key":"Blood Vial"},{"floor":23,"key":"Red Mask"},{"floor":24,"key":"Dota2Spire:AghanimScepter"},{"floor":26,"key":"AT_ForceNature"}],"event_choices":[{"damage_healed":0,"gold_gain":0,"player_choice":"Grow","damage_taken":0,"max_hp_gain":0,"max_hp_loss":0,"event_name":"Living Wall","floor":11,"gold_loss":0,"cards_upgraded":["AT_DarkMatter"]},{"damage_healed":0,"gold_gain":0,"player_choice":"Fought Bandits","damage_taken":0,"max_hp_gain":0,"max_hp_loss":0,"event_name":"Masked Bandits","floor":23,"gold_loss":0}],"is_beta":false,"boss_relics":[{"not_picked":["sneckomod:SneckoTalon","Fusion Hammer"],"picked":"SlaversCollar"}],"items_purged_floors":[],"is_endless":false,"potions_floor_spawned":[6,8,13,15,20,27,28],"killed_by":"IC_MUSHROOM_ARCHETYPE","ascension_level":0}}