{"host":"8is2j71l4wmybkoi","time":1611907406,"event":{"mods":["AchievementEnabler","BaseMod","Colored Map","Minty Spire (QoL Compilation)","Rare Cards Sparkle","StSLib","SuperFastMode"],"gold_per_floor":[115,265,265,283,383,383,409,426,450,59,84,101,101,121,121,195,195,207,107,95,105,105,138,13,43,70,70,104,120,154,171,171,246,246,257,257,257,271,121,148,148,177,177,210,210,235,37,62,62,62,62,62,62,96,96],"floor_reached":56,"language":"KOR","playtime":2116,"items_purged":["Doubt","Strike_R","Pain","Blood for Blood+1"],"score":2527,"play_id":"9a828df8-6b4d-4a4d-8b6b-0768066c522a","local_time":"20210129170326","is_ascension_mode":true,"campfire_choices":[{"data":"Berserk","floor":6.0,"key":"SMITH"},{"data":"Body Slam","floor":13.0,"key":"SMITH"},{"data":"Burning Pact","floor":15.0,"key":"SMITH"},{"data":"Shockwave","floor":27.0,"key":"SMITH"},{"floor":32.0,"key":"RECALL"},{"data":"Second Wind","floor":45,"key":"SMITH"},{"data":"Pommel Strike","floor":49,"key":"SMITH"},{"data":"Power Through","floor":52,"key":"SMITH"}],"circlet_count":0,"master_deck":["AscendersBane","Defend_R","Defend_R","Defend_R","Defend_R","Bash","Body Slam+1","Berserk+1","Power Through+1","Burning Pact+1","Shrug It Off","Second Wind+1","Impervious","Whirlwind+1","Shrug It Off+1","Seeing Red","Shockwave+1","Flame Barrier","Evolve+1","Corruption+1","Shrug It Off","Pommel Strike+1","Shrug It Off"],"relics":["Burning Blood","NeowsBlessing","Tiny Chest","Bag of Preparation","HornCleat","Darkstone Periapt","Astrolabe","WarpedTongs","Mercury Hourglass","Frozen Egg 2","Anchor","Matryoshka","Sozu","PreservedInsect","Centennial Puzzle","Calipers","Juzu Bracelet","Boot","Pantograph","Bronze Scales","Pen Nib","TheAbacus","FossilizedHelix","Toy Ornithopter"],"acts_visited":["Exordium","TheCity","TheBeyond","TheEnding"],"potions_floor_usage":[33,55],"damage_taken":[{"damage":0.0,"enemies":"Jaw Worm","floor":1.0,"turns":1.0},{"damage":0.0,"enemies":"Cultist","floor":4.0,"turns":1.0},{"damage":0.0,"enemies":"3 Sentries","floor":7.0,"turns":2.0},{"damage":12.0,"enemies":"Small Slimes","floor":8.0,"turns":5.0},{"damage":0.0,"enemies":"Lagavulin","floor":11.0,"turns":7.0},{"damage":10.0,"enemies":"Exordium Thugs","floor":12.0,"turns":8.0},{"damage":0.0,"enemies":"Looter","floor":14.0,"turns":3.0},{"damage":3.0,"enemies":"The Guardian","floor":16.0,"turns":13.0},{"damage":0.0,"enemies":"Spheric Guardian","floor":18.0,"turns":6.0},{"damage":0.0,"enemies":"2 Thieves","floor":20.0,"turns":4.0},{"damage":0.0,"enemies":"Centurion and Healer","floor":21.0,"turns":5.0},{"damage":1.0,"enemies":"Book of Stabbing","floor":23.0,"turns":6.0},{"damage":5.0,"enemies":"Gremlin Leader","floor":25.0,"turns":5.0},{"damage":14.0,"enemies":"Slavers","floor":28.0,"turns":5.0},{"damage":4.0,"enemies":"Snake Plant","floor":29.0,"turns":4.0},{"damage":0.0,"enemies":"Gremlin Leader","floor":30.0,"turns":5.0},{"damage":0.0,"enemies":"Snecko","floor":31.0,"turns":3.0},{"damage":15,"enemies":"Automaton","floor":33,"turns":10},{"damage":0,"enemies":"3 Darklings","floor":35,"turns":4},{"damage":0,"enemies":"Orb Walker","floor":38,"turns":4},{"damage":11,"enemies":"Nemesis","floor":40,"turns":3},{"damage":0,"enemies":"Reptomancer","floor":42,"turns":3},{"damage":0,"enemies":"Giant Head","floor":44,"turns":5},{"damage":0,"enemies":"Mind Bloom Boss Battle","floor":48,"turns":4},{"damage":4,"enemies":"Time Eater","floor":50,"turns":10},{"damage":0,"enemies":"Shield and Spear","floor":54,"turns":4},{"damage":0,"enemies":"The Heart","floor":55,"turns":7}],"seed_played":"3276432524096938558","potions_obtained":[{"floor":1.0,"key":"BlessingOfTheForge"},{"floor":7.0,"key":"BloodPotion"},{"floor":14.0,"key":"AttackPotion"},{"floor":16.0,"key":"SkillPotion"},{"floor":30.0,"key":"AttackPotion"},{"floor":33,"key":"Dexterity Potion"}],"is_trial":false,"path_per_floor":["M","?","?","M","?","R","E","M","T","$","E","M","R","M","R","B",null,"M","$","M","M","?","E","$","E","T","R","E","M","E","M","R","B",null,"M","T","?","M","$","E","?","E","T","E","R","T","$","?","R","B",null,"R","$","E","B",null],"character_chosen":"IRONCLAD","items_purchased":["Second Wind","HornCleat","TheAbacus","Pommel Strike"],"campfire_rested":0,"item_purchase_floors":[10,10,47,47],"current_hp_per_floor":[74,74,74,75,75,75,75,69,69,69,75,71,71,75,75,75,75,75,75,75,75,81,81,81,81,81,81,73,75,81,81,81,72,79,81,81,69,75,75,70,70,76,76,81,81,81,81,81,81,81,81,81,81,81,81],"gold":96,"neow_bonus":"THREE_ENEMY_KILL","is_daily":false,"chose_seed":false,"campfire_upgraded":7,"win_rate":0.0,"timestamp":1611907406,"path_taken":["M","?","?","?","?","R","E","M","T","?","E","M","R","M","R","BOSS","M","$","M","M","?","E","?","E","T","R","E","M","E","M","R","BOSS","M","?","?","?","$","E","?","E","T","E","R","?","?","?","R","BOSS","R","$","E","BOSS"],"items_purchased_type":["Card","Relic","Relic","Card"],"build_version":"2020-12-22","purchased_purges":4,"victory":true,"max_hp_per_floor":[75,75,75,75,75,75,75,75,75,75,75,75,75,75,75,75,75,75,75,75,75,81,81,81,81,81,81,81,81,81,81,81,81,81,81,81,81,81,81,81,81,81,81,81,81,81,81,81,81,81,81,81,81,81,81],"card_choices":[{"not_picked":["Entrench","Anger"],"picked":"Body Slam","floor":1.0},{"not_picked":["Havoc","True Grit"],"picked":"Power Through","floor":4.0},{"not_picked":["True Grit","Rampage"],"picked":"Burning Pact","floor":7.0},{"not_picked":["Disarm","Metallicize"],"picked":"Shrug It Off","floor":8.0},{"not_picked":["Sever Soul","Twin Strike"],"picked":"Disarm","floor":11.0},{"not_picked":["Pummel","Juggernaut","Blood for Blood"],"picked":"SKIP","floor":12.0},{"not_picked":["Sever Soul","Heavy Blade","Rupture"],"picked":"SKIP","floor":14.0},{"not_picked":["Immolate","Demon Form"],"picked":"Impervious","floor":16.0},{"not_picked":["Clash","Thunderclap"],"picked":"Seeing Red","floor":18.0},{"not_picked":["True Grit","Thunderclap"],"picked":"Shockwave","floor":20.0},{"not_picked":["Disarm","Rampage","Clash"],"picked":"SKIP","floor":21.0},{"not_picked":["Dual Wield+1","Intimidate","Heavy Blade+1"],"picked":"SKIP","floor":23.0},{"not_picked":["Anger","Flex"],"picked":"Flame Barrier","floor":25.0},{"not_picked":["Immolate","Clothesline"],"picked":"Evolve+1","floor":28.0},{"not_picked":["Heavy Blade","Shrug It Off","Twin Strike"],"picked":"SKIP","floor":29.0},{"not_picked":["Clash","Hemokinesis","Inflame+1"],"picked":"SKIP","floor":30.0},{"not_picked":["Iron Wave","Clash","Perfected Strike"],"picked":"SKIP","floor":31.0},{"not_picked":["Immolate","Brutality+1"],"picked":"Corruption+1","floor":33},{"not_picked":["Wild Strike","Body Slam","Headbutt+1"],"picked":"SKIP","floor":35},{"not_picked":["Clothesline","Headbutt","Reckless Charge"],"picked":"SKIP","floor":38},{"not_picked":["Clothesline","Headbutt","Reckless Charge"],"picked":"SKIP","floor":38},{"not_picked":["Clash","Evolve+1"],"picked":"Shrug It Off","floor":40},{"not_picked":["Pummel","Rage+1","Wild Strike"],"picked":"SKIP","floor":42},{"not_picked":["Bloodletting","Thunderclap","Body Slam"],"picked":"SKIP","floor":44},{"not_picked":["Fiend Fire","Infernal Blade"],"picked":"Shrug It Off","floor":54}],"player_experience":828205,"relics_obtained":[{"floor":7.0,"key":"Tiny Chest"},{"floor":9.0,"key":"Bag of Preparation"},{"floor":11.0,"key":"Darkstone Periapt"},{"floor":23.0,"key":"Mercury Hourglass"},{"floor":25.0,"key":"Frozen Egg 2"},{"floor":28.0,"key":"Anchor"},{"floor":30.0,"key":"Matryoshka"},{"floor":36,"key":"PreservedInsect"},{"floor":36,"key":"Centennial Puzzle"},{"floor":40,"key":"Calipers"},{"floor":42,"key":"Juzu Bracelet"},{"floor":43,"key":"Boot"},{"floor":43,"key":"Pantograph"},{"floor":44,"key":"Bronze Scales"},{"floor":46,"key":"Pen Nib"},{"floor":48,"key":"FossilizedHelix"},{"floor":54,"key":"Toy Ornithopter"}],"event_choices":[{"damage_healed":0.0,"max_hp_gain":0.0,"max_hp_loss":0.0,"gold_gain":150.0,"event_name":"Liars Game","player_choice":"AGREE","floor":2.0,"gold_loss":0.0,"damage_taken":0.0,"cards_obtained":["Doubt"]},{"damage_healed":0.0,"max_hp_gain":0.0,"max_hp_loss":0.0,"gold_gain":0.0,"cards_transformed":["Strike_R"],"event_name":"Transmorgrifier","player_choice":"Transformed","floor":3.0,"gold_loss":0.0,"damage_taken":0.0,"cards_obtained":["Berserk"]},{"damage_healed":0.0,"max_hp_gain":0.0,"max_hp_loss":0.0,"gold_gain":100.0,"event_name":"Wheel of Change","player_choice":"Gold","floor":5.0,"gold_loss":0.0,"damage_taken":0.0},{"damage_healed":0.0,"max_hp_gain":0.0,"max_hp_loss":0.0,"gold_gain":0.0,"event_name":"Accursed Blacksmith","player_choice":"Rummage","floor":22.0,"gold_loss":0.0,"damage_taken":0.0,"relics_obtained":["WarpedTongs"],"cards_obtained":["Pain"]},{"damage_healed":0,"gold_gain":0,"player_choice":"Damaged","damage_taken":12,"max_hp_gain":0,"max_hp_loss":0,"event_name":"Wheel of Change","floor":37,"gold_loss":0},{"cards_removed":["Disarm"],"damage_healed":0,"gold_gain":0,"player_choice":"Removed Skill","damage_taken":0,"max_hp_gain":0,"max_hp_loss":0,"event_name":"Falling","floor":41,"gold_loss":0},{"damage_healed":0,"gold_gain":0,"player_choice":"Fight","damage_taken":0,"max_hp_gain":0,"max_hp_loss":0,"event_name":"MindBloom","floor":48,"gold_loss":0}],"is_beta":false,"boss_relics":[{"not_picked":["Empty Cage","Pandora\u0027s Box"],"picked":"Astrolabe"},{"not_picked":["Coffee Dripper","Snecko Eye"],"picked":"Sozu"}],"items_purged_floors":[10,19,24,39],"is_endless":false,"potions_floor_spawned":[1,7,14,16,18,23,30,33,40,48],"ascension_level":15}}