{"host":"80ojs5zx0tu8i1zz","time":1611889066,"event":{"mods":["AchievementEnabler","Arknights The Spire","Aspiration","BaseMod","Better Altar","Better Match","Better Note","Better Sensory Stone","Better Skull","Better Third Choice","ChefMod","Colored Map","Colored Powertips","Hermit","Hubris","Infinite Spire","Jorbs\u0027s Wanderer Trilogy","Minty Spire (QoL Compilation)","Replay The Spire","Shade Mod","Shop Mod","StSLib","The Dragon Tamer","The Hayseed","The Hierophant","The Marked"],"gold_per_floor":[114,130,28,40,50,85,103,131,205,233,233,233,244,25,25,128,128,145,145,145,145,145,145,42,42,68,68,96,115,142,142,142,142,142],"floor_reached":33,"language":"ENG","playtime":1869,"items_purged":["theMarked:Strike"],"score":426,"play_id":"6f85a86c-7ec1-4497-b4d3-95c29a318931","local_time":"20210129045746","is_ascension_mode":false,"campfire_choices":[{"data":"theMarked:EmpowerWeapon","floor":12,"key":"SMITH"},{"floor":15,"key":"REST"},{"data":"theMarked:Aftermath","floor":23,"key":"SMITH"},{"data":"theMarked:OneWithTheBlade","floor":25,"key":"SMITH"},{"floor":32,"key":"DIG"}],"circlet_count":0,"master_deck":["theMarked:Strike","theMarked:Strike","theMarked:Strike","theMarked:Strike","theMarked:Defend","theMarked:Defend","theMarked:Defend","theMarked:Defend","theMarked:SoldierOfQuellstein","theMarked:ElectricStrings","theMarked:HeightenedSenses","theMarked:ResourceFulStrike","theMarked:AttractMetal","theMarked:Parry","theMarked:BanishingWave+1","theMarked:ResourceFulStrike+1","theMarked:Aftermath+1","theMarked:EmpowerWeapon+1","theMarked:HeightenedSenses","theMarked:StartUp+1","theMarked:ThrowWeapon+1","theMarked:OneWithTheBlade+1","Ghostly","Ghostly","Ghostly","Ghostly","Ghostly","theMarked:DispelDoubt+1","theMarked:DispelDoubt+1","theMarked:Reabsorb+1","theMarked:MysticalArsenal","theMarked:UnarmedFury+1","infinitespire:TheBestDefense"],"relics":["theMarked:ArtifactOfAir","Orichalcum","Molten Egg 2","Replay:Rubber Ducky","infinitespire:BottledMercury","TheSimpletonMod:Moonshine","Ring of Peace","Ring of Panic","aspiration:Lifesprig","Coffee Dripper","hubris:BottledHeart","ReplayTheSpireMod:TigerMarble","Shovel","Oddly Smooth Stone","Replay:Kaleidoscope","hubris:64BitClover"],"acts_visited":["Exordium","TheCity"],"potions_floor_usage":[6,7,8,8,16,18,33,33],"damage_taken":[{"damage":1,"enemies":"Jaw Worm","floor":1,"turns":4},{"damage":7,"enemies":"Small Slimes","floor":2,"turns":3},{"damage":0,"enemies":"Cultist","floor":4,"turns":3},{"damage":20,"enemies":"Exordium Thugs","floor":5,"turns":7},{"damage":21,"enemies":"3 Sentries","floor":6,"turns":7},{"damage":7,"enemies":"2 Fungi Beasts","floor":7,"turns":3},{"damage":4,"enemies":"Gremlin Nob","floor":8,"turns":3},{"damage":5,"enemies":"3 Sentries","floor":10,"turns":6},{"damage":0,"enemies":"Blue Slaver","floor":13,"turns":3},{"damage":0,"enemies":"Slime Boss","floor":16,"turns":8},{"damage":0,"enemies":"Chosen","floor":18,"turns":3},{"damage":0,"enemies":"Replay:Snechameleon","floor":28,"turns":3},{"damage":0,"enemies":"Spheric Guardian","floor":29,"turns":2},{"damage":0,"enemies":"Gremlin Leader","floor":30,"turns":4},{"damage":5,"enemies":"hubris:MusketHawk","floor":33,"turns":7}],"seed_played":"4884626024233979875","potions_obtained":[{"floor":4,"key":"Venom Potion"},{"floor":6,"key":"FearPotion"},{"floor":7,"key":"SteroidPotion"},{"floor":13,"key":"theMarked:SummonPotion"},{"floor":16,"key":"DistilledChaos"},{"floor":18,"key":"Reflective Coating"},{"floor":28,"key":"FearPotion"}],"is_trial":false,"path_per_floor":["M","M","$","M","M","E","M","E","T","E","?","R","M","$","R","B",null,"M","?","$","?","?","R","$","R","T","?","E","M","E","AVR","R","B"],"character_chosen":"THE_DEFAULT","items_purchased":["theMarked:ResourceFulStrike","PowerPotion","aspiration:Lifesprig","theMarked:StartUp+1","theMarked:DispelDoubt+1"],"campfire_rested":1,"item_purchase_floors":[3,3,14,14,24],"current_hp_per_floor":[69,62,62,62,42,21,14,10,10,5,5,5,5,5,26,26,70,70,70,70,1,1,1,1,1,1,1,1,1,1,1,1,0,0],"gold":142,"neow_bonus":"RANDOM_COMMON_RELIC","is_daily":false,"chose_seed":false,"campfire_upgraded":3,"win_rate":0.0,"timestamp":1611889066,"path_taken":["M","M","$","M","M","E","M","E","T","E","?","R","M","$","R","BOSS","M","?","?","?","?","R","$","R","T","?","E","M","E","AVR","R","BOSS"],"items_purchased_type":["Card","Potion","Relic","Card","Card"],"build_version":"2020-12-22","purchased_purges":1,"victory":false,"max_hp_per_floor":[70,70,70,70,70,70,70,70,70,70,70,70,70,70,70,70,70,70,70,70,1,1,1,1,1,1,1,1,1,1,1,1,1,1],"card_choices":[{"not_picked":["theMarked:Improvise","theMarked:SelfDefenseTraining"],"picked":"theMarked:ElectricStrings","floor":1},{"not_picked":["theMarked:LightningStrikesTwice","theMarked:SwordAndMagic"],"picked":"theMarked:HeightenedSenses","floor":2},{"not_picked":["theMarked:LightningStrikesTwice","theMarked:BanishingStrike"],"picked":"theMarked:AttractMetal","floor":4},{"not_picked":["theMarked:TunnelVision","theMarked:WastefulAttack"],"picked":"theMarked:Parry","floor":5},{"not_picked":["theMarked:ElectricStrings+1","theMarked:TwofoldDefense"],"picked":"theMarked:BanishingWave+1","floor":6},{"not_picked":["theMarked:TheMission","theMarked:Electrocute+1"],"picked":"theMarked:ResourceFulStrike+1","floor":7},{"not_picked":["theMarked:Vacuum+1","theMarked:Static"],"picked":"theMarked:Aftermath","floor":8},{"not_picked":["theMarked:Frustration+1","theMarked:TunnelVision+1"],"picked":"theMarked:EmpowerWeapon","floor":10},{"not_picked":["theMarked:Standoff","theMarked:ElectricStrings+1"],"picked":"theMarked:HeightenedSenses","floor":13},{"not_picked":["theMarked:Levitate","theMarked:UnarmedFury+1"],"picked":"theMarked:ThrowWeapon+1","floor":16},{"not_picked":["theMarked:Improvise+1","theMarked:Electrify+1"],"picked":"theMarked:OneWithTheBlade","floor":18},{"not_picked":["theMarked:Memento","theMarked:Improvise"],"picked":"theMarked:Reabsorb+1","floor":28},{"not_picked":["theMarked:Memento+1","theMarked:Convert"],"picked":"theMarked:MysticalArsenal","floor":29},{"not_picked":["theMarked:Electrify","theMarked:Opportunist"],"picked":"theMarked:UnarmedFury+1","floor":30}],"player_experience":221689,"relics_obtained":[{"floor":6,"key":"Molten Egg 2"},{"floor":8,"key":"Replay:Rubber Ducky"},{"floor":9,"key":"infinitespire:BottledMercury"},{"floor":10,"key":"TheSimpletonMod:Moonshine"},{"floor":11,"key":"Ring of Peace"},{"floor":11,"key":"Ring of Panic"},{"floor":26,"key":"ReplayTheSpireMod:TigerMarble"},{"floor":28,"key":"Shovel"},{"floor":30,"key":"Oddly Smooth Stone"},{"floor":32,"key":"hubris:64BitClover"}],"event_choices":[{"cards_removed":["theMarked:ElectricStrings"],"damage_healed":0,"gold_gain":0,"player_choice":"Give","damage_taken":0,"max_hp_gain":0,"max_hp_loss":0,"event_name":"betterNote:BetterNote","floor":19,"gold_loss":0,"cards_obtained":["Slice"]},{"damage_healed":0,"gold_gain":0,"player_choice":"Became a Ghost","damage_taken":0,"max_hp_gain":0,"max_hp_loss":0,"event_name":"Ghosts","floor":22,"gold_loss":0,"cards_obtained":["Ghostly","Ghostly","Ghostly","Ghostly","Ghostly"]}],"is_beta":false,"boss_relics":[{"not_picked":["Replay:Ancient Bell","ReplayTheSpireMod:DimensionalGlitch"],"picked":"Coffee Dripper"}],"items_purged_floors":[31],"is_endless":false,"potions_floor_spawned":[4,6,7,13,16,18,28],"killed_by":"hubris:MusketHawk","ascension_level":0}}