{"host":"cm56dopeulr50jn0","time":1611898013,"event":{"mods":["BaseMod","Bestiary","Better Match","Better Third Choice","Downfall","Minty Spire (QoL Compilation)","Relic Stats","StSLib"],"gold_per_floor":[114,134,151,251,251,276,302,214,244,256,281,327,355,392,404,416,416,416],"floor_reached":16,"language":"ENG","playtime":1294,"items_purged":[],"score":201,"play_id":"2d391833-4160-4439-a4b5-2a1d9152a52e","local_time":"20210128212653","is_ascension_mode":true,"campfire_choices":[{"floor":8,"key":"REST"},{"floor":10,"key":"REST"},{"floor":15,"key":"RECALL"}],"circlet_count":0,"master_deck":["AscendersBane","Guardian:Strike_Guardian","Guardian:Strike_Guardian","Guardian:Strike_Guardian","Guardian:Strike_Guardian","Guardian:Defend_Guardian","Guardian:Defend_Guardian","Guardian:Defend_Guardian","Guardian:Defend_Guardian","Guardian:CurlUp","Guardian:TwinSlam","Guardian:PrimingBeam","Guardian:TimeSifter","Guardian:Recover","Guardian:FloatingOrbs","Guardian:ChargeCore","Guardian:StasisField","Guardian:StasisEngine","Guardian:Planning"],"relics":["Fusion Hammer","Akabeko","MawBank","downfall:HeartBlessingGreen","Oddly Smooth Stone","Gremlin Horn"],"acts_visited":["Exordium"],"potions_floor_usage":[12,14,16],"damage_taken":[{"damage":7.0,"enemies":"Jaw Worm","floor":1.0,"turns":4.0},{"damage":1.0,"enemies":"2 Louse","floor":2.0,"turns":4.0},{"damage":4,"enemies":"Small Slimes","floor":3,"turns":4},{"damage":35,"enemies":"3 Sentries","floor":6,"turns":15},{"damage":3,"enemies":"3 Louse","floor":9,"turns":5},{"damage":0,"enemies":"Large Slime","floor":11,"turns":3},{"damage":12,"enemies":"Gremlin Nob","floor":12,"turns":4},{"damage":3,"enemies":"Red Slaver","floor":13,"turns":4},{"damage":13,"enemies":"3 Sentries","floor":14,"turns":9},{"damage":61,"enemies":"DF_ARCHETYPE_STREAMLINE","floor":16,"turns":17}],"seed_played":"8762949247021207580","potions_obtained":[{"floor":3,"key":"Ancient Potion"},{"floor":6,"key":"Block Potion"},{"floor":12,"key":"Swift Potion"},{"floor":13,"key":"Fire Potion"},{"floor":14,"key":"DistilledChaos"}],"is_trial":false,"path_per_floor":["M","M","M","?","?","E","T","R","M","R","M","E","M","E","R","B"],"character_chosen":"GUARDIAN","items_purchased":[],"campfire_rested":2,"item_purchase_floors":[],"current_hp_per_floor":[65,64,60,60,65,30,30,55,52,77,77,65,62,49,49,0,0,0],"gold":416,"neow_bonus":"BOSS_RELIC","is_daily":false,"chose_seed":false,"campfire_upgraded":0,"win_rate":0.0,"timestamp":1611898013,"path_taken":["M","M","M","?","?","E","T","R","M","R","M","E","M","E","R","BOSS"],"items_purchased_type":[],"build_version":"2020-12-22","purchased_purges":0,"victory":false,"max_hp_per_floor":[80,80,80,80,85,85,85,85,85,85,85,85,85,85,85,85,85,85],"relic_stats":{"Gremlin Horn":[0,0],"counters":[10,69],"MawBank":108,"obtain_stats":[{"Gremlin Horn":14,"Guardian:ModeShifter":0,"Oddly Smooth Stone":12,"downfall:HeartBlessingGreen":8,"Fusion Hammer":0,"MawBank":7,"Akabeko":6},{"Gremlin Horn":9,"Guardian:ModeShifter":0,"Oddly Smooth Stone":7,"downfall:HeartBlessingGreen":4,"Fusion Hammer":0,"MawBank":4,"Akabeko":4},{"Gremlin Horn":52,"Guardian:ModeShifter":0,"Oddly Smooth Stone":39,"downfall:HeartBlessingGreen":27,"Fusion Hammer":0,"MawBank":27,"Akabeko":27}]},"card_choices":[{"not_picked":["Guardian:Gem_Lightblue","Guardian:Emergency"],"picked":"Guardian:PrimingBeam","floor":1.0},{"not_picked":["Guardian:Gem_Red","Guardian:Reroute"],"picked":"Guardian:TimeSifter","floor":2},{"not_picked":["Guardian:Gem_Crimson","Guardian:Gem_Red"],"picked":"Guardian:Recover","floor":3},{"not_picked":["Guardian:CrystalBeam","Guardian:PiercingHide"],"picked":"Guardian:FloatingOrbs","floor":6},{"not_picked":["Guardian:PrismaticBeam","Guardian:ArmoredProtocol"],"picked":"Guardian:ChargeCore","floor":9},{"not_picked":["Guardian:Gem_Lightblue","Guardian:Recover"],"picked":"Guardian:StasisField","floor":11},{"not_picked":["Guardian:RollAttack","Guardian:Gem_Blue"],"picked":"Guardian:StasisEngine","floor":12},{"not_picked":["Guardian:TemporalShield","Guardian:RefractedBeam"],"picked":"Guardian:Planning","floor":13},{"not_picked":["Guardian:Gem_Red","Guardian:Suspension"],"picked":"Guardian:Gem_Purple","floor":14}],"player_experience":1452199,"relics_obtained":[{"floor":6,"key":"Akabeko"},{"floor":7,"key":"MawBank"},{"floor":12,"key":"Oddly Smooth Stone"},{"floor":14,"key":"Gremlin Horn"}],"event_choices":[{"damage_healed":0,"gold_gain":0,"player_choice":"Donut","damage_taken":0,"max_hp_gain":5,"max_hp_loss":0,"event_name":"Big Fish","floor":5,"gold_loss":0}],"is_beta":false,"boss_relics":[],"items_purged_floors":[],"is_endless":false,"potions_floor_spawned":[3,6,12,13,14],"killed_by":"DF_ARCHETYPE_STREAMLINE","ascension_level":13}}