{"host":"o3b7ow6d1xe49css","time":1611915589,"event":{"mods":["Act Like it!","Aspiration","BaseMod","Bestiary","Better Altar","Better Match","Better Note","Better Sensory Stone","Better Skull","Better Third Choice","Colored Powertips","Conspire","Energized Spire","Force Act Four","GifTheSpireLib","Halation","Hermit","Hubris","Infinite Spire","Lobotomy","Minty Spire (QoL Compilation)","Quick Restart","Relic Filter Mod","Reliquary","Replay The Spire","Spicy Shops","Spikes Relics","Spire Arcade","StSLib","Stuff the Spire","The Blue Laboratory","Wandering Minibosses"],"gold_per_floor":[112,132,146,164,164,164,197,197,197,232,12,38,73,73,73,170,170,189,33,49,49,49,49,77,77,103,130,163,191,191,16,16,121,121,134,144,69,0,10,10,39,39,39,64,64,64,114,149,149,253,253,253,8,8,104],"floor_reached":56,"language":"ENG","playtime":2363,"items_purged":["Strike_B","Strike_B","Strike_B","Defend_B"],"score":2012,"play_id":"28a4342f-1ab4-4a2e-b6f9-6c4d74610785","local_time":"20210129011949","daily_mods":["Heirloom","Flight"],"is_ascension_mode":true,"campfire_choices":[{"data":"Zap","floor":6,"key":"SMITH"},{"data":"Static Discharge","floor":8,"key":"SMITH"},{"data":"Buffer","floor":23,"key":"SMITH"},{"floor":32,"key":"DIG"},{"data":"hubris:PowerSurge","floor":40,"key":"SMITH"},{"data":"Writhe","floor":46,"key":"PURGE"},{"floor":49,"key":"RECALL"},{"data":"Lockon","floor":52,"key":"SMITH"},{"floor":54,"key":"DIG"}],"circlet_count":0,"master_deck":["Defend_B","Defend_B","Defend_B","Zap+1","Dualcast","UniverseFragment","Hologram+1","Static Discharge+1","Coolheaded+1","Cold Snap+1","Reinforced Body","OSAHOGD","hubris:Ukulele","StuffTheSpire:Coldhearted","Buffer+1","Tempest+1","Redo+1","Lockon+1","StuffTheSpire:Coldhearted+1","Ball Lightning","hubris:Ukulele","Echo Form","Skim","Leap+1","hubris:PowerSurge+1","Recycle+1","Electrodynamics"],"relics":["Cracked Core","Ring of Chaos","Prayer Wheel","CogitoBucket","hubris:Icosahedron","Lantern","StuffTheSpire:ForceGauntlet","Replay:Multitool","Medical Kit","hubris:CrystalStatue","aspiration:HatOfInfinitePower","StuffTheSpire:RedRose","hubris:TerracottaHorce","BehaviorAdjustment","War Paint","aspiration:FaultyCoupler","PreservedInsect","CrustySpines","reliquary:JackalopeAntler","aspiration:FetidBarrel","Eternal Feather","conspire:TreasureMap","StuffTheSpire:HeavyRock","hubris:Backtick","Ice Cream","wanderingMiniBosses:CarrionFlame","ResearcherNote","Red Mask","reliquary:TatteredRug","Lee\u0027s Waffle","Anchor","Replay:Wax Seal","StuffTheSpire:GreaterSneckoEye","StuffTheSpire:PointBlank","Nuclear Battery","Ring of Chaos","halation:Komachan","Gremlin Horn"],"acts_visited":["Exordium","TheCity","TheBeyond","Exordium","TheEnding"],"potions_floor_usage":[7,12,16,27,28,35,55,55],"damage_taken":[{"damage":6,"enemies":"Small Slimes","floor":1,"turns":3},{"damage":0,"enemies":"Jaw Worm","floor":2,"turns":4},{"damage":0,"enemies":"2 Louse","floor":3,"turns":3},{"damage":6,"enemies":"Blue Slaver","floor":4,"turns":3},{"damage":6,"enemies":"Lagavulin","floor":7,"turns":9},{"damage":13,"enemies":"3 Sentries","floor":10,"turns":8},{"damage":11,"enemies":"Lagavulin","floor":12,"turns":6},{"damage":16,"enemies":"Gremlin Nob","floor":13,"turns":5},{"damage":25,"enemies":"The Guardian","floor":16,"turns":10},{"damage":13,"enemies":"2 Thieves","floor":18,"turns":4},{"damage":12,"enemies":"Spheric Guardian","floor":20,"turns":3},{"damage":6,"enemies":"conspire:Head Lice","floor":24,"turns":15},{"damage":0,"enemies":"Nightmare","floor":27,"turns":3},{"damage":14,"enemies":"Slavers","floor":28,"turns":2},{"damage":7,"enemies":"Book of Stabbing","floor":29,"turns":4},{"damage":20,"enemies":"hubris:MusketHawk","floor":33,"turns":8},{"damage":36,"enemies":"Orb Walker","floor":35,"turns":6},{"damage":1,"enemies":"3 Darklings","floor":36,"turns":3},{"damage":5,"enemies":"4 Shapes","floor":39,"turns":4},{"damage":1,"enemies":"R_Hoarder","floor":41,"turns":4},{"damage":1,"enemies":"Reptomancer","floor":44,"turns":2},{"damage":0,"enemies":"R_Hoarder","floor":48,"turns":5},{"damage":37,"enemies":"Awakened One","floor":50,"turns":8},{"damage":40,"enemies":"The Heart","floor":55,"turns":6}],"seed_played":"7059923363163340548","potions_obtained":[{"floor":4,"key":"blueLaboratory:CreativityPotion"},{"floor":10,"key":"Swift Potion"},{"floor":13,"key":"ColorlessPotion"},{"floor":16,"key":"blueLaboratory:RememoryPotion"},{"floor":24,"key":"blueLaboratory:TeslaPotion"},{"floor":27,"key":"PowerPotion"},{"floor":28,"key":"Block Potion"},{"floor":29,"key":"blueLaboratory:Moonshine"},{"floor":41,"key":"LiquidBronze"},{"floor":48,"key":"Regen Potion"}],"is_trial":true,"path_per_floor":["M","M","M","M","?","R","E","R","T","E","$","E","E","?","R","B",null,"M","$","M","?","?","R","E","R","T","NM","E","E","AVR","$","R","B",null,"M","M","$","?","M","R","E","AVR","T","E","?","R","T","E","R","B",null,"R","$","R","B",null],"character_chosen":"DEFECT","items_purchased":["hubris:Ukulele","Medical Kit","War Paint","conspire:TreasureMap","hubris:Ukulele","halation:Komachan"],"campfire_rested":0,"item_purchase_floors":[11,11,19,31,31,53],"current_hp_per_floor":[69,69,69,63,63,63,57,57,57,44,44,33,17,17,39,14,60,47,47,35,35,35,35,29,51,51,51,37,30,30,30,45,25,63,27,26,26,26,21,36,35,82,82,81,61,76,76,76,82,45,80,82,82,82,42],"gold":104,"neow_bonus":"","is_daily":false,"chose_seed":false,"campfire_upgraded":5,"win_rate":0.0,"timestamp":1611915589,"path_taken":["M","M","M","M","?","R","E","R","T","E","$","E","E","?","R","BOSS","M","$","M","?","?","R","E","R","T","NM","E","E","AVR","$","R","BOSS","M","M","$","?","M","R","E","AVR","T","E","?","R","?","E","R","BOSS","R","$","R","BOSS"],"items_purchased_type":["Card","Relic","Relic","Relic","Card","Relic"],"build_version":"2020-12-22","purchased_purges":4,"victory":true,"max_hp_per_floor":[75,75,75,75,75,75,75,75,75,75,75,75,75,75,75,75,75,75,75,75,75,75,75,75,75,75,75,75,75,75,75,75,75,75,75,75,75,75,75,75,75,82,82,82,82,82,82,82,82,82,82,82,82,82,82],"card_choices":[{"not_picked":["GreedKing","OldLady"],"picked":"UniverseFragment","floor":1},{"not_picked":["Steam","Storm"],"picked":"Hologram","floor":1},{"not_picked":["Doom and Gloom","Panic Button","ReplayTheSpireMod:System Scan"],"picked":"SKIP","floor":1},{"not_picked":["LongBird","QueenBee","Mercenary"],"picked":"Singing Bowl","floor":2},{"not_picked":["Stack","StuffTheSpire:Rend"],"picked":"Static Discharge","floor":2},{"not_picked":["Buffer","Rebound","Consume"],"picked":"SKIP","floor":2},{"not_picked":["Buffer","Rebound","Consume"],"picked":"SKIP","floor":2},{"not_picked":["Variant","DreamingCurrent","FairyFestival"],"picked":"Singing Bowl","floor":3},{"not_picked":["ReplayGash","Darkness"],"picked":"Coolheaded","floor":3},{"not_picked":["Auto Shields","Rainbow"],"picked":"Cold Snap","floor":3},{"not_picked":["Murderer","LaLuna","SnowQueen"],"picked":"Singing Bowl","floor":4},{"not_picked":["Beam Cell","Turbo"],"picked":"Reinforced Body","floor":4},{"not_picked":["Reinforced Body","Go for the Eyes","StuffTheSpire:CleanHardDrive"],"picked":"SKIP","floor":4},{"not_picked":["WallGazer","CherryBlossoms"],"picked":"OSAHOGD","floor":7},{"not_picked":["Turbo","aspiration:Polymerization","Rebound"],"picked":"SKIP","floor":7},{"not_picked":["PunishingBird","MHz","BigBird"],"picked":"Singing Bowl","floor":10},{"not_picked":["hubris:DoWhile","Gash","Beam Cell"],"picked":"SKIP","floor":10},{"not_picked":["Wellcheers","Laetitia","ShyLook"],"picked":"Singing Bowl","floor":12},{"not_picked":["Barrage","Self Repair","StuffTheSpire:SnapShoot"],"picked":"SKIP","floor":12},{"not_picked":["Variant","HappyTeddy","Murderer"],"picked":"Singing Bowl","floor":13},{"not_picked":["ReplayRNGCard","Gash"],"picked":"StuffTheSpire:Coldhearted","floor":13},{"not_picked":["OldLady","BeautyBeast","Bloodbath"],"picked":"Singing Bowl","floor":16},{"not_picked":["Reboot","Rainbow"],"picked":"Buffer","floor":16},{"not_picked":["VoidDream","WallGazer","ShyLook"],"picked":"Singing Bowl","floor":18},{"not_picked":["StuffTheSpire:LoadUp","ReplayTheSpireMod:System Scan+1"],"picked":"Tempest","floor":18},{"not_picked":["Ball Lightning","Compile Driver","Tempest"],"picked":"SKIP","floor":18},{"not_picked":["Hologram","ReplayTheSpireMod:System Scan+1"],"picked":"Redo+1","floor":20},{"not_picked":["OldLady","SnowQueen","FairyFestival"],"picked":"Singing Bowl","floor":20},{"not_picked":["Tempest","StuffTheSpire:GlassShard","Conserve Battery"],"picked":"SKIP","floor":20},{"not_picked":["Yin","OldLady","ShyLook"],"picked":"Singing Bowl","floor":24},{"not_picked":["Go for the Eyes","Multi-Cast"],"picked":"Lockon","floor":24},{"not_picked":["FieryBird","Murderer","OldLady"],"picked":"Singing Bowl","floor":27},{"not_picked":["Storm+1","Fusion","Turbo"],"picked":"SKIP","floor":27},{"not_picked":["Laetitia","QueenOfHatred","ShyLook"],"picked":"Singing Bowl","floor":28},{"not_picked":["Compile Driver","Sweeping Beam"],"picked":"StuffTheSpire:Coldhearted+1","floor":28},{"not_picked":["BlackArmy","LaLuna","GalaxyChild"],"picked":"Singing Bowl","floor":29},{"not_picked":["Darkness","Fusion"],"picked":"Ball Lightning","floor":29},{"not_picked":["Laetitia","Murderer","MeatLantern"],"picked":"Singing Bowl","floor":33},{"not_picked":["hubris:Prefetch","ReplayRNGCard"],"picked":"Echo Form","floor":33},{"not_picked":["Freischutz","BigBadWolf","Alriune"],"picked":"Singing Bowl","floor":35},{"not_picked":["Go for the Eyes","Hologram"],"picked":"Skim","floor":35},{"not_picked":["Hologram+1","Force Field"],"picked":"Leap+1","floor":35},{"not_picked":["BeautyBeast","DespairKnight","Rudolta"],"picked":"Singing Bowl","floor":36},{"not_picked":["Lockon","Sunder+1","Cold Snap+1"],"picked":"SKIP","floor":36},{"not_picked":["Chaos+1","Go for the Eyes+1","DiskWipe"],"picked":"SKIP","floor":36},{"not_picked":["Go for the Eyes+1","All For One"],"picked":"hubris:PowerSurge","floor":39},{"not_picked":["GalaxyChild","CENSORED","Freischutz"],"picked":"Singing Bowl","floor":39},{"not_picked":["ReplayTheSpireMod:System Scan","Beam Cell","Compile Driver"],"picked":"SKIP","floor":39},{"not_picked":["Porccubus","NakedNest","Rudolta"],"picked":"Singing Bowl","floor":41},{"not_picked":["Beam Cell+1","Rebound","Consume"],"picked":"SKIP","floor":41},{"not_picked":["Funeral","Murderer","DreamingCurrent"],"picked":"Singing Bowl","floor":44},{"not_picked":["Darkness","aspiration:Polymerization+1"],"picked":"Recycle+1","floor":44},{"not_picked":["Scarecrow","Porccubus","NakedNest"],"picked":"Singing Bowl","floor":48},{"not_picked":["StuffTheSpire:LoadUp+1","ReplayRNGCard","Hologram"],"picked":"SKIP","floor":48},{"not_picked":["hubris:SpecializedCircuitry","StuffTheSpire:Purify"],"picked":"Electrodynamics","floor":50}],"player_experience":1890610,"relics_obtained":[{"floor":7,"key":"Lantern"},{"floor":9,"key":"StuffTheSpire:ForceGauntlet"},{"floor":10,"key":"Replay:Multitool"},{"floor":12,"key":"hubris:CrystalStatue"},{"floor":13,"key":"aspiration:HatOfInfinitePower"},{"floor":24,"key":"aspiration:FaultyCoupler"},{"floor":26,"key":"PreservedInsect"},{"floor":27,"key":"CrustySpines"},{"floor":28,"key":"reliquary:JackalopeAntler"},{"floor":29,"key":"aspiration:FetidBarrel"},{"floor":32,"key":"StuffTheSpire:HeavyRock"},{"floor":35,"key":"wanderingMiniBosses:CarrionFlame"},{"floor":41,"key":"reliquary:TatteredRug"},{"floor":43,"key":"Anchor"},{"floor":44,"key":"Replay:Wax Seal"},{"floor":45,"key":"StuffTheSpire:GreaterSneckoEye"},{"floor":48,"key":"StuffTheSpire:PointBlank"},{"floor":54,"key":"Gremlin Horn"}],"event_choices":[{"cards_removed":["Regret"],"damage_healed":0,"gold_gain":0,"player_choice":"Purged","damage_taken":0,"max_hp_gain":0,"max_hp_loss":0,"event_name":"Purifier","floor":21,"gold_loss":0},{"damage_healed":0,"gold_gain":0,"player_choice":"Ignored","damage_taken":0,"max_hp_gain":0,"max_hp_loss":0,"event_name":"betterNote:BetterNote","floor":22,"gold_loss":0,"cards_obtained":["Strike_P"]},{"damage_healed":0,"gold_gain":0,"player_choice":"Paid","damage_taken":0,"relics_obtained":["Red Mask"],"max_hp_gain":0,"max_hp_loss":0,"event_name":"Tomb of Lord Red Mask","floor":38,"gold_loss":69}],"is_beta":false,"boss_relics":[{"not_picked":["hubris:RunicObelisk","halation:PinkAlligatorPlush"],"picked":"hubris:TerracottaHorce"},{"not_picked":["Ring of Chaos","Pandora\u0027s Box"],"picked":"hubris:Backtick"},{"not_picked":["energizedSpire:UnstableMolecules","Coffee Dripper"],"picked":"Nuclear Battery"}],"items_purged_floors":[30,37,42,53],"is_endless":true,"potions_floor_spawned":[4,10,13,16,24,27,28,29,41,44,48,55],"ascension_level":10}}