{"host":"59fzh68erzs7h44i","time":1611961992,"event":{"mods":["AchievementEnabler","BaseMod","Downfall","Minty Spire (QoL Compilation)","StSLib","The Jungle"],"gold_per_floor":[114,114,39,55,67,67,94,44,70,81,101,101,101,121,121,225,225,235,235,52,52,64,64,80,80,80,97,113,131,131,6,6,102,102,122,137,137,137,153,186,186,205,205,205,217,217,217,217],"floor_reached":47,"language":"ENG","playtime":2491,"items_purged":["Defend_P","Defend_P","Strike_P"],"score":509,"play_id":"56be06fc-a435-466c-a733-b82015b4867c","local_time":"20210129181312","is_ascension_mode":false,"campfire_choices":[{"data":"JustLucky","floor":6,"key":"SMITH"},{"data":"JustLucky","floor":12,"key":"SMITH"},{"floor":15,"key":"REST"},{"data":"Dramatic Entrance","floor":23,"key":"SMITH"},{"floor":32,"key":"REST"},{"floor":41,"key":"REST"},{"floor":44,"key":"REST"},{"floor":46,"key":"REST"}],"circlet_count":0,"master_deck":["Strike_P","Strike_P","Defend_P+1","CurseOfTheBell","ThirdEye+1","JustLucky+1","ThirdEye","FollowUp","Weave","WindmillStrike","Nirvana","Weave","JustLucky+1","FollowUp","Devotion","JustLucky+1","Dramatic Entrance+1","CutThroughFate+1","Prostrate","Prostrate","Consecrate+1","DeusExMachina","CutThroughFate","Nirvana","Parasite","Alpha","Nirvana+1","Weave"],"relics":["Calling Bell","Damaru","Mummified Hand","Prayer Wheel","Bag of Marbles","War Paint","VioletLotus","Kunai","Philosopher\u0027s Stone","Dream Catcher","Darkstone Periapt"],"acts_visited":["Exordium","TheCity","TheBeyond"],"potions_floor_usage":[16,16,24,27,42,45],"damage_taken":[{"damage":0,"enemies":"2 Louse","floor":1,"turns":2},{"damage":4,"enemies":"Cultist","floor":4,"turns":4},{"damage":5,"enemies":"Jaw Worm","floor":5,"turns":6},{"damage":27,"enemies":"3 Sentries","floor":7,"turns":10},{"damage":0,"enemies":"Looter","floor":10,"turns":3},{"damage":5,"enemies":"Red Slaver","floor":11,"turns":3},{"damage":0,"enemies":"3 Louse","floor":14,"turns":2},{"damage":30,"enemies":"Slime Boss","floor":16,"turns":10},{"damage":14,"enemies":"2 Thieves","floor":18,"turns":4},{"damage":11,"enemies":"Spheric Guardian","floor":22,"turns":5},{"damage":0,"enemies":"Snecko","floor":24,"turns":4},{"damage":12,"enemies":"Centurion and Healer","floor":27,"turns":4},{"damage":12,"enemies":"Shelled Parasite and Fungi","floor":28,"turns":5},{"damage":3,"enemies":"Sentry and Sphere","floor":29,"turns":4},{"damage":0,"enemies":"Automaton","floor":33,"turns":8},{"damage":20,"enemies":"3 Darklings","floor":35,"turns":4},{"damage":13,"enemies":"3 Shapes","floor":36,"turns":3},{"damage":14,"enemies":"Writhing Mass","floor":39,"turns":8},{"damage":6,"enemies":"Giant Head","floor":40,"turns":7},{"damage":9,"enemies":"Transient","floor":42,"turns":5},{"damage":43,"enemies":"3 Darklings","floor":45,"turns":3},{"damage":31,"enemies":"Jaw Worm Horde","floor":47,"turns":3}],"seed_played":"593942434288848644","potions_obtained":[{"floor":4,"key":"Energy Potion"},{"floor":7,"key":"StancePotion"},{"floor":14,"key":"BlessingOfTheForge"},{"floor":16,"key":"BlessingOfTheForge"},{"floor":18,"key":"AttackPotion"},{"floor":33,"key":"BottledMiracle"},{"floor":35,"key":"champ:CounterPotion"},{"floor":42,"key":"BlessingOfTheForge"}],"is_trial":false,"path_per_floor":["M","?","$","M","M","R","E","?","T","M","M","R","?","M","R","B",null,"M","?","$","?","M","R","M","?","T","M","M","M","?","$","R","B",null,"M","M","?","$","M","E","R","M","T","R","M","R","M"],"character_chosen":"WATCHER","items_purchased":["Dramatic Entrance"],"campfire_rested":5,"item_purchase_floors":[20],"current_hp_per_floor":[72,72,72,68,63,63,36,36,36,36,31,31,24,24,45,15,72,58,58,58,58,47,47,47,47,47,35,23,20,20,20,41,41,72,52,39,39,39,25,19,40,31,31,52,9,30,0,0],"gold":217,"neow_bonus":"BOSS_RELIC","is_daily":false,"chose_seed":false,"campfire_upgraded":3,"win_rate":0.0,"timestamp":1611961992,"path_taken":["M","?","$","?","M","R","E","?","T","M","M","R","?","M","R","BOSS","M","?","$","?","M","R","M","?","T","M","?","M","?","?","R","BOSS","M","M","?","$","M","E","R","M","T","R","?","R","M"],"items_purchased_type":["Card"],"build_version":"2020-12-22","purchased_purges":3,"victory":false,"max_hp_per_floor":[72,72,72,72,72,72,72,72,72,72,72,72,72,72,72,72,72,72,72,72,72,72,72,72,72,72,72,72,72,72,72,72,72,72,72,72,72,72,72,72,72,72,72,72,72,72,72,72],"card_choices":[{"not_picked":["WheelKick","Vengeance"],"picked":"ThirdEye","floor":1},{"not_picked":["ClearTheMind","Consecrate"],"picked":"JustLucky","floor":1},{"not_picked":["PathToVictory","Evaluate"],"picked":"ThirdEye","floor":4},{"not_picked":["Prostrate","ThirdEye"],"picked":"FollowUp","floor":4},{"not_picked":["WaveOfTheHand","Consecrate"],"picked":"Weave","floor":5},{"not_picked":["EmptyBody","Meditate"],"picked":"WindmillStrike","floor":5},{"not_picked":["Wallop","DevaForm"],"picked":"Nirvana","floor":7},{"not_picked":["JustLucky","Indignation"],"picked":"Weave","floor":10},{"not_picked":["Consecrate","Fasting2","Halt"],"picked":"SKIP","floor":10},{"not_picked":["TalkToTheHand","EmptyMind"],"picked":"JustLucky","floor":11},{"not_picked":["TalkToTheHand","EmptyMind"],"picked":"FollowUp","floor":11},{"not_picked":["FlurryOfBlows","Meditate","Wallop"],"picked":"SKIP","floor":14},{"not_picked":["BowlingBash","Vault","WheelKick"],"picked":"SKIP","floor":14},{"not_picked":["Omniscience","Brilliance"],"picked":"Devotion","floor":16},{"not_picked":["MentalFortress","CrushJoints"],"picked":"JustLucky+1","floor":18},{"not_picked":["Wallop","Adaptation","Perseverance"],"picked":"SKIP","floor":18},{"not_picked":["JustLucky","ReachHeaven"],"picked":"CutThroughFate+1","floor":22},{"not_picked":["ClearTheMind","SignatureMove+1","FlyingSleeves"],"picked":"SKIP","floor":22},{"not_picked":["JustLucky","Swivel+1"],"picked":"Prostrate","floor":24},{"not_picked":["WreathOfFlame","Indignation+1"],"picked":"Prostrate","floor":24},{"not_picked":["ClearTheMind","FollowUp"],"picked":"Consecrate+1","floor":27},{"not_picked":["Fasting2","BattleHymn+1","Adaptation"],"picked":"SKIP","floor":27},{"not_picked":["FlyingSleeves","FlurryOfBlows","Indignation"],"picked":"SKIP","floor":28},{"not_picked":["Adaptation","MasterReality","Crescendo"],"picked":"SKIP","floor":28},{"not_picked":["Protect","Crescendo","PathToVictory+1"],"picked":"SKIP","floor":29},{"not_picked":["FlurryOfBlows+1","Prostrate","Study"],"picked":"SKIP","floor":29},{"not_picked":["Judgement","Vault"],"picked":"DeusExMachina","floor":33},{"not_picked":["FlurryOfBlows","Swivel","Consecrate+1"],"picked":"SKIP","floor":35},{"not_picked":["SashWhip","Halt+1","WaveOfTheHand+1"],"picked":"SKIP","floor":35},{"not_picked":["PathToVictory","ClearTheMind+1"],"picked":"CutThroughFate","floor":36},{"not_picked":["Pray+1","EmptyBody+1","Evaluate"],"picked":"SKIP","floor":36},{"not_picked":["FlurryOfBlows+1","Indignation+1"],"picked":"Alpha","floor":39},{"not_picked":["EmptyBody","SashWhip+1","Swivel"],"picked":"SKIP","floor":39},{"not_picked":["ClearTheMind+1","Halt","Pray"],"picked":"SKIP","floor":40},{"not_picked":["Protect+1","Meditate+1"],"picked":"Nirvana+1","floor":42},{"not_picked":["Collect+1","LikeWater","SashWhip"],"picked":"SKIP","floor":42},{"not_picked":["Halt","Vengeance"],"picked":"Weave","floor":44},{"not_picked":["Consecrate+1","FlyingSleeves+1","SashWhip"],"picked":"SKIP","floor":45},{"not_picked":["SandsOfTime+1","Meditate","Consecrate+1"],"picked":"SKIP","floor":45}],"player_experience":191695,"relics_obtained":[{"floor":0,"key":"Damaru"},{"floor":0,"key":"Mummified Hand"},{"floor":0,"key":"Prayer Wheel"},{"floor":7,"key":"Bag of Marbles"},{"floor":9,"key":"War Paint"},{"floor":26,"key":"Kunai"},{"floor":40,"key":"Dream Catcher"},{"floor":43,"key":"Darkstone Periapt"}],"event_choices":[{"cards_removed":["Eruption"],"damage_healed":0,"gold_gain":0,"player_choice":"Offered Basic","damage_taken":0,"max_hp_gain":0,"max_hp_loss":0,"event_name":"Bonfire Elementals","floor":2,"gold_loss":0},{"cards_removed":["Defend_P"],"damage_healed":0,"gold_gain":0,"player_choice":"Card Removal","damage_taken":0,"max_hp_gain":0,"max_hp_loss":0,"event_name":"The Cleric","floor":8,"gold_loss":50},{"damage_healed":0,"gold_gain":0,"player_choice":"Damaged","damage_taken":7,"max_hp_gain":0,"max_hp_loss":0,"event_name":"Wheel of Change","floor":13,"gold_loss":0},{"damage_healed":0,"gold_gain":0,"player_choice":"Ignored","damage_taken":0,"max_hp_gain":0,"max_hp_loss":0,"event_name":"Cursed Tome","floor":19,"gold_loss":0},{"cards_removed":["Strike_P"],"damage_healed":0,"gold_gain":0,"player_choice":"Purged","damage_taken":0,"max_hp_gain":0,"max_hp_loss":0,"event_name":"Purifier","floor":25,"gold_loss":0},{"cards_removed":["Vigilance"],"damage_healed":0,"gold_gain":0,"player_choice":"Elegance","damage_taken":0,"max_hp_gain":0,"max_hp_loss":0,"event_name":"Back to Basics","floor":30,"gold_loss":0},{"damage_healed":0,"gold_gain":0,"player_choice":"Copied","damage_taken":0,"max_hp_gain":0,"max_hp_loss":0,"event_name":"Duplicator","floor":37,"gold_loss":0,"cards_obtained":["Nirvana"]}],"is_beta":false,"boss_relics":[{"not_picked":["Runic Pyramid","bronze:MakeshiftBattery"],"picked":"VioletLotus"},{"not_picked":["Snecko Eye","Runic Dome"],"picked":"Philosopher\u0027s Stone"}],"items_purged_floors":[3,20,31],"is_endless":false,"potions_floor_spawned":[4,7,14,16,18,22,33,35,36,40,42],"killed_by":"Jaw Worm Horde","ascension_level":0}}