{"host":"vk2n6bsv4f6zkux3","time":1611925280,"event":{"mods":["BaseMod","Minty Spire (QoL Compilation)","Quick Restart","Shop Mod","StSLib"],"gold_per_floor":[1108,1108,1125,1125,1125,1125,1138,6977,7002,7021,7037,7100,7100,5952,5952,6053,6053,6070,6070,6083,6093,5002,5002,5016,5016,5016,5033,5033,3947,3960,3970,3970,4069,4069,4089,3257,3271,3281,3281,3313,3336,3348,3360,3390,8991,7956,7866,7880,7880,7880],"floor_reached":51,"language":"ENG","playtime":4916,"items_purged":["Strike_B","Defend_B","Defend_B","Strike_B","Defend_B"],"score":921,"play_id":"80ab79d5-7c9f-421a-bbea-cfb27171e542","local_time":"20210129080119","is_ascension_mode":false,"campfire_choices":[{"data":"Zap","floor":6,"key":"SMITH"},{"data":"Defragment","floor":13,"key":"SMITH"},{"data":"Defragment","floor":15,"key":"SMITH"},{"data":"Redo","floor":23,"key":"SMITH"},{"data":"Redo","floor":25,"key":"SMITH"},{"data":"Redo","floor":32,"key":"SMITH"},{"data":"Rainbow","floor":42,"key":"SMITH"},{"data":"Rainbow","floor":49,"key":"SMITH"}],"circlet_count":0,"master_deck":["Strike_B","Zap+1","Dualcast","Coolheaded","Ball Lightning","Multi-Cast","Beam Cell","Reinforced Body","Consume+1","Ball Lightning","Consume","Defragment+1","FTL","Chaos","Beam Cell","Ball Lightning","Meteor Strike","Glacier","Fusion","Defragment+1","Biased Cognition","Steam Power","Redo+1","Redo+1","Loop","Coolheaded","Beam Cell","Ball Lightning","Heatsinks+1","Redo+1","Self Repair","Meteor Strike","Stack","Redo","Electrodynamics","Rainbow+1","Heatsinks+1","Coolheaded","Ball Lightning","Apotheosis","Steam","Cold Snap","Enlightenment","Magnetism","Panache","Electrodynamics","Rainbow+1","Defragment","FTL","Blizzard","Stack","Stack+1"],"relics":["Cracked Core","Pantograph","Bronze Scales","Strange Spoon","MerchantsRug","Centennial Puzzle","Oddly Smooth Stone","Mummified Hand","Philosopher\u0027s Stone","Unceasing Top","Chemical X","Bottled Lightning","Ornamental Fan","Nloth\u0027s Gift","HornCleat","Omamori","OrangePellets","Inserter","PreservedInsect","Darkstone Periapt","Cauldron","MawBank","Pear","Red Mask","Boot","Kunai","Lee\u0027s Waffle"],"acts_visited":["Exordium","TheCity","TheBeyond"],"potions_floor_usage":[7,11,12,12,16,16,18,20,24,24,27,30,30,31,31,40,40,40,50,50],"damage_taken":[{"damage":13,"enemies":"2 Louse","floor":1,"turns":2},{"damage":1,"enemies":"Jaw Worm","floor":3,"turns":3},{"damage":0,"enemies":"Cultist","floor":7,"turns":3},{"damage":6,"enemies":"Looter","floor":10,"turns":3},{"damage":0,"enemies":"Gremlin Gang","floor":11,"turns":3},{"damage":18,"enemies":"Lagavulin Event","floor":12,"turns":3},{"damage":21,"enemies":"The Guardian","floor":16,"turns":6},{"damage":16,"enemies":"2 Thieves","floor":18,"turns":2},{"damage":13,"enemies":"Shell Parasite","floor":20,"turns":3},{"damage":0,"enemies":"Snecko","floor":21,"turns":5},{"damage":3,"enemies":"3 Cultists","floor":24,"turns":4},{"damage":20,"enemies":"Snake Plant","floor":27,"turns":3},{"damage":4,"enemies":"Cultist and Chosen","floor":30,"turns":3},{"damage":0,"enemies":"Centurion and Healer","floor":31,"turns":3},{"damage":0,"enemies":"Collector","floor":33,"turns":5},{"damage":10,"enemies":"Orb Walker","floor":35,"turns":2},{"damage":9,"enemies":"3 Darklings","floor":37,"turns":4},{"damage":17,"enemies":"Writhing Mass","floor":38,"turns":4},{"damage":38,"enemies":"Nemesis","floor":40,"turns":3},{"damage":0,"enemies":"Sphere and 2 Shapes","floor":41,"turns":2},{"damage":0,"enemies":"Transient","floor":44,"turns":5},{"damage":0,"enemies":"Maw","floor":48,"turns":5},{"damage":11,"enemies":"Awakened One","floor":50,"turns":8}],"seed_played":"7629089760408020797","potions_obtained":[{"floor":3,"key":"ColorlessPotion"},{"floor":12,"key":"FocusPotion"},{"floor":16,"key":"PowerPotion"},{"floor":18,"key":"PowerPotion"},{"floor":24,"key":"PowerPotion"},{"floor":27,"key":"LiquidMemories"},{"floor":30,"key":"FearPotion"},{"floor":33,"key":"Energy Potion"},{"floor":36,"key":"PotionOfCapacity"},{"floor":36,"key":"FocusPotion"},{"floor":44,"key":"LiquidBronze"}],"is_trial":false,"path_per_floor":["M","?","M","?","?","R","M","$","T","M","M","?","R","$","R","B",null,"M","?","M","M","$","R","M","R","T","M","?","$","M","M","R","B",null,"M","$","M","M","?","E","M","R","T","M","?","$","?","M","R","B",null],"character_chosen":"DEFECT","items_purchased":["Pantograph","Bronze Scales","Strange Spoon","Ball Lightning","Consume","Defragment","FTL","Fire Potion","FocusPotion","Fire Potion","MerchantsRug","Meteor Strike","Glacier","Fusion","Defragment","Oddly Smooth Stone","Mummified Hand","Sling","AttackPotion","LiquidMemories","Loop","Coolheaded","Beam Cell","Unceasing Top","Chemical X","BlessingOfTheForge","SkillPotion","Bottled Lightning","Redo","Self Repair","HornCleat","Omamori","OrangePellets","Regen Potion","Meteor Strike","Stack","PreservedInsect","Darkstone Periapt","Coolheaded","Ball Lightning","Apotheosis","Steam","Cauldron","Boot","Kunai","Lee\u0027s Waffle","FTL","Blizzard","Stack","FocusPotion","DistilledChaos"],"campfire_rested":0,"item_purchase_floors":[8,8,8,8,8,8,8,8,8,8,8,14,14,14,14,14,14,14,14,14,22,22,22,22,22,22,22,22,29,29,29,29,29,29,29,29,36,36,36,36,36,36,36,46,46,46,46,46,46,46,46],"current_hp_per_floor":[62,62,61,66,66,66,66,66,66,60,60,42,42,42,42,46,80,64,56,43,43,43,43,40,40,40,20,20,20,32,39,39,71,80,70,70,61,54,44,13,20,20,30,30,30,97,97,97,97,96],"gold":7880,"neow_bonus":"REMOVE_CARD","is_daily":false,"chose_seed":false,"campfire_upgraded":8,"win_rate":0.0,"timestamp":1611925279,"path_taken":["M","?","M","?","?","R","M","$","T","?","M","?","R","$","R","BOSS","M","?","M","M","$","R","?","R","T","M","?","$","M","?","R","BOSS","M","$","M","M","?","E","M","R","T","M","?","$","?","M","R","BOSS"],"items_purchased_type":["Relic","Relic","Relic","Card","Card","Card","Card","Potion","Potion","Potion","Relic","Card","Card","Card","Card","Relic","Relic","Relic","Potion","Potion","Card","Card","Card","Relic","Relic","Potion","Potion","Relic","Card","Card","Relic","Relic","Relic","Potion","Card","Card","Relic","Relic","Card","Card","Card","Card","Relic","Relic","Relic","Relic","Card","Card","Card","Potion","Potion"],"build_version":"2020-12-22","purchased_purges":5,"victory":true,"max_hp_per_floor":[75,75,75,80,80,80,80,80,80,80,80,80,80,80,80,80,80,80,80,80,80,80,80,80,80,80,80,80,80,80,80,80,80,80,80,80,80,80,80,80,80,80,90,90,90,97,97,97,97,97],"card_choices":[{"not_picked":["Go for the Eyes","Melter"],"picked":"Coolheaded","floor":1},{"not_picked":["Conserve Battery","Compile Driver"],"picked":"Ball Lightning","floor":3},{"not_picked":["Redo","Echo Form"],"picked":"Consume","floor":7},{"not_picked":["Conserve Battery","Go for the Eyes"],"picked":"Chaos","floor":10},{"not_picked":["Hello World","Aggregate"],"picked":"Beam Cell","floor":11},{"not_picked":["Steam","Consume"],"picked":"Ball Lightning","floor":12},{"not_picked":["Fission","Reboot"],"picked":"Biased Cognition","floor":16},{"not_picked":["Sweeping Beam+1","Undo"],"picked":"Steam Power","floor":18},{"not_picked":["Genetic Algorithm","Conserve Battery"],"picked":"Redo","floor":20},{"not_picked":["Melter+1","Hologram"],"picked":"Redo","floor":21},{"not_picked":["Rip and Tear","Hologram+1"],"picked":"Ball Lightning","floor":24},{"not_picked":["Compile Driver","Streamline"],"picked":"Heatsinks+1","floor":27},{"not_picked":["Turbo","Streamline+1"],"picked":"Redo","floor":30},{"not_picked":["Sweeping Beam","Go for the Eyes"],"picked":"Electrodynamics","floor":31},{"not_picked":["Amplify","Echo Form"],"picked":"Rainbow","floor":33},{"not_picked":["Hello World","Consume+1"],"picked":"Heatsinks+1","floor":35},{"not_picked":["Conserve Battery","Scrape+1"],"picked":"Cold Snap","floor":37},{"not_picked":["Rebound","Conserve Battery","Sweeping Beam+1"],"picked":"SKIP","floor":38},{"not_picked":["Good Instincts","Forethought"],"picked":"Enlightenment","floor":39},{"not_picked":["Purity","The Bomb"],"picked":"Magnetism","floor":39},{"not_picked":["Bandage Up","Swift Strike"],"picked":"Panache","floor":39},{"not_picked":["Buffer","Leap+1"],"picked":"Electrodynamics","floor":40},{"not_picked":["Go for the Eyes","Conserve Battery"],"picked":"Rainbow","floor":41},{"not_picked":["Reinforced Body","Sweeping Beam"],"picked":"Defragment","floor":44},{"not_picked":["Compile Driver","Hologram"],"picked":"Stack+1","floor":48}],"player_experience":72851,"relics_obtained":[{"floor":12,"key":"Centennial Puzzle"},{"floor":26,"key":"Ornamental Fan"},{"floor":40,"key":"MawBank"},{"floor":43,"key":"Pear"}],"event_choices":[{"damage_healed":0,"gold_gain":0,"player_choice":"Ignored","damage_taken":0,"max_hp_gain":0,"max_hp_loss":0,"event_name":"Golden Idol","floor":2,"gold_loss":0},{"damage_healed":0,"gold_gain":0,"player_choice":"Donut","damage_taken":0,"max_hp_gain":5,"max_hp_loss":0,"event_name":"Big Fish","floor":4,"gold_loss":0},{"damage_healed":0,"gold_gain":0,"player_choice":"3 cards matched","damage_taken":0,"max_hp_gain":0,"max_hp_loss":0,"event_name":"Match and Keep!","floor":5,"gold_loss":0,"cards_obtained":["Multi-Cast","Beam Cell","Reinforced Body"]},{"damage_healed":0,"gold_gain":30,"player_choice":"Searched \u00273\u0027 times","damage_taken":0,"max_hp_gain":0,"max_hp_loss":0,"event_name":"Dead Adventurer","floor":12,"gold_loss":0},{"damage_healed":0,"gold_gain":0,"player_choice":"Damaged","damage_taken":8,"max_hp_gain":0,"max_hp_loss":0,"event_name":"Wheel of Change","floor":19,"gold_loss":0},{"damage_healed":0,"gold_gain":0,"player_choice":"Traded Relic","damage_taken":0,"relics_obtained":["Nloth\u0027s Gift"],"max_hp_gain":0,"max_hp_loss":0,"event_name":"N\u0027loth","floor":28,"relics_lost":["Sling"],"gold_loss":0},{"damage_healed":0,"gold_gain":0,"player_choice":"Memory 3","damage_taken":10,"max_hp_gain":0,"max_hp_loss":0,"event_name":"SensoryStone","floor":39,"gold_loss":0},{"damage_healed":0,"gold_gain":0,"player_choice":"Paid","damage_taken":0,"relics_obtained":["Red Mask"],"max_hp_gain":0,"max_hp_loss":0,"event_name":"Tomb of Lord Red Mask","floor":45,"gold_loss":3402},{"cards_removed":["Defend_B"],"damage_healed":0,"gold_gain":0,"player_choice":"Upgrade and Remove","damage_taken":0,"max_hp_gain":0,"max_hp_loss":0,"event_name":"Designer","floor":47,"gold_loss":90,"cards_upgraded":["Consume"]}],"is_beta":false,"boss_relics":[{"not_picked":["Snecko Eye","Fusion Hammer"],"picked":"Philosopher\u0027s Stone"},{"not_picked":["SlaversCollar","Nuclear Battery"],"picked":"Inserter"}],"items_purged_floors":[8,14,22,29,46],"is_endless":false,"potions_floor_spawned":[3,12,16,18,24,27,30,33,38,44,48],"ascension_level":0}}