{"host":"3wijtn94dq1zoyhj","time":1611907164,"event":{"mods":["ATMod(°¢èªMod)","Act Like it!","Ascension Reborn","Aspiration","BaseMod","Dota2Spire","Gensokyo","GifTheSpireLib","Lobotomy","Marisa£¨ìFÓê¡¡Ä§ÀíÉ³£©","Minty Spire (QoL Compilation)","MostiFishMod","Quick Restart","Reimu£¨²©ÀöÁéÃÎ£©","Remilia£¨ÀÙÃ×ÀòÑÇ£©","Replay The Spire","Shop Mod","Spicy Shops","StSLib","The Construct","The Cursed","The Hierophant","The Servant 0.9.4","¡¾¹¦ÄÜMod¡¿´ÏÃ÷µÄ×îÖÕBoss","¡¾ÒÅÎï¿¨ÅÆ¡¿REMEMod","óô»ðÖ¸ÄÏ"],"gold_per_floor":[114,114,114,131,131,164,164,164,164,192,192,209,237,251,251,354,354,370,394,412,687,687,714,733,733,759,779,779,812,829,860,514,613,613,633,633,650,650,650,394,394,480,480,539,580,580,580,640,640,665,665,72,72,352,477],"floor_reached":56,"language":"ZHS","playtime":2609,"items_purged":["Injury","Normality","Regret","FloweringNight+1","Writhe"],"score":1981,"play_id":"bb91679d-1c85-4ad1-84b7-d274671b22d0","local_time":"20210129155923","is_ascension_mode":true,"campfire_choices":[{"floor":7,"key":"RECALL"},{"data":"Pain","floor":15,"key":"PURGE"},{"data":"1","floor":15,"key":"LIFT"},{"data":"2","floor":25,"key":"LIFT"},{"data":"3","floor":49,"key":"LIFT"}],"circlet_count":0,"master_deck":["AscendersBane","Strike_S+1","Strike_S","Strike_S","Strike_S","Defend_S","Defend_S","Defend_S","Defend_S","KidneyShot+1","Exchange","AT_EmpoweredMortalDraw+1","Reset","Read+1","Read+1","FlawlessForm+1","MostiFishMod:PerfectForm+1","Ricochet","Starlight","Revamp+1","Read+1","Moondial+1","Snipe","Collapse","Specialist","SurpressingFire","Barrier+1","BottledTime+1","Sunlight+1","Contraction+1","Spin","InstantArmor+1","BestPractice+1","AT_LightSaberMaster+1","TimeTheft+1","Gouge","BottledTime+1","Deadline+1","Advance+1","Barrier+1","Desolation","Rearm+1","WasteNot","Unruled","TheWorld+1","SpecialFormula+1","PendulumOfEternity+1","Alleviate+1","ShiftingGears+1","REME_HeartOfCthun","LightFlow","Read+1","RealityMarble","Sabotage","Unruled","ReplayUltimateDefense+1","SoulSculpture","SilverBlades","Sabotage","Swift Strike","DoubleEdge+1","MostiFishMod:MusicBox+1","MostiFishMod:JungleRules+1","REME_FirmDetermination","ForgedInTime+1","ReplayTheSpireMod:Private Reserves+1","Crow Ritual","ShiftingGears+1"],"relics":["Uniform","DaveBox","AT_ATBox","REME_ComplimentaryCards","DiscerningMonocle","Pondfish Scales","SynthV:TestCard","Toxic Egg 2","TimeFreeze","aspiration:HummingbirdHeart","Replay:Bottled Steam","OrangePellets","MerchantsRug","Girya","Chemical X","Sling","Dota2Spire:BattleFury","SentryEyes","AT_BellowingDragoncrestRing","AT_SilvercatRing","Bag of Marbles","WarpedTongs","HornCleat","Replay:Grab Bag","Philosopher\u0027s Stone","Fusion Hammer","Astrolabe","OldScarf","Whetstone","Pan","Technique","Replay:Rubber Ducky","Replay:Accelerometer","BionicSphere","Dodecahedron","Dota2Spire:BlackKingBar","DianPoetry","REME_CardOfGreed","ReplayFunnel","aspiration:RitualStick","AT_EbonyIvory","Replay:Towering Pillar of Hats","ChiXiaoBlade","Matryoshka","Medical Kit","White Beast Statue","Dota2Spire:MonkeyKingBar","AT_MibuBalloonWealth","Dota2Spire:CrimsonGuard","Ancient Tea Set","aspiration:FrozenJewel","Bottled Lightning","Civilization","Replay:Bottled Flurry","REME_IWantAll","Strange Spoon","Replay:Mystery Machine","Dota2Spire:PhaseBoots","PreservedInsect","Strawberry","ReplayTheSpireMod:ShopPack","Dota2Spire:Mjollnir","AT_TheCollector","Guide Book","Membership Card","MostiFishMod:AdaptiveDefenses","PaperSwan","Broom","Ying","FossilizedHelix"],"acts_visited":["Exordium","TheCity","TheBeyond","TheEnding"],"potions_floor_usage":[13,14,16],"damage_taken":[{"damage":0.0,"enemies":"Small Slimes","floor":1.0,"turns":3.0},{"damage":2,"enemies":"Jaw Worm","floor":4,"turns":4},{"damage":0,"enemies":"Gremlin Nob","floor":6,"turns":4},{"damage":7,"enemies":"Lagavulin","floor":10,"turns":3},{"damage":0,"enemies":"Cultist","floor":12,"turns":3},{"damage":0,"enemies":"3 Sentries","floor":13,"turns":2},{"damage":0,"enemies":"Gremlin Gang","floor":14,"turns":1},{"damage":6,"enemies":"Slime Boss","floor":16,"turns":5},{"damage":0,"enemies":"3 Byrds","floor":18,"turns":1},{"damage":0,"enemies":"Shell Parasite","floor":20,"turns":2},{"damage":0,"enemies":"Replay:Snechameleon","floor":23,"turns":2},{"damage":0,"enemies":"Cultist and Chosen","floor":24,"turns":2},{"damage":0,"enemies":"Snecko","floor":27,"turns":2},{"damage":0,"enemies":"Book of Stabbing","floor":29,"turns":1},{"damage":0,"enemies":"3 Cultists","floor":30,"turns":1},{"damage":0,"enemies":"Slavers","floor":31,"turns":1},{"damage":2,"enemies":"Automaton","floor":33,"turns":7},{"damage":0,"enemies":"Orb Walker","floor":35,"turns":1},{"damage":0,"enemies":"3 Shapes","floor":42,"turns":1},{"damage":0,"enemies":"Nemesis","floor":44,"turns":2},{"damage":0,"enemies":"Spire Growth","floor":45,"turns":1},{"damage":0,"enemies":"Giant Head","floor":48,"turns":2},{"damage":0,"enemies":"Replay:Hell Engine","floor":50,"turns":2},{"damage":0,"enemies":"Shield and Spear","floor":54,"turns":1},{"damage":0,"enemies":"The Heart","floor":55,"turns":4}],"seed_played":"1350631127031926335","potions_obtained":[{"floor":1.0,"key":"Explosive Potion"},{"floor":13,"key":"Block Potion"},{"floor":18,"key":"GamblersBrew"}],"is_trial":false,"path_per_floor":["M","?","$","M","$","E","R","?","T","E","?","M","E","M","R","B",null,"M","$","M","?","$","E","M","R","T","M","?","E","M","E","R","B",null,"M","?","$","?","?","R","$","M","T","E","M","$","$","E","R","B",null,"R","$","E","B",null],"character_chosen":"THE_SERVANT","items_purchased":["TimeFreeze","aspiration:HummingbirdHeart","Replay:Bottled Steam","OrangePellets","CultistPotion","Toxic Potion","Read+1","FlawlessForm","MostiFishMod:PerfectForm","ReplayTheSpireMod:Trickstab","Ricochet","Starlight","Revamp+1","MerchantsRug","Girya","Chemical X","Sling","Dota2Spire:BattleFury","SentryEyes","AT_BellowingDragoncrestRing","Read+1","Moondial+1","Snipe","Collapse","Specialist","SurpressingFire","OldScarf","Whetstone","Pan","Technique","Replay:Rubber Ducky","Replay:Accelerometer","Adrenaline Potion","Gouge","BottledTime+1","Deadline+1","Death Potion","BionicSphere","Dodecahedron","Dota2Spire:BlackKingBar","DianPoetry","Barrier+1","Desolation","Rearm+1","WasteNot","Unruled","REME_CardOfGreed","Replay:Towering Pillar of Hats","REME_HeartOfCthun","Matryoshka","Medical Kit","White Beast Statue","Death Potion","RealityMarble","Dota2Spire:MonkeyKingBar","AT_MibuBalloonWealth","Dota2Spire:CrimsonGuard","ReplayUltimateDefense","SoulSculpture","Bottled Lightning","Civilization","Replay:Bottled Flurry","REME_IWantAll","Strange Spoon","SilverBlades","Sabotage","Swift Strike","Replay:Mystery Machine","Dota2Spire:PhaseBoots","PreservedInsect","Strawberry","ReplayTheSpireMod:ShopPack","DoubleEdge+1","AT_TheCollector","Guide Book","Membership Card","ForgedInTime+1","ReplayTheSpireMod:Private Reserves+1","MostiFishMod:AdaptiveDefenses","PaperSwan","Broom","Ying","Crow Ritual","ShiftingGears+1"],"campfire_rested":0,"item_purchase_floors":[3,3,3,3,3,3,3,3,3,3,3,3,3,3,5,5,5,5,5,5,5,5,5,5,5,5,19,19,19,19,19,19,19,19,19,19,19,22,22,22,22,22,22,22,22,22,22,32,32,37,37,37,37,37,40,41,41,41,41,46,46,46,46,46,46,46,46,47,47,47,47,47,47,52,52,52,52,52,53,53,53,53,53,53],"current_hp_per_floor":[59,59,59,57,57,57,57,57,57,50,50,50,50,50,50,44,60,60,60,60,60,60,60,60,60,60,60,47,47,47,47,47,53,62,62,62,62,65,65,65,65,65,65,65,65,65,72,73,73,76,76,76,76,81,86],"gold":477,"neow_bonus":"ONE_RARE_RELIC","is_daily":false,"chose_seed":false,"campfire_upgraded":0,"win_rate":0.0,"timestamp":1611907163,"path_taken":["M","?","$","M","$","E","R","?","T","E","?","?","E","?","R","BOSS","M","$","M","?","$","E","M","R","T","?","?","E","M","E","R","BOSS","M","?","$","?","?","R","$","M","T","E","?","?","$","E","R","BOSS","R","$","E","BOSS"],"items_purchased_type":["Relic","Relic","Relic","Relic","Potion","Potion","Card","Card","Card","Card","Card","Card","Card","Relic","Relic","Relic","Relic","Relic","Relic","Relic","Card","Card","Card","Card","Card","Card","Relic","Relic","Relic","Relic","Relic","Relic","Potion","Card","Card","Card","Potion","Relic","Relic","Relic","Relic","Card","Card","Card","Card","Card","Relic","Relic","Card","Relic","Relic","Relic","Potion","Card","Relic","Relic","Relic","Card","Card","Relic","Relic","Relic","Relic","Relic","Card","Card","Card","Relic","Relic","Relic","Relic","Relic","Card","Relic","Relic","Relic","Card","Card","Relic","Relic","Relic","Relic","Card","Card"],"build_version":"2020-12-22","purchased_purges":5,"victory":true,"max_hp_per_floor":[65,65,65,65,65,65,65,65,65,65,65,65,65,65,65,65,65,65,65,65,65,65,65,65,65,65,65,65,65,65,65,65,65,65,65,65,65,65,65,65,65,65,65,65,65,65,72,73,73,76,76,76,76,81,86],"card_choices":[{"not_picked":["Alleviate","StarChef"],"picked":"Reset","floor":1.0},{"not_picked":["Defy+1","GearUp+1","TimeTheft+1","Read+1"],"picked":"Barrier+1","floor":6},{"not_picked":["ShiftingGears+1","Unruled","Revamp+1","Foresight"],"picked":"BottledTime+1","floor":10},{"not_picked":["BottledTime+1","Spin","DancingSilver+1","Rearm+1"],"picked":"Sunlight","floor":12},{"not_picked":["KillingDoll","Defy+1","Alleviate+1","BottledTime+1"],"picked":"Contraction+1","floor":13},{"not_picked":["TimeWarp","Unruled","ShatteredReality","Ricochet"],"picked":"Spin","floor":14},{"not_picked":["Solidify+1","Sunlight","Deny+1","Initiator"],"picked":"FloweringNight","floor":16},{"not_picked":["TimeWarp","Shuttle+1","StarChef","Orbit+1"],"picked":"TimeTheft+1","floor":18},{"not_picked":["Shuttle+1","Revamp+1","Starlight","Unruled"],"picked":"Advance+1","floor":20},{"not_picked":["Revamp+1","ShatteredReality","FastForward+1","WasteNot"],"picked":"TheWorld+1","floor":23},{"not_picked":["Defy+1","ShatteredReality+1","Ricochet+1","Rearm+1"],"picked":"SpecialFormula+1","floor":24},{"not_picked":["Potential","Spin","Hightail+1","DancingSilver+1"],"picked":"PendulumOfEternity","floor":27},{"not_picked":["Collapse","Rearm+1","Comet","Rewind+1"],"picked":"TimeWarp","floor":29},{"not_picked":["Ricochet","BottledTime+1","ReturningBlade","Defy+1"],"picked":"Alleviate+1","floor":30},{"not_picked":["SilverBlades","Spin","Alleviate+1","StarChef"],"picked":"ShiftingGears+1","floor":31},{"not_picked":["Sunlight","PendulumOfEternity","ForgedInTime+1","Dilation+1"],"picked":"LightFlow","floor":33},{"not_picked":["Collapse+1","BottledTime+1","Spin+1","Unruled"],"picked":"Read+1","floor":35},{"not_picked":["DoubleEdge","SurpressingFire+1","Rewind+1","TimeWarp+1","BestPractice+1"],"picked":"SKIP","floor":42},{"not_picked":["Alleviate+1","FloweringNight","Potential+1","Starlight+1","Unruled+1"],"picked":"SKIP","floor":44},{"not_picked":["TimeTheft+1","Replace+1","Spin","ShatteredReality+1","DoubleEdge+1"],"picked":"SKIP","floor":45},{"not_picked":["Panache","Violence","AT_TearsDenial","MostiFishMod:StoryBook"],"picked":"MostiFishMod:MusicBox","floor":47},{"not_picked":["Secret Technique","Flash of Steel","REME_TwoStrings","ReplayTheSpireMod:Private Reserves"],"picked":"MostiFishMod:JungleRules","floor":47},{"not_picked":["MostiFishMod:ButterFly","Replay:BasicMightCard","REME_TwoStrings","Bandage Up"],"picked":"REME_FirmDetermination","floor":47},{"not_picked":["DoubleEdge","Revamp+1","Unruled+1","Alleviate+1","SpecialFormula+1"],"picked":"SKIP","floor":48},{"not_picked":["Manipulate+1","Defy+1","StarChef+1","Replace+1","Deadline+1"],"picked":"SKIP","floor":54}],"player_experience":64932,"relics_obtained":[{"floor":1.0,"key":"SynthV:TestCard"},{"floor":9,"key":"AT_SilvercatRing"},{"floor":10,"key":"Bag of Marbles"},{"floor":13,"key":"HornCleat"},{"floor":23,"key":"ReplayFunnel"},{"floor":29,"key":"AT_EbonyIvory"},{"floor":43,"key":"Ancient Tea Set"},{"floor":44,"key":"aspiration:FrozenJewel"},{"floor":48,"key":"Dota2Spire:Mjollnir"},{"floor":54,"key":"FossilizedHelix"}],"event_choices":[{"damage_healed":0,"gold_gain":0,"player_choice":"Grow","damage_taken":0,"max_hp_gain":0,"max_hp_loss":0,"event_name":"Living Wall","floor":8,"gold_loss":0,"cards_upgraded":["MostiFishMod:PerfectForm"]},{"damage_healed":0,"gold_gain":0,"player_choice":"Rummage","damage_taken":0,"relics_obtained":["WarpedTongs"],"max_hp_gain":0,"max_hp_loss":0,"event_name":"Accursed Blacksmith","floor":11,"gold_loss":0,"cards_obtained":["Pain"]},{"damage_healed":0,"gold_gain":275,"player_choice":"Desecrate","damage_taken":0,"max_hp_gain":0,"max_hp_loss":0,"event_name":"Golden Shrine","floor":21,"gold_loss":0,"cards_obtained":["Regret"]},{"cards_removed":["TimeWarp"],"damage_healed":0,"gold_gain":0,"player_choice":"Removed Attack","damage_taken":0,"max_hp_gain":0,"max_hp_loss":0,"event_name":"Falling","floor":36,"gold_loss":0},{"damage_healed":16,"gold_gain":0,"player_choice":"Writhe","damage_taken":0,"max_hp_gain":0,"max_hp_loss":0,"event_name":"Winding Halls","floor":38,"gold_loss":0,"cards_obtained":["Writhe"]},{"damage_healed":0,"gold_gain":0,"player_choice":"2 cards matched","damage_taken":0,"max_hp_gain":0,"max_hp_loss":0,"event_name":"Match and Keep!","floor":39,"gold_loss":0,"cards_obtained":["Sabotage","Unruled"]}],"is_beta":false,"boss_relics":[{"not_picked":["Sozu","SplendidAttire"],"picked":"Replay:Grab Bag"},{"not_picked":["Cursed Key","Velvet Choker"],"picked":"Philosopher\u0027s Stone"},{"not_picked":["ChewingGum","Runic Dome"],"picked":"Fusion Hammer"},{"not_picked":["MoonlightInvasionPlan","SacredBark"],"picked":"Astrolabe"},{"not_picked":["GreenFoldingFan","MysterySword"],"picked":"ChiXiaoBlade"}],"items_purged_floors":[3,5,22,37,41],"is_endless":false,"potions_floor_spawned":[1,12,13,14,16,18,24,30,42,44,45,48,54],"ascension_level":10}}