{"host":"kerxro2ytzukjey9","time":1611893586,"event":{"mods":["BaseMod","Colored Map","Downfall","Minty Spire (QoL Compilation)","Permanent Neow","StSLib"],"gold_per_floor":[0,19,35,48,33,48,73,173,184,184,218,235,235,235,245,344,344,344,359,359,359,378,378,378,378,391,403,403,420,420,420,420],"floor_reached":30,"language":"ENG","playtime":2309,"items_purged":[],"score":269,"play_id":"a20ba7e3-54f8-4f35-b7d5-29422f3b1468","local_time":"20210128231306","is_ascension_mode":true,"campfire_choices":[{"data":"sneckomod:SnekBite","floor":1,"key":"SMITH"},{"data":"sneckomod:UnknownDexterity","floor":13,"key":"SMITH"},{"data":"sneckomod:UnknownDexterity","floor":18,"key":"SMITH"},{"data":"Limit Break","floor":25,"key":"SMITH"}],"circlet_count":0,"master_deck":["sneckomod:Strike+1","sneckomod:Defend","sneckomod:TailWhip+1","sneckomod:SnekBite+1","sneckomod:Unknown","sneckomod:ImprovisedGuard","sneckomod:UnknownDexterity+1","sneckomod:UnknownExhaust","sneckomod:UnendingSupply","sneckomod:UnknownDraw","Crippling Poison","sneckomod:UnknownDexterity+1","sneckomod:UnknownExhaust","sneckomod:Unknown2Cost","sneckomod:Restock","sneckomod:RainOfDice+1","Necronomicurse","Limit Break+1","sneckomod:IronFang","sneckomod:SlitherStrike+1","sneckomod:UnknownExhaust"],"relics":["sneckomod:SneckoSoul","Whetstone","Empty Cage","Necronomicon","sneckomod:LoadedDie"],"acts_visited":["Exordium","TheCity"],"potions_floor_usage":[11,19,26,26,30,30],"damage_taken":[{"damage":3,"enemies":"2 Louse","floor":2,"turns":3},{"damage":0,"enemies":"Small Slimes","floor":3,"turns":2},{"damage":0,"enemies":"Cultist","floor":4,"turns":3},{"damage":0,"enemies":"downfall:FleeingMerchant","floor":5,"turns":4},{"damage":4,"enemies":"2 Fungi Beasts","floor":6,"turns":3},{"damage":6,"enemies":"Red Slaver","floor":9,"turns":5},{"damage":6,"enemies":"Lagavulin","floor":11,"turns":4},{"damage":12,"enemies":"2 Fungi Beasts","floor":12,"turns":3},{"damage":0,"enemies":"3 Louse","floor":15,"turns":4},{"damage":25,"enemies":"WA_ARCHETYPE_RETAIN","floor":16,"turns":8},{"damage":48,"enemies":"3 Byrds","floor":19,"turns":9},{"damage":22,"enemies":"Shell Parasite","floor":22,"turns":7},{"damage":22,"enemies":"3 Cultists","floor":26,"turns":6},{"damage":1,"enemies":"Snecko","floor":27,"turns":7},{"damage":7,"enemies":"Snake Plant","floor":29,"turns":5},{"damage":19,"enemies":"Slavers","floor":30,"turns":5}],"seed_played":"-4154809344367305185","potions_obtained":[{"floor":9,"key":"Swift Potion"},{"floor":12,"key":"Energy Potion"},{"floor":15,"key":"Dexterity Potion"},{"floor":16,"key":"GamblersBrew"},{"floor":19,"key":"GamblersBrew"},{"floor":26,"key":"SkillPotion"},{"floor":27,"key":"sneckomod:CheatPotion"}],"is_trial":false,"path_per_floor":["R","M","M","M","$","M","T","?","M","R","E","M","R","?","M","B",null,"R","M","?","?","M","R","T","R","M","M","?","M","E"],"character_chosen":"THE_SNECKO","items_purchased":[],"campfire_rested":0,"item_purchase_floors":[],"current_hp_per_floor":[90,87,87,87,87,83,83,83,80,80,74,62,62,62,62,37,93,93,45,29,29,31,31,31,31,9,20,20,13,0,0,0],"gold":420,"neow_bonus":"REMOVE_TWO","is_daily":false,"chose_seed":false,"campfire_upgraded":4,"win_rate":0.0,"timestamp":1611893586,"path_taken":["R","M","M","M","$","M","T","?","M","R","E","M","R","?","M","BOSS","R","M","?","?","M","R","T","R","M","M","?","M","E"],"items_purchased_type":[],"build_version":"2020-12-22","purchased_purges":0,"victory":false,"max_hp_per_floor":[90,90,90,90,90,90,90,90,93,93,93,93,93,93,93,93,93,93,93,93,93,93,93,93,93,93,93,93,93,93,93,93],"card_choices":[{"not_picked":["sneckomod:UnknownCommonSkill","sneckomod:QuickBite"],"picked":"sneckomod:ImprovisedGuard","floor":2},{"not_picked":["sneckomod:Rotation","sneckomod:Unknown1Cost"],"picked":"sneckomod:UnknownDexterity","floor":3},{"not_picked":["sneckomod:CheapStock","sneckomod:UnknownUncommonSkill"],"picked":"sneckomod:UnknownExhaust","floor":4},{"not_picked":["sneckomod:SoulDraw","sneckomod:SnekBeam"],"picked":"sneckomod:UnendingSupply","floor":5},{"not_picked":["sneckomod:DiceCrush","sneckomod:QuickMove"],"picked":"sneckomod:UnknownStrength","floor":6},{"not_picked":["sneckomod:MixItUp","sneckomod:Unknown1Cost"],"picked":"sneckomod:UnknownDraw","floor":9},{"not_picked":["sneckomod:DangerNoodle","sneckomod:QuickMove"],"picked":"sneckomod:UnknownDexterity","floor":11},{"not_picked":["sneckomod:UnknownBlock","sneckomod:SoulDraw"],"picked":"sneckomod:UnknownExhaust","floor":12},{"not_picked":["sneckomod:RainOfDice","sneckomod:UnknownUncommonPower"],"picked":"sneckomod:Unknown2Cost","floor":15},{"not_picked":["sneckomod:Mudshield","sneckomod:DangerNoodle"],"picked":"sneckomod:Restock","floor":16},{"not_picked":["sneckomod:DiceCrush","sneckomod:DiceBlock"],"picked":"sneckomod:RainOfDice+1","floor":19},{"not_picked":["sneckomod:UnknownClassBLUE","sneckomod:SoulRoll","sneckomod:UnknownX"],"picked":"SKIP","floor":22},{"not_picked":["sneckomod:UnknownClassGREEN","sneckomod:SnekBeam"],"picked":"sneckomod:IronFang","floor":26},{"not_picked":["sneckomod:UnknownColorless+1","sneckomod:DiceCrush"],"picked":"sneckomod:SlitherStrike+1","floor":27},{"not_picked":["sneckomod:WideSting+1","sneckomod:UnknownDraw+1"],"picked":"sneckomod:UnknownExhaust","floor":29}],"player_experience":780986,"relics_obtained":[{"floor":11,"key":"Whetstone"},{"floor":20,"key":"Necronomicon"},{"floor":24,"key":"sneckomod:LoadedDie"}],"event_choices":[],"is_beta":false,"boss_relics":[{"not_picked":["Philosopher\u0027s Stone","bronze:MakeshiftBattery"],"picked":"Empty Cage"}],"items_purged_floors":[],"is_endless":false,"potions_floor_spawned":[9,12,15,16,19,26,27],"killed_by":"Slavers","ascension_level":3}}