{"host":"sav7uxregyirlf69","time":1611926093,"event":{"mods":["AchievementEnabler","BaseMod","Colored Map","DeckTracker","Keyboard Shortcuts","Minty Spire (QoL Compilation)","READ ME - Guardian Mod","StSLib","SuperFastMode"],"gold_per_floor":[111,111,127,137,151,151,74,85,137,166,239,87,102,144,144,144,144],"floor_reached":16,"language":"KOR","playtime":247,"items_purged":[],"score":224,"play_id":"4eddb83e-9d46-4cfb-b53b-7e8080569d46","local_time":"20210129221453","is_ascension_mode":true,"campfire_choices":[{"data":"Fire Breathing","floor":6,"key":"SMITH"},{"data":"Corruption","floor":15,"key":"SMITH"}],"circlet_count":0,"master_deck":["AscendersBane","Strike_R","Strike_R","Strike_R","Strike_R","Strike_R","Defend_R","Defend_R","Defend_R","Defend_R","Bash","Headbutt","Corruption+1","Reckless Charge","Fire Breathing+1","Shrug It Off","Power Through","Shrug It Off","Impervious","Battle Trance"],"relics":["Burning Blood","NeowsBlessing","Omamori","Meat on the Bone","Paper Frog","CeramicFish"],"acts_visited":["Exordium"],"potions_floor_usage":[14,16],"damage_taken":[{"damage":0.0,"enemies":"Cultist","floor":1.0,"turns":1.0},{"damage":0,"enemies":"Jaw Worm","floor":3,"turns":1},{"damage":0,"enemies":"Small Slimes","floor":4,"turns":1},{"damage":13,"enemies":"2 Fungi Beasts","floor":5,"turns":4},{"damage":10,"enemies":"Large Slime","floor":8,"turns":5},{"damage":37,"enemies":"Lagavulin","floor":10,"turns":8},{"damage":0,"enemies":"Lots of Slimes","floor":13,"turns":4},{"damage":31,"enemies":"Gremlin Nob","floor":14,"turns":5},{"damage":42,"enemies":"The Guardian","floor":16,"turns":10}],"seed_played":"6336798371965887642","potions_obtained":[{"floor":3,"key":"ElixirPotion"},{"floor":5,"key":"Energy Potion"},{"floor":10,"key":"EssenceOfSteel"}],"is_trial":false,"path_per_floor":["M","?","M","M","M","R","$","M","T","E","T","$","M","E","R","B"],"character_chosen":"IRONCLAD","items_purchased":["Power Through","Impervious"],"campfire_rested":0,"item_purchase_floors":[7,12],"current_hp_per_floor":[74,74,75,75,68,68,68,64,64,33,33,33,51,38,38,0,0],"gold":144,"neow_bonus":"THREE_ENEMY_KILL","is_daily":false,"chose_seed":false,"campfire_upgraded":2,"win_rate":0.0,"timestamp":1611926093,"path_taken":["M","?","M","?","M","R","?","M","T","E","?","$","?","E","R","BOSS"],"items_purchased_type":["Card","Card"],"build_version":"2020-12-22","purchased_purges":0,"victory":false,"max_hp_per_floor":[75,75,75,75,75,75,75,75,75,75,75,75,75,75,75,75,75],"card_choices":[{"not_picked":["Thunderclap","Warcry"],"picked":"Headbutt","floor":1.0},{"not_picked":["Sword Boomerang","Anger"],"picked":"Reckless Charge","floor":3},{"not_picked":["Havoc","Second Wind"],"picked":"Fire Breathing","floor":4},{"not_picked":["Corruption","Rage"],"picked":"Shrug It Off","floor":5},{"not_picked":["Thunderclap","Anger","Headbutt"],"picked":"SKIP","floor":8},{"not_picked":["Perfected Strike","Clash"],"picked":"Shrug It Off","floor":10},{"not_picked":["Headbutt","Perfected Strike","Combust"],"picked":"SKIP","floor":13},{"not_picked":["Demon Form","Warcry"],"picked":"Battle Trance","floor":14}],"player_experience":1427313,"relics_obtained":[{"floor":9,"key":"Omamori"},{"floor":10,"key":"Meat on the Bone"},{"floor":11,"key":"Paper Frog"},{"floor":14,"key":"CeramicFish"}],"event_choices":[{"damage_healed":0,"gold_gain":0,"player_choice":"1 cards matched","damage_taken":0,"max_hp_gain":0,"max_hp_loss":0,"event_name":"Match and Keep!","floor":2,"gold_loss":0,"cards_obtained":["Corruption"]}],"is_beta":false,"boss_relics":[],"items_purged_floors":[],"is_endless":false,"potions_floor_spawned":[3,5,10],"killed_by":"The Guardian","ascension_level":20}}