{"host":"p08oqmr389b4tgxi","time":1611899675,"event":{"mods":["Act Like it!","BaseMod","CapriCore","Colored Powertips","Gensokyo","Hallownest","Luminous","Minty Spire (QoL Compilation)","Quick Restart","Relic Stats","StSLib","The Immortal","UnlockEverythingMod","Yakumo Yukari mod","¡¾ÒÅÎï¿¨ÅÆ¡¿REMEMod"],"gold_per_floor":[111,130,130,144,69,69,102,102,150,75,87,87,103,114,114,114,114,114],"floor_reached":16,"language":"ZHS","playtime":715,"items_purged":[],"score":102,"play_id":"ce322ed9-91e7-4725-8bb6-3e2d3fc2af03","local_time":"20210129135435","is_ascension_mode":false,"campfire_choices":[{"data":"MokouMod:InfernalWave","floor":6.0,"key":"SMITH"},{"data":"MokouMod:Scorch","floor":8.0,"key":"SMITH"},{"data":"MokouMod:Extinguish","floor":15,"key":"SMITH"}],"circlet_count":0,"master_deck":["MokouMod:Strike","MokouMod:Strike","MokouMod:Strike","MokouMod:Strike","MokouMod:Strike","MokouMod:Defend","MokouMod:Defend","MokouMod:Defend","MokouMod:Defend","MokouMod:HeatSpark","Well Laid Plans","MokouMod:UncontrollableSolarReaction","MokouMod:InfernalWave+1","MokouMod:Scorch+1","Hallownest:skillGreenpathMap","MokouMod:Extinguish+1"],"relics":["MokouMod:PhoenixFeather","REME_ComplimentaryCards","PreservedInsect","Akabeko","Hallownest:BankAccountRelic","Sundial","Bag of Marbles"],"acts_visited":["Exordium"],"potions_floor_usage":[],"damage_taken":[{"damage":8.0,"enemies":"Hallownest:2_Baldur","floor":1.0,"turns":5.0},{"damage":17.0,"enemies":"Hallownest:2_Tiktiks_and_1_Crawlid","floor":2.0,"turns":5.0},{"damage":7.0,"enemies":"Hallownest:2_MossCreeps","floor":4.0,"turns":4.0},{"damage":15.0,"enemies":"Hallownest:eliteCrystalGuardian","floor":7.0,"turns":4.0},{"damage":0.0,"enemies":"Hallownest:monsterMossCharger","floor":11.0,"turns":1.0},{"damage":6,"enemies":"Hallownest:2_Tiktiks_1_Baldur_1_Crawlid","floor":13,"turns":4},{"damage":5,"enemies":"Hallownest:MossCreep_and_Mosskin","floor":14,"turns":4},{"damage":42,"enemies":"Hallownest:BossHornet","floor":16,"turns":3}],"seed_played":"500620071192942824","potions_obtained":[{"floor":1.0,"key":"AttackPotion"},{"floor":4.0,"key":"Explosive Potion"},{"floor":11.0,"key":"Explosive Potion"}],"is_trial":false,"path_per_floor":["M","M","?","M","?","R","E","R","T","?","M","T","M","M","R","B"],"character_chosen":"MKU","items_purchased":[],"campfire_rested":0,"item_purchase_floors":[],"current_hp_per_floor":[67,50,10,3,3,3,12,12,12,12,12,12,6,1,1,0,0,0],"gold":114,"neow_bonus":"THREE_CARDS","is_daily":false,"chose_seed":false,"campfire_upgraded":3,"win_rate":0.0,"timestamp":1611899675,"path_taken":["M","M","?","M","?","R","E","R","T","?","?","?","M","M","R","BOSS"],"items_purchased_type":[],"build_version":"2020-12-22","purchased_purges":0,"victory":false,"max_hp_per_floor":[75,75,75,75,75,75,75,75,75,75,75,75,75,75,75,75,75,75],"relic_stats":{"counters":[8,30],"Sundial":[0],"PreservedInsect":29,"obtain_stats":[{"Hallownest:BankAccountRelic":5,"Sundial":7,"MokouMod:PhoenixFeather":0,"PreservedInsect":3,"Bag of Marbles":9,"Akabeko":3,"REME_ComplimentaryCards":0},{"Hallownest:BankAccountRelic":3,"Sundial":4,"MokouMod:PhoenixFeather":0,"PreservedInsect":2,"Bag of Marbles":4,"Akabeko":2,"REME_ComplimentaryCards":0},{"Hallownest:BankAccountRelic":14,"Sundial":18,"MokouMod:PhoenixFeather":0,"PreservedInsect":10,"Bag of Marbles":18,"Akabeko":10,"REME_ComplimentaryCards":0}]},"card_choices":[{"not_picked":["MokouMod:RoaringFlare","MokouMod:AdaptivePyromancy"],"picked":"MokouMod:UncontrollableSolarReaction","floor":0.0},{"not_picked":["MokouMod:TemporalFireSeal","MokouMod:ScorchingColumn"],"picked":"MokouMod:InfernalWave","floor":1.0},{"not_picked":["MokouMod:BurningDraft","MokouMod:TemporalFireSeal"],"picked":"MokouMod:Scorch","floor":2.0},{"not_picked":["MokouMod:CrimsonFlare","MokouMod:Combust","MokouMod:BlazingComet"],"picked":"SKIP","floor":4.0},{"not_picked":["MokouMod:Singe","MokouMod:ImperishableFlame","MokouMod:ScorchingColumn"],"picked":"SKIP","floor":7.0},{"not_picked":["MokouMod:BlazingComet","MokouMod:TemporalFireSeal","MokouMod:InfernalWave"],"picked":"SKIP","floor":11.0},{"not_picked":["MokouMod:Singe","MokouMod:ShiftIgnition","MokouMod:Burn"],"picked":"SKIP","floor":13},{"not_picked":["MokouMod:Stoke","MokouMod:SearingShot"],"picked":"MokouMod:Extinguish","floor":14}],"player_experience":75091,"relics_obtained":[{"floor":7.0,"key":"Sundial"},{"floor":9.0,"key":"Bag of Marbles"}],"event_choices":[],"is_beta":false,"boss_relics":[],"items_purged_floors":[],"is_endless":false,"potions_floor_spawned":[1,4,11],"killed_by":"Hallownest:BossHornet","ascension_level":0}}