{"host":"takgv9cv6xf64vhq","time":1611910508,"event":{"mods":["BaseMod","Colored Powertips","Downfall","Hubris","LagranYue(拉格朗・月)","Marisa（F雨　魔理沙）","Minty Spire (QoL Compilation)","Replay The Spire","StSLib","The Animator","The Cursed","The Jungle","TheHeartMod"],"gold_per_floor":[117,130,130,147,147,167,195,211,211,68,101,101,130,153,153,282,282,282,282],"floor_reached":18,"language":"ZHS","playtime":1034,"items_purged":[],"score":181,"play_id":"b575c4ae-9c3f-47c8-a716-eb545ed08fa5","local_time":"20210129165508","is_ascension_mode":true,"campfire_choices":[{"data":"ReplayTheSpireMod:Scrap Shanks","floor":15,"key":"SMITH"}],"circlet_count":0,"master_deck":["Strike_G","Strike_G","Strike_G","Strike_G","Strike_G","Defend_G","Defend_G","Defend_G","Defend_G","Defend_G","Survivor","Neutralize","Leg Sweep","Cloak And Dagger","Blade Dance+1","ReplayTheSpireMod:Scrap Shanks+1","Dagger Spray","Dagger Throw","Distraction","Concentrate","hubris:SlightOfHand","Tools of the Trade"],"relics":["sneckomod:SneckoTalon","Juzu Bracelet","Art of War","Toy Ornithopter","OrangePellets","Ornamental Fan","Golden Idol","Odd Mushroom","Replay:Grab Bag","LagranYue:ContractPerformanceRelic","SlaversCollar","hubris:Stopwatch"],"acts_visited":["Exordium","TheCity"],"potions_floor_usage":[11,18],"damage_taken":[{"damage":2.0,"enemies":"Small Slimes","floor":1.0,"turns":4.0},{"damage":0.0,"enemies":"Jaw Worm","floor":2.0,"turns":4.0},{"damage":0.0,"enemies":"2 Louse","floor":4.0,"turns":3.0},{"damage":0.0,"enemies":"Exordium Thugs","floor":6.0,"turns":4.0},{"damage":7.0,"enemies":"Lagavulin","floor":7.0,"turns":6.0},{"damage":0.0,"enemies":"Exordium Wildlife","floor":8.0,"turns":3.0},{"damage":15,"enemies":"Gremlin Nob","floor":11,"turns":4},{"damage":5,"enemies":"The Mushroom Lair","floor":13,"turns":3},{"damage":0,"enemies":"Gremlin Gang","floor":14,"turns":5},{"damage":26,"enemies":"Hexaghost","floor":16,"turns":15},{"damage":16,"enemies":"3 Byrds","floor":18,"turns":4}],"seed_played":"1449129221107841660","potions_obtained":[{"floor":1.0,"key":"DistilledChaos"},{"floor":6.0,"key":"Fire Potion"},{"floor":11,"key":"LiquidMemories"},{"floor":13,"key":"Guardian:BlockOnCardUsePotion"},{"floor":16,"key":"SteroidPotion"}],"is_trial":false,"path_per_floor":["M","M","?","M","?","M","E","M","T","$","E","?","?","M","R","B",null,"M"],"character_chosen":"THE_SILENT","items_purchased":["OrangePellets"],"campfire_rested":0,"item_purchase_floors":[10],"current_hp_per_floor":[68,68,56,56,56,56,49,49,49,49,39,39,34,34,34,8,65,54,54],"gold":282,"neow_bonus":"BOSS_RELIC","is_daily":false,"chose_seed":false,"campfire_upgraded":1,"win_rate":0.0,"timestamp":1611910508,"path_taken":["M","M","?","M","?","M","E","M","T","$","E","?","?","M","R","BOSS","M"],"items_purchased_type":["Relic"],"build_version":"2020-12-22","purchased_purges":0,"victory":false,"max_hp_per_floor":[70,70,70,70,70,70,70,70,70,70,70,65,65,65,65,65,65,65,65],"card_choices":[{"not_picked":["Crippling Poison","Prepared"],"picked":"PiercingWail","floor":1.0},{"not_picked":["Outmaneuver","PiercingWail"],"picked":"Leg Sweep","floor":2.0},{"not_picked":["Blade Dance","Acrobatics"],"picked":"Cloak And Dagger","floor":4.0},{"not_picked":["Choke","Quick Slash"],"picked":"ReplayTheSpireMod:Scrap Shanks","floor":6.0},{"not_picked":["Blade Dance","Deadly Poison"],"picked":"Dagger Spray","floor":7.0},{"not_picked":["Replay:Poison Smokescreen","Noxious Fumes"],"picked":"Dagger Throw","floor":8.0},{"not_picked":["Backflip","Flying Knee"],"picked":"Distraction","floor":11},{"not_picked":["Distraction","Venomology"],"picked":"Concentrate","floor":13},{"not_picked":["PiercingWail","Replay:Poison Smokescreen"],"picked":"hubris:SlightOfHand","floor":14},{"not_picked":["Unload","Phantasmal Killer"],"picked":"Tools of the Trade","floor":16}],"player_experience":181448,"relics_obtained":[{"floor":7.0,"key":"Art of War"},{"floor":9.0,"key":"Toy Ornithopter"},{"floor":11,"key":"Ornamental Fan"},{"floor":13,"key":"Odd Mushroom"}],"event_choices":[{"damage_healed":0.0,"max_hp_gain":0.0,"max_hp_loss":0.0,"gold_gain":0.0,"event_name":"Scrap Ooze","player_choice":"Success","floor":3.0,"gold_loss":0.0,"damage_taken":12.0,"relics_obtained":["Juzu Bracelet"]},{"damage_healed":0,"gold_gain":0,"player_choice":"Lose Max HP","damage_taken":0,"relics_obtained":["Golden Idol"],"max_hp_gain":0,"max_hp_loss":5,"event_name":"Golden Idol","floor":12,"gold_loss":0},{"damage_healed":0,"gold_gain":0,"player_choice":"Fought Mushrooms","damage_taken":0,"max_hp_gain":0,"max_hp_loss":0,"event_name":"Mushrooms","floor":13,"gold_loss":0}],"is_beta":false,"boss_relics":[{"not_picked":["Astrolabe","Kintsugi"],"picked":"Replay:Grab Bag"},{"not_picked":["Runic Dome","Velvet Choker"],"picked":"LagranYue:ContractPerformanceRelic"},{"not_picked":["Busted Crown","Fusion Hammer"],"picked":"SlaversCollar"},{"not_picked":["hubris:BlackHole","Pandora\u0027s Box"],"picked":"hubris:Stopwatch"}],"items_purged_floors":[],"is_endless":false,"potions_floor_spawned":[1,6,11,13,16],"killed_by":"3 Byrds","ascension_level":1}}