{"host":"1tl36azeqm6yhdgj","time":1611916695,"event":{"mods":["AchievementEnabler","BaseMod","Minty Spire (QoL Compilation)","StSLib","The IronCluck","everything is the same but u backflip on backflip"],"gold_per_floor":[110,121,121,141,214,247,247,277,300,300,300],"floor_reached":10,"language":"ENG","playtime":241,"items_purged":[],"score":132,"play_id":"42852db6-5b82-4dcc-8582-a3b898168ead","local_time":"20210129053815","is_ascension_mode":true,"campfire_choices":[{"data":"Disarm","floor":7,"key":"SMITH"}],"circlet_count":0,"master_deck":["AscendersBane","Strike_R","Strike_R","Strike_R","Strike_R","Strike_R","Defend_R","Defend_R","Defend_R","Defend_R","Bash+1","Uppercut","Thunderclap+1","Disarm+1","Metallicize","Battle Trance"],"relics":["Burning Blood","NeowsBlessing","Potion Belt","Odd Mushroom","Boot"],"acts_visited":["Exordium"],"potions_floor_usage":[6,6,8],"damage_taken":[{"damage":0.0,"enemies":"2 Louse","floor":1.0,"turns":1.0},{"damage":0.0,"enemies":"Jaw Worm","floor":2.0,"turns":1.0},{"damage":0.0,"enemies":"Small Slimes","floor":4.0,"turns":1.0},{"damage":14,"enemies":"3 Sentries","floor":6,"turns":7},{"damage":33,"enemies":"The Mushroom Lair","floor":8,"turns":5},{"damage":31,"enemies":"Gremlin Nob","floor":10,"turns":3}],"seed_played":"8165790766019416537","potions_obtained":[{"floor":2.0,"key":"SteroidPotion"},{"floor":4.0,"key":"SneckoOil"},{"floor":6,"key":"BlessingOfTheForge"},{"floor":8,"key":"FearPotion"}],"is_trial":false,"path_per_floor":["M","M","?","M","?","E","R","?","T","E"],"character_chosen":"IRONCLAD","items_purchased":[],"campfire_rested":0,"item_purchase_floors":[],"current_hp_per_floor":[74,75,52,58,58,50,50,23,23,0,0],"gold":300,"neow_bonus":"THREE_ENEMY_KILL","is_daily":false,"chose_seed":false,"campfire_upgraded":1,"win_rate":0.0,"timestamp":1611916695,"path_taken":["M","M","?","M","?","E","R","?","T","E"],"items_purchased_type":[],"build_version":"2020-12-22","purchased_purges":0,"victory":false,"max_hp_per_floor":[75,75,75,75,75,75,75,75,75,75,75],"card_choices":[{"not_picked":["Sword Boomerang","Wild Strike"],"picked":"Uppercut","floor":1.0},{"not_picked":["Power Through","Sword Boomerang"],"picked":"Thunderclap","floor":2.0},{"not_picked":["Burning Pact","Havoc"],"picked":"Disarm","floor":4.0},{"not_picked":["Seeing Red","Clash"],"picked":"Metallicize","floor":6},{"not_picked":["Headbutt","Body Slam"],"picked":"Battle Trance","floor":8}],"player_experience":2087801,"relics_obtained":[{"floor":6,"key":"Potion Belt"},{"floor":8,"key":"Odd Mushroom"},{"floor":9,"key":"Boot"}],"event_choices":[{"damage_healed":0.0,"max_hp_gain":0.0,"max_hp_loss":0.0,"gold_gain":0.0,"event_name":"Shining Light","player_choice":"Entered Light","floor":3.0,"gold_loss":0.0,"damage_taken":23.0,"cards_upgraded":["Bash","Thunderclap"]},{"damage_healed":0.0,"max_hp_gain":0.0,"max_hp_loss":0.0,"gold_gain":73.0,"event_name":"Golden Wing","player_choice":"Gained Gold","floor":5.0,"gold_loss":0.0,"damage_taken":0.0},{"damage_healed":0,"gold_gain":0,"player_choice":"Fought Mushrooms","damage_taken":0,"max_hp_gain":0,"max_hp_loss":0,"event_name":"Mushrooms","floor":8,"gold_loss":0}],"is_beta":false,"boss_relics":[],"items_purged_floors":[],"is_endless":false,"potions_floor_spawned":[2,4,6,8],"killed_by":"Gremlin Nob","ascension_level":20}}