{"host":"u0qetpmu4y58k1tf","time":1611926166,"event":{"mods":["AchievementEnabler","BaseMod","Colored Map","Colored Powertips","Hermit","Marisa£¨Ùöéë¡¡Øª×âÞÞ£©","Minty Spire (QoL Compilation)","Replay The Spire","StSLib","SuperFastMode","The Bug Knight","The Cursed","The Hierophant","The Runesmith"],"gold_per_floor":[115,115,16,16,29,29,64,64,91,116,134,159,159,175,175,275,275,292,292,272,0,0,0,31,31,31,31,31,64,64,93,93,197,197,216,232,32,42,61,90,140,166,191,218,268,301,314,339,339,339,339,339,16,42,42],"floor_reached":56,"language":"KOR","playtime":2918,"items_purged":["Sickly","Defend_B","Defend_B"],"score":1791,"play_id":"d171b069-3d61-493b-8813-330a20062696","local_time":"20210129221605","is_ascension_mode":true,"campfire_choices":[{"data":"Crystallizer","floor":6.0,"key":"SMITH"},{"data":"Zap","floor":8.0,"key":"SMITH"},{"floor":15.0,"key":"REST"},{"data":"ReplayTheSpireMod:Calculation Training","floor":23.0,"key":"SMITH"},{"floor":25.0,"key":"RECALL"},{"data":"Dualcast","floor":32.0,"key":"SMITH"},{"floor":49,"key":"DIG"},{"floor":52,"key":"DIG"}],"circlet_count":0,"master_deck":["Defend_B","Defend_B","Zap+1","Dualcast+1","ReplayRNGCard","Crystallizer+1","ReplayGash","Conserve Battery","Skim","Compile Driver","Aggregate","Loop","Loop","Force Field","ReplayTheSpireMod:Calculation Training+1","Force Field","ReplayTheSpireMod:Calculation Training+1","Capacitor","Conserve Battery","Electrodynamics","Compile Driver+1","ReplayTheSpireMod:Omega Cannon+1","Streamline+1","Storm","Loop+1","FTL","Loop+1","Turbo+1","Conserve Battery","Reboot","White Noise+1","Machine Learning+1","Double Energy+1"],"relics":["Cracked Core","FaceOfCleric","ReplayTheSpireMod:CursedCoin","Divine Protection","Juzu Bracelet","Smiling Mask","Replay:Bottled Snecko","Ancient Tea Set","Sundial","Inserter","Anchor","ReplayTheSpireMod:TigerMarble","Garlic","Shuriken","Ring of Peace","Ring of Hypnosis","Darkstone Periapt","Astrolabe","Replay:Baseball","HollowMod:StagPassRelic","Replay:Multitool","Replay:Bottled Steam","Carrot","Durian","Letter Opener","Bottled Flame","Ice Cream","White Beast Statue","ReplayFunnel","Golden Egg"],"acts_visited":["Exordium","TheCity","TheBeyond","TheEnding"],"potions_floor_usage":[40,40,40,40,41,42,42,42,46,46,55,55,55],"damage_taken":[{"damage":4.0,"enemies":"Small Slimes","floor":1.0,"turns":3.0},{"damage":1.0,"enemies":"Cultist","floor":5.0,"turns":4.0},{"damage":20.0,"enemies":"Lagavulin","floor":7.0,"turns":7.0},{"damage":25.0,"enemies":"Gremlin Nob","floor":10.0,"turns":4.0},{"damage":0.0,"enemies":"2 Louse","floor":11.0,"turns":2.0},{"damage":2.0,"enemies":"Lagavulin","floor":12.0,"turns":5.0},{"damage":3.0,"enemies":"Looter","floor":14.0,"turns":3.0},{"damage":13.0,"enemies":"Hexaghost","floor":16.0,"turns":8.0},{"damage":12.0,"enemies":"Chosen","floor":18.0,"turns":5.0},{"damage":31.0,"enemies":"2 Thieves","floor":20.0,"turns":4.0},{"damage":7.0,"enemies":"HollowMod:Nosk","floor":24.0,"turns":8.0},{"damage":11.0,"enemies":"Book of Stabbing","floor":29.0,"turns":5.0},{"damage":0.0,"enemies":"Replay:Snechameleon","floor":31.0,"turns":6.0},{"damage":19.0,"enemies":"Champ","floor":33.0,"turns":9.0},{"damage":0.0,"enemies":"3 Darklings","floor":35.0,"turns":4.0},{"damage":0.0,"enemies":"Orb Walker","floor":36.0,"turns":4.0},{"damage":0.0,"enemies":"Writhing Mass","floor":38.0,"turns":6.0},{"damage":0.0,"enemies":"Maw","floor":39.0,"turns":6.0},{"damage":0,"enemies":"Reptomancer","floor":40,"turns":5},{"damage":0,"enemies":"2 Orb Walkers","floor":41,"turns":4},{"damage":0,"enemies":"Nemesis","floor":42,"turns":7},{"damage":18,"enemies":"Giant Head","floor":44,"turns":8},{"damage":0,"enemies":"Mind Bloom Boss Battle","floor":45,"turns":4},{"damage":1,"enemies":"Nemesis","floor":46,"turns":7},{"damage":16,"enemies":"Sphere and 2 Shapes","floor":47,"turns":4},{"damage":0,"enemies":"Reptomancer","floor":48,"turns":4},{"damage":41,"enemies":"Donu and Deca","floor":50,"turns":6},{"damage":0,"enemies":"Shield and Spear","floor":54,"turns":4},{"damage":0,"enemies":"The Heart","floor":55,"turns":7}],"seed_played":"7979538119066385807","potions_obtained":[{"floor":1.0,"key":"Toxic Potion"},{"floor":16.0,"key":"SkillPotion"},{"floor":20.0,"key":"PowerPotion"},{"floor":22.0,"key":"Fruit Juice"},{"floor":22.0,"key":"SteroidPotion"},{"floor":29.0,"key":"LiquidBronze"},{"floor":33.0,"key":"ColorlessPotion"},{"floor":36.0,"key":"FearPotion"},{"floor":39.0,"key":"EntropicBrew"},{"floor":40,"key":"Swift Potion"},{"floor":45,"key":"Weak Potion"},{"floor":47,"key":"Elixir"},{"floor":54,"key":"BlessingOfTheForge"}],"is_trial":false,"path_per_floor":["M","?","$","?","M","R","E","R","T","E","M","E","T","M","R","B",null,"M","?","M","$","?","R","E","R","T","?","?","E","?","E","R","B",null,"M","M","$","M","M","E","?","E","T","E","?","E","M","E","R_BF","B",null,"R","$","E","B",null],"character_chosen":"DEFECT","items_purchased":["ReplayTheSpireMod:CursedCoin","Divine Protection","Anchor","ReplayTheSpireMod:Calculation Training","Replay:Baseball","ReplayFunnel","Machine Learning","Weak Potion"],"campfire_rested":1,"item_purchase_floors":[3,3,21,21,37,53,53,53],"current_hp_per_floor":[71,71,71,71,71,71,52,52,52,28,29,28,28,26,50,38,82,71,71,41,41,46,46,40,40,40,40,40,30,30,31,31,13,93,94,95,95,96,97,98,99,100,100,83,89,93,78,79,79,39,111,111,111,112,113],"gold":42,"neow_bonus":"ONE_RANDOM_RARE_CARD","is_daily":false,"chose_seed":false,"campfire_upgraded":4,"win_rate":0.0,"timestamp":1611926165,"path_taken":["M","?","?","?","?","R","E","R","T","E","M","E","?","M","R","BOSS","M","?","M","$","?","R","E","R","T","?","?","E","?","E","R","BOSS","M","M","$","M","M","E","?","E","T","E","?","E","M","E","R_BF","BOSS","R","$","E","BOSS"],"items_purchased_type":["Relic","Relic","Relic","Card","Relic","Relic","Card","Potion"],"build_version":"2020-12-22","purchased_purges":3,"victory":true,"max_hp_per_floor":[75,75,75,75,76,76,77,77,77,78,79,80,80,81,81,82,82,83,83,84,84,89,89,90,90,90,90,90,91,91,92,92,93,93,94,95,95,96,97,98,99,100,100,101,107,108,109,110,110,111,111,111,111,112,113],"card_choices":[{"not_picked":["Glacier","Hologram"],"picked":"Crystallizer","floor":1.0},{"not_picked":["Rebound","ReplayGash"],"picked":"Conserve Battery","floor":5.0},{"not_picked":["Coolheaded","Melter"],"picked":"Skim","floor":7.0},{"not_picked":["Go for the Eyes","Genetic Algorithm"],"picked":"Compile Driver","floor":10.0},{"not_picked":["Reinforced Body","Steam"],"picked":"Aggregate","floor":11.0},{"not_picked":["BasicCrystalCard","Gash"],"picked":"Loop","floor":12.0},{"not_picked":["Gash","Mirror Shield"],"picked":"Loop","floor":14.0},{"not_picked":["ReplayGash","Chaos"],"picked":"Force Field","floor":18.0},{"not_picked":["Sweeping Beam","Go for the Eyes","Conserve Battery"],"picked":"SKIP","floor":20.0},{"not_picked":["Ball Lightning","Sweeping Beam","Tempest"],"picked":"SKIP","floor":24.0},{"not_picked":["Melter","Scrape"],"picked":"Capacitor","floor":29.0},{"not_picked":["Reinforced Body","All For One"],"picked":"Conserve Battery","floor":31.0},{"not_picked":["Thunder Strike","Fission"],"picked":"Electrodynamics","floor":33.0},{"not_picked":["Compile Driver+1","Glacier"],"picked":"Storm","floor":35.0},{"not_picked":["ReplayTheSpireMod:Reroute Power+1","BasicCrystalCard"],"picked":"Loop+1","floor":36.0},{"not_picked":["Coolheaded","Sweeping Beam"],"picked":"FTL","floor":38.0},{"not_picked":["Conserve Battery+1","Ball Lightning+1"],"picked":"Loop+1","floor":39.0},{"not_picked":["Compile Driver+1","Darkness+1"],"picked":"Turbo+1","floor":40},{"not_picked":["Stack+1","Streamline"],"picked":"Conserve Battery","floor":42},{"not_picked":["Ball Lightning+1","Rebound+1","Cold Snap"],"picked":"SKIP","floor":44},{"not_picked":["Lockon+1","ReplayGash"],"picked":"Reboot","floor":45},{"not_picked":["Hologram","FTL"],"picked":"White Noise+1","floor":46},{"not_picked":["Leap","Conserve Battery","Hologram"],"picked":"SKIP","floor":47},{"not_picked":["Fission","Hologram","Gash"],"picked":"SKIP","floor":48},{"not_picked":["Coolheaded+1","Panic Button+1"],"picked":"Double Energy+1","floor":54}],"player_experience":56687,"relics_obtained":[{"floor":7.0,"key":"Juzu Bracelet"},{"floor":9.0,"key":"Smiling Mask"},{"floor":10.0,"key":"Replay:Bottled Snecko"},{"floor":12.0,"key":"Ancient Tea Set"},{"floor":13.0,"key":"Sundial"},{"floor":24.0,"key":"ReplayTheSpireMod:TigerMarble"},{"floor":26.0,"key":"Garlic"},{"floor":29.0,"key":"Shuriken"},{"floor":30.0,"key":"Ring of Peace"},{"floor":30.0,"key":"Ring of Hypnosis"},{"floor":31.0,"key":"Darkstone Periapt"},{"floor":40,"key":"HollowMod:StagPassRelic"},{"floor":41,"key":"Replay:Multitool"},{"floor":42,"key":"Replay:Bottled Steam"},{"floor":44,"key":"Carrot"},{"floor":45,"key":"Durian"},{"floor":46,"key":"Letter Opener"},{"floor":48,"key":"Bottled Flame"},{"floor":49,"key":"Ice Cream"},{"floor":52,"key":"White Beast Statue"},{"floor":54,"key":"Golden Egg"}],"event_choices":[{"damage_healed":0.0,"max_hp_gain":0.0,"max_hp_loss":0.0,"gold_gain":0.0,"event_name":"FaceTrader","player_choice":"Trade","floor":2.0,"gold_loss":0.0,"damage_taken":0.0,"relics_obtained":["FaceOfCleric"]},{"damage_healed":0.0,"max_hp_gain":0.0,"max_hp_loss":0.0,"gold_gain":0.0,"cards_transformed":["Strike_B"],"event_name":"Transmorgrifier","player_choice":"Transformed","floor":4.0,"gold_loss":0.0,"damage_taken":0.0,"cards_obtained":["ReplayGash"]},{"damage_healed":0.0,"max_hp_gain":0.0,"max_hp_loss":0.0,"gold_gain":0.0,"event_name":"Vampires","player_choice":"Ignored","floor":19.0,"gold_loss":0.0,"damage_taken":0.0},{"damage_healed":0.0,"max_hp_gain":0.0,"max_hp_loss":0.0,"gold_gain":0.0,"event_name":"Lab","player_choice":"Got Potions","floor":22.0,"gold_loss":0.0,"damage_taken":0.0},{"damage_healed":0.0,"max_hp_gain":0.0,"max_hp_loss":0.0,"gold_gain":0.0,"event_name":"The Library","player_choice":"Read","floor":27.0,"gold_loss":0.0,"damage_taken":0.0,"cards_obtained":["Force Field"]},{"damage_healed":0.0,"max_hp_gain":0.0,"max_hp_loss":0.0,"gold_gain":0.0,"event_name":"Duplicator","player_choice":"Copied","floor":28.0,"gold_loss":0.0,"damage_taken":0.0,"cards_obtained":["ReplayTheSpireMod:Calculation Training"]},{"damage_healed":0,"gold_gain":0,"player_choice":"Fight","damage_taken":0,"max_hp_gain":0,"max_hp_loss":0,"event_name":"Mysterious Sphere","floor":41,"gold_loss":0},{"damage_healed":0,"gold_gain":0,"player_choice":"Fight","damage_taken":0,"max_hp_gain":0,"max_hp_loss":0,"event_name":"MindBloom","floor":45,"gold_loss":0}],"is_beta":false,"boss_relics":[{"not_picked":["Black Star","FrozenCore"],"picked":"Inserter"},{"not_picked":["Fusion Hammer","Tiny House"],"picked":"Astrolabe"}],"items_purged_floors":[21,37,53],"is_endless":false,"potions_floor_spawned":[1,16,20,29,33,36,39,40,45,47,54],"ascension_level":2}}