{"host":"y087t2reloz9bi43","time":1611931435,"event":{"mods":["2.2 Compatiblity","AchievementEnabler","Aspiration","BaseMod","Beaked The Cultist","Bestiary","Better Note","Better Vampires","BetterRewards","ChefMod","Clockwork Mod","Colored Map","Colored Powertips","Conspire","Downfall","Ekko","Fireblade Mod","Friendly Minions","GifTheSpireLib","Gold Saver","Gremlin Mod","Halation","Hermit","Hubris","Infinite Spire","Jedi Mod","JesterMod","Jorbs\u0027s Wanderer Trilogy","Mad Scientist","Marisa????????","Mimic Mod","Minty Spire (QoL Compilation)","Permanent Neow","Potionbrewer","Rare Cards Sparkle","Relic Stats","Robot Space Explorer","Shade Mod","Shop Mod","StSLib","The Alterego","The Blackbeard","The Bug Knight","The Construct","The Cursed","The Disciple","The Elementalist","The Exalted","The Hierophant","The Jungle","The Marked","The Mystic","The Necromancer","The Runesmith","The Senshi","The Servant 0.9.4","TheBandit","TheFirefly","TheHero","TheVacant","Transform Curses","Uncapped","everything is the same but u backflip on backflip","thorton"],"gold_per_floor":[99,119,119,119,294,329,355,62,82,103,131,45,45,45,60,159,159,159,175,193,193,193,193,193,193,215,215,215,230,220,234,260,376,376,276,294,539,539,562,577,630,430,430,467,491,517,517,541,563,580,580,590,590,590],"floor_reached":52,"language":"ENG","playtime":5973,"items_purged":["Doubt","hexamod:Strike","hexamod:Strike"],"score":719,"play_id":"1acb8de3-3b1d-493d-b170-4e33c70c20bc","local_time":"20210129144355","is_ascension_mode":false,"campfire_choices":[{"data":"hexamod:Sear","floor":1,"key":"SMITH"},{"data":"hexamod:TimeOfNeed","floor":13,"key":"SMITH"},{"data":"hexamod:SoulSteal","floor":21,"key":"SMITH"},{"data":"hexamod:HeatCrush","floor":25,"key":"SMITH"},{"data":"hexamod:RetreatToShadows","floor":28,"key":"SMITH"},{"floor":35,"key":"RECALL"},{"data":"hexamod:Rewind","floor":42,"key":"SMITH"}],"circlet_count":0,"master_deck":["hexamod:Strike","hexamod:Strike","hexamod:Defend","hexamod:Defend","hexamod:Defend","hexamod:Defend","hexamod:Sear+1","hexamod:Float","hexamod:ShieldOfDarkness","hexamod:SuperheatedStrike","hexamod:Rewind+1","hexamod:HeatMetal","hexamod:FlamesFromBeyond","hexamod:Toasty","hexamod:ShieldOfDarkness","hexamod:TimeOfNeed+1","hexamod:VolcanoVisage","hexamod:HeatCrush+1","hexamod:RetreatToShadows+1","hexamod:SoulSteal+1","hexamod:Hexaguard","hexamod:FlamesFromBeyond+1","Bromod:QuickThinking+1","hexamod:ExtraCrispy","hexamod:FlamesFromBeyond+1","hexamod:FlamesFromBeyond","hexamod:ThermalTransfer+1","hexamod:AdvancingGuard+1","hexamod:Rewind+1","infinitespire:Starlight","hexamod:PhantomFireball+1"],"relics":["hexamod:SpiritBrand","halation:PinkSoulGem","elementalistmod:YellowCirclet","halation:IllGainedPizza","jedi:arcanewood","construct:FoamFinger","Gremlin Horn","Gambling Chip","hexamod:IceCube","downfall:HeartBlessingGreen","downfall:HeartBlessingRed","downfall:HeartBlessingBlue","hubris:Towel","Orichalcum"],"acts_visited":["Exordium","TheCity","TheBeyond","TheEnding"],"potions_floor_usage":[11,11,16,20,30,33,48,49,50,50,52],"damage_taken":[{"damage":0,"enemies":"conspire:RoseBush","floor":2,"turns":3},{"damage":26,"enemies":"3 Sentries","floor":6,"turns":11},{"damage":0,"enemies":"downfall:FleeingMerchant","floor":8,"turns":4},{"damage":10,"enemies":"Small Slimes","floor":9,"turns":4},{"damage":12,"enemies":"infinitespire:Voidling","floor":10,"turns":3},{"damage":1,"enemies":"Gremlin Nob","floor":11,"turns":4},{"damage":0,"enemies":"downfall:FleeingMerchant","floor":12,"turns":4},{"damage":5,"enemies":"2 Fungi Beasts","floor":15,"turns":3},{"damage":9,"enemies":"IC_STATUS_ARCHETYPE","floor":16,"turns":5},{"damage":5,"enemies":"Shell Parasite","floor":19,"turns":3},{"damage":0,"enemies":"Spheric Guardian","floor":20,"turns":5},{"damage":6,"enemies":"Snake Plant","floor":26,"turns":3},{"damage":3,"enemies":"Snecko","floor":29,"turns":3},{"damage":3,"enemies":"downfall:FleeingMerchant","floor":30,"turns":4},{"damage":0,"enemies":"3 Cultists","floor":31,"turns":3},{"damage":3,"enemies":"Snake Plant","floor":32,"turns":3},{"damage":4,"enemies":"SI_MIRROR_ARCHETYPE","floor":33,"turns":8},{"damage":6,"enemies":"3 Shapes","floor":36,"turns":5},{"damage":0,"enemies":"downfall:FleeingMerchant","floor":37,"turns":2},{"damage":1,"enemies":"Orb Walker","floor":39,"turns":5},{"damage":17,"enemies":"Writhing Mass","floor":40,"turns":4},{"damage":4,"enemies":"Reptomancer","floor":44,"turns":4},{"damage":0,"enemies":"4 Shapes","floor":45,"turns":4},{"damage":4,"enemies":"Maw","floor":46,"turns":7},{"damage":3,"enemies":"Jaw Worm Horde","floor":48,"turns":4},{"damage":14,"enemies":"Sphere and 2 Shapes","floor":49,"turns":4},{"damage":19,"enemies":"WA_ARCHETYPE_DIVINITY","floor":50,"turns":12},{"damage":92,"enemies":"downfall:CharBossMerchant","floor":52,"turns":8}],"seed_played":"-8935743530641172954","potions_obtained":[{"floor":6,"key":"FearPotion"},{"floor":10,"key":"GamblersBrew"},{"floor":11,"key":"GamblersBrew"},{"floor":14,"key":"CultistPotion"},{"floor":14,"key":"hexamod:DoubleChargePotion"},{"floor":14,"key":"hexamod:EctoCoolerPotion"},{"floor":15,"key":"DistilledChaos"},{"floor":16,"key":"SteroidPotion"},{"floor":20,"key":"Fire Potion"},{"floor":29,"key":"PowerPotion"},{"floor":32,"key":"Swift Potion"},{"floor":40,"key":"Ancient Potion"},{"floor":44,"key":"LiquidMemories"},{"floor":48,"key":"Slimebound:ThreeZeroPotion"},{"floor":49,"key":"AttackPotion"}],"is_trial":false,"path_per_floor":["R","M","?","?","?","E","T","$","M","M","E","$","R","?","M","B",null,"R","M","M","R","?","AVR","T","R","M","?","R","M","$","M","M","B",null,"R","M","$","?","M","M","T","R","?","E","M","M","?","M","M","B",null,"E"],"character_chosen":"THE_SPIRIT","items_purchased":["hexamod:FlamesFromBeyond","hexamod:Toasty","hexamod:HeatCrush"],"campfire_rested":0,"item_purchase_floors":[8,8,12],"current_hp_per_floor":[70,70,70,70,70,44,44,44,34,26,25,25,25,25,20,11,67,67,62,62,62,67,67,67,67,61,61,61,58,55,55,52,48,67,67,61,61,61,60,43,43,53,53,49,49,45,26,33,29,20,77,0,0,0],"gold":590,"neow_bonus":"THREE_CARDS","is_daily":false,"chose_seed":false,"campfire_upgraded":6,"win_rate":0.0,"timestamp":1611931435,"path_taken":["R","M","?","?","?","E","T","$","M","M","E","?","R","?","M","BOSS","R","M","M","?","?","AVR","T","R","?","?","R","M","$","M","M","BOSS","R","M","$","?","?","M","T","R","?","E","M","M","?","M","M","BOSS","E"],"items_purchased_type":["Card","Card","Card"],"build_version":"2020-12-22","purchased_purges":3,"victory":false,"max_hp_per_floor":[70,70,70,70,70,70,70,70,70,70,70,70,70,70,70,67,67,67,67,67,67,67,67,67,67,67,67,67,67,67,67,67,67,67,67,67,67,67,67,67,67,77,77,77,77,77,77,77,77,77,77,77,77,77],"relic_stats":{"Gremlin Horn":[11,11],"counters":[28,132],"Gambling Chip":[44],"Orichalcum":[24],"obtain_stats":[{"construct:FoamFinger":11,"Gremlin Horn":23,"downfall:HeartBlessingRed":42,"halation:IllGainedPizza":6,"downfall:HeartBlessingGreen":35,"hubris:Towel":43,"Orichalcum":44,"halation:StarCompass":38,"downfall:HeartBlessingBlue":42,"Gambling Chip":24,"elementalistmod:YellowCirclet":4,"halation:PinkSoulGem":3,"jedi:arcanewood":7,"hexamod:SpiritBrand":0,"hexamod:IceCube":34},{"construct:FoamFinger":6,"Gremlin Horn":11,"downfall:HeartBlessingRed":21,"halation:IllGainedPizza":2,"downfall:HeartBlessingGreen":17,"hubris:Towel":21,"Orichalcum":22,"halation:StarCompass":19,"downfall:HeartBlessingBlue":21,"Gambling Chip":11,"elementalistmod:YellowCirclet":1,"halation:PinkSoulGem":1,"jedi:arcanewood":2,"hexamod:SpiritBrand":0,"hexamod:IceCube":17},{"construct:FoamFinger":29,"Gremlin Horn":49,"downfall:HeartBlessingRed":89,"halation:IllGainedPizza":14,"downfall:HeartBlessingGreen":73,"hubris:Towel":89,"Orichalcum":93,"halation:StarCompass":80,"downfall:HeartBlessingBlue":89,"Gambling Chip":49,"elementalistmod:YellowCirclet":3,"halation:PinkSoulGem":3,"jedi:arcanewood":14,"hexamod:SpiritBrand":0,"hexamod:IceCube":73}]},"card_choices":[{"not_picked":["hexamod:AdvancingGuard","hexamod:ChargedBarrage"],"picked":"hexamod:ShieldOfDarkness","floor":0},{"not_picked":["hexamod:RadiantFlame","hexamod:SwordOfDarkness"],"picked":"hexamod:SuperheatedStrike","floor":2},{"not_picked":["hexamod:BacktrackSmack","hexamod:PowerFromBeyond"],"picked":"hexamod:Rewind","floor":6},{"not_picked":["hexamod:DynamicBlow","hexamod:Hexaguard"],"picked":"hexamod:HeatMetal","floor":8},{"not_picked":["hexamod:ChargedBarrage","hexamod:Firestarter"],"picked":"hexamod:ShieldOfDarkness","floor":9},{"not_picked":["hexamod:InspiringFlames","hexamod:FastForward","hexamod:GhostLash"],"picked":"SKIP","floor":10},{"not_picked":["hexamod:FourthSeal","hexamod:RadiantFlame"],"picked":"hexamod:TimeOfNeed","floor":11},{"not_picked":["hexamod:SwordOfDarkness","hexamod:InspiringFlames"],"picked":"hexamod:VolcanoVisage","floor":12},{"not_picked":["hexamod:SwordOfDarkness","hexamod:SpectralAdrenaline","hexamod:Rewind"],"picked":"SKIP","floor":15},{"not_picked":["hexamod:InspiringFlames","hexamod:RetreatToShadows","hexamod:EmpoweredFlame"],"picked":"SKIP","floor":19},{"not_picked":["hexamod:NightmareStrike","hexamod:HauntingEcho","hexamod:Hexaguard"],"picked":"SKIP","floor":20},{"not_picked":["hexamod:HauntingEcho","hexamod:RetreatToShadows+1"],"picked":"hexamod:FlamesFromBeyond+1","floor":26},{"not_picked":["hexamod:EtherealExpedition","hexamod:FastForward"],"picked":"hexamod:ExtraCrispy","floor":29},{"not_picked":["hexamod:NightmareGuise","hexamod:Firestarter"],"picked":"hexamod:FlamesFromBeyond+1","floor":30},{"not_picked":["hexamod:InspiringFlames","hexamod:EmpoweredFlame"],"picked":"hexamod:FlamesFromBeyond","floor":31},{"not_picked":["hexamod:AdvancingGuard","hexamod:Hexaguard"],"picked":"hexamod:ThermalTransfer+1","floor":32},{"not_picked":["hexamod:SpectersWail+1","hexamod:InspiringFlames","hexamod:AdvancingGuard"],"picked":"SKIP","floor":36},{"not_picked":["hexamod:CatchUp+1","hexamod:SwordOfDarkness+1","hexamod:NightmareStrike"],"picked":"SKIP","floor":37},{"not_picked":["hexamod:RadiantFlame","hexamod:SkipABeat+1","hexamod:EmpoweredFlame"],"picked":"SKIP","floor":39},{"not_picked":["hexamod:BurningTouch+1","hexamod:Rewind","hexamod:NightmareStrike+1"],"picked":"SKIP","floor":40},{"not_picked":["hexamod:ParanormalForm","hexamod:Incineration"],"picked":"hexamod:Rewind+1","floor":44},{"not_picked":["hexamod:Incineration","hexamod:HeatMetal+1","hexamod:DynamicBlow+1"],"picked":"SKIP","floor":45},{"not_picked":["hexamod:StepThrough+1","hexamod:FlamesFromBeyond","hexamod:Rewind"],"picked":"SKIP","floor":46},{"not_picked":["infinitespire:Punishment","hubris:InfiniteBlow"],"picked":"infinitespire:Starlight","floor":47},{"not_picked":["hexamod:HeatMetal","hexamod:SwordOfDarkness","hexamod:VolcanoVisage"],"picked":"SKIP","floor":48},{"not_picked":["hexamod:HauntingEcho+1","hexamod:NightmareGuise"],"picked":"hexamod:PhantomFireball+1","floor":49}],"player_experience":448502,"relics_obtained":[{"floor":6,"key":"halation:IllGainedPizza"},{"floor":7,"key":"jedi:arcanewood"},{"floor":11,"key":"construct:FoamFinger"},{"floor":24,"key":"Gambling Chip"},{"floor":44,"key":"Orichalcum"}],"event_choices":[{"damage_healed":0,"gold_gain":0,"player_choice":"Got Potions","damage_taken":0,"max_hp_gain":0,"max_hp_loss":0,"event_name":"Lab","floor":14,"gold_loss":0},{"cards_removed":["hexamod:TimeOfNeed"],"damage_healed":0,"gold_gain":0,"player_choice":"Take \u0026 Give","damage_taken":0,"max_hp_gain":0,"max_hp_loss":0,"event_name":"betterNote:BetterNote","floor":27,"gold_loss":0,"cards_obtained":["Bromod:QuickThinking"]}],"is_beta":false,"boss_relics":[{"not_picked":["halation:PlatinumPhoenix","aspiration:RunesmithSkillbook","halation:HeavySnake"]},{"not_picked":["halation:Yufonium","halation:Prosthetics"],"picked":"hexamod:IceCube"}],"items_purged_floors":[8,23,37],"is_endless":false,"potions_floor_spawned":[6,10,11,15,16,20,26,29,32,40,44,46,48,49],"killed_by":"downfall:CharBossMerchant","ascension_level":0}}