{"host":"vyjryxuuuxkt43k4","time":1611920608,"event":{"mods":["AchievementEnabler","BaseMod","Colored Map","DeckTracker","Keyboard Shortcuts","Minty Spire (QoL Compilation)","Permanent Neow","Quick Restart","Rare Cards Sparkle","StSLib","SuperFastMode","everything is the same but u backflip on backflip"],"gold_per_floor":[369,37,51,51,71,71,98,125,150,166,193,193,93,116,116,225,225,250,250,165,187,208,244,82,109,109,109,58,97,106,135,144,246,246,266,291,319,319,328,360,410,445,445,445,445,468,76,88,88,88,88,88,88,128,128,128],"floor_reached":55,"language":"KOR","playtime":4516,"items_purged":["Doubt","Strike_P","Defend_P","Defend_P"],"score":931,"play_id":"f798030d-9607-4c66-a4ce-47a0ad2bca79","local_time":"20210129204328","is_ascension_mode":true,"campfire_choices":[{"data":"Eruption","floor":6.0,"key":"SMITH"},{"floor":15.0,"key":"REST"},{"floor":27.0,"key":"REST"},{"floor":30.0,"key":"REST"},{"floor":32.0,"key":"REST"},{"floor":44.0,"key":"RECALL"},{"floor":49.0,"key":"REST"},{"floor":52.0,"key":"REST"}],"circlet_count":0,"master_deck":["Strike_P","Strike_P","Strike_P","Defend_P","Eruption+1","Vigilance","MentalFortress","Apotheosis+1","EmptyBody","Meditate","Halt","InnerPeace","FearNoEvil","Judgement","TalkToTheHand","CutThroughFate","Consecrate","ClearTheMind","Crescendo","Wallop+1","Ragnarok","Study","Collect+1","ClearTheMind+1","Madness","MentalFortress","MasterReality","Master of Strategy","InnerPeace+1"],"relics":["PureWater","CeramicFish","Oddly Smooth Stone","Black Star","Dream Catcher","Dead Branch","Pear","Lantern","Tiny Chest","Ornamental Fan","Pen Nib","Nunchaku","Orichalcum","Letter Opener","SlaversCollar","MealTicket","Vajra","Incense Burner","Pantograph","Unceasing Top","Singing Bowl","Damaru","Toy Ornithopter"],"acts_visited":["Exordium","TheCity","TheBeyond","TheEnding"],"potions_floor_usage":[54,54,54],"damage_taken":[{"damage":21.0,"enemies":"Jaw Worm","floor":1.0,"turns":4.0},{"damage":13.0,"enemies":"Small Slimes","floor":3.0,"turns":3.0},{"damage":0.0,"enemies":"Cultist","floor":5.0,"turns":3.0},{"damage":16.0,"enemies":"3 Sentries","floor":7.0,"turns":13.0},{"damage":3.0,"enemies":"Looter","floor":8.0,"turns":3.0},{"damage":0.0,"enemies":"Blue Slaver","floor":10.0,"turns":4.0},{"damage":4.0,"enemies":"Exordium Thugs","floor":11.0,"turns":6.0},{"damage":0.0,"enemies":"Red Slaver","floor":14.0,"turns":4.0},{"damage":5.0,"enemies":"Hexaghost","floor":16.0,"turns":9.0},{"damage":22.0,"enemies":"2 Thieves","floor":18.0,"turns":5.0},{"damage":0.0,"enemies":"Chosen","floor":21.0,"turns":3.0},{"damage":2.0,"enemies":"Shelled Parasite and Fungi","floor":22.0,"turns":4.0},{"damage":4.0,"enemies":"Gremlin Leader","floor":23.0,"turns":5.0},{"damage":18.0,"enemies":"Slavers","floor":25.0,"turns":3.0},{"damage":36.0,"enemies":"Book of Stabbing","floor":29.0,"turns":5.0},{"damage":11.0,"enemies":"Gremlin Leader","floor":31.0,"turns":4.0},{"damage":15.0,"enemies":"Automaton","floor":33.0,"turns":5.0},{"damage":11.0,"enemies":"Orb Walker","floor":35.0,"turns":3.0},{"damage":48.0,"enemies":"3 Darklings","floor":36.0,"turns":4.0},{"damage":0.0,"enemies":"Maw","floor":37.0,"turns":6.0},{"damage":13.0,"enemies":"Reptomancer","floor":40.0,"turns":3.0},{"damage":0.0,"enemies":"Mind Bloom Boss Battle","floor":41.0,"turns":4.0},{"damage":7.0,"enemies":"Giant Head","floor":42.0,"turns":7.0},{"damage":25.0,"enemies":"Sphere and 2 Shapes","floor":46.0,"turns":4.0},{"damage":0.0,"enemies":"Writhing Mass","floor":48.0,"turns":3.0},{"damage":18.0,"enemies":"Donu and Deca","floor":50.0,"turns":5.0},{"damage":35,"enemies":"Shield and Spear","floor":54,"turns":5},{"damage":109,"enemies":"The Heart","floor":55,"turns":3}],"seed_played":"5878687986317021734","potions_obtained":[{"floor":7.0,"key":"SpeedPotion"},{"floor":8.0,"key":"Energy Potion"},{"floor":14.0,"key":"DuplicationPotion"},{"floor":16.0,"key":"SkillPotion"},{"floor":18.0,"key":"Ancient Potion"},{"floor":29.0,"key":"BottledMiracle"},{"floor":31.0,"key":"LiquidBronze"},{"floor":33.0,"key":"Weak Potion"},{"floor":36.0,"key":"Swift Potion"},{"floor":40.0,"key":"SkillPotion"},{"floor":46.0,"key":"Dexterity Potion"},{"floor":48.0,"key":"StancePotion"}],"is_trial":false,"path_per_floor":["M","$","M","?","M","R","E","M","T","M","M","?","$","M","R","B",null,"M","?","?","M","M","E","$","E","T","R","$","E","R","E","R","B",null,"M","M","M","?","?","E","?","E","T","R","T","M","$","M","R","B",null,"R","$","E","B"],"character_chosen":"WATCHER","items_purchased":["MentalFortress","Apotheosis","Crescendo","PowerPotion","Regen Potion","Master of Strategy"],"campfire_rested":6,"item_purchase_floors":[2,2,24,28,47,47],"current_hp_per_floor":[51,51,38,38,38,38,22,19,19,19,15,15,15,15,36,31,72,50,50,50,50,48,54,54,36,36,60,60,24,48,37,61,46,82,71,23,23,72,72,59,59,52,52,52,52,27,42,44,68,58,76,78,78,52,0,0],"gold":128,"neow_bonus":"TWO_FIFTY_GOLD","is_daily":false,"chose_seed":false,"campfire_upgraded":1,"win_rate":0.0,"timestamp":1611920608,"path_taken":["M","$","M","?","M","R","E","M","T","M","M","?","$","M","R","BOSS","M","?","?","M","M","E","$","E","T","R","$","E","R","E","R","BOSS","M","M","M","?","?","E","?","E","T","R","?","?","?","M","R","BOSS","R","$","E","BOSS"],"items_purchased_type":["Card","Card","Card","Potion","Potion","Card"],"build_version":"2020-12-22","purchased_purges":4,"victory":false,"max_hp_per_floor":[72,72,72,72,72,72,72,72,72,72,72,72,72,72,72,72,72,72,72,72,72,72,82,82,82,82,82,82,82,82,82,82,82,82,82,82,82,72,72,72,72,72,72,72,72,72,72,74,76,76,76,78,78,78,78,78],"card_choices":[{"not_picked":["BowlingBash","ThirdEye","LikeWater"],"picked":"SKIP","floor":1.0},{"not_picked":["EmptyBody","Protect","BowlingBash"],"picked":"SKIP","floor":3.0},{"not_picked":["Protect","BowlingBash"],"picked":"EmptyBody","floor":3.0},{"not_picked":["Swivel","Worship"],"picked":"Meditate","floor":5.0},{"not_picked":["WaveOfTheHand","FlyingSleeves","ReachHeaven"],"picked":"SKIP","floor":7.0},{"not_picked":["Fasting2","FlyingSleeves"],"picked":"Halt","floor":8.0},{"not_picked":["FlyingSleeves","Sanctity","Wireheading"],"picked":"SKIP","floor":10.0},{"not_picked":["BowlingBash","FollowUp"],"picked":"InnerPeace","floor":11.0},{"not_picked":["FlurryOfBlows","Evaluate"],"picked":"FearNoEvil","floor":14.0},{"not_picked":["Omniscience","LessonLearned"],"picked":"Judgement","floor":16.0},{"not_picked":["Prostrate","Study"],"picked":"TalkToTheHand","floor":18.0},{"not_picked":["CrushJoints","Swivel"],"picked":"CutThroughFate","floor":21.0},{"not_picked":["Conclude+1","Protect+1"],"picked":"Consecrate","floor":22.0},{"not_picked":["Consecrate","CrushJoints"],"picked":"ClearTheMind","floor":23.0},{"not_picked":["ReachHeaven","CrushJoints+1","SandsOfTime+1"],"picked":"SKIP","floor":25.0},{"not_picked":["FollowUp","BowlingBash"],"picked":"Wallop+1","floor":29.0},{"not_picked":["PathToVictory","EmptyFist"],"picked":"Ragnarok","floor":30.0},{"not_picked":["DeceiveReality+1","Halt","Judgement"],"picked":"SKIP","floor":31.0},{"not_picked":["WheelKick","EmptyFist"],"picked":"Study","floor":32.0},{"not_picked":["TalkToTheHand","Prostrate+1","FollowUp"],"picked":"SKIP","floor":35.0},{"not_picked":["Consecrate+1","FollowUp"],"picked":"Collect+1","floor":36.0},{"not_picked":["Study+1","Conclude+1"],"picked":"ClearTheMind+1","floor":37.0},{"not_picked":["Forethought","Enlightenment"],"picked":"Madness","floor":39.0},{"not_picked":["FlurryOfBlows","BowlingBash","Study+1"],"picked":"SKIP","floor":40.0},{"not_picked":["CrushJoints","Consecrate+1"],"picked":"MentalFortress","floor":42.0},{"not_picked":["Swivel+1","FollowUp+1"],"picked":"MasterReality","floor":46.0},{"not_picked":["CutThroughFate+1","JustLucky+1","Swivel+1"],"picked":"Singing Bowl","floor":48.0},{"not_picked":["WaveOfTheHand+1","Protect","PathToVictory+1"],"picked":"Singing Bowl","floor":49.0},{"not_picked":["Consecrate+1","FearNoEvil+1","Weave+1"],"picked":"Singing Bowl","floor":52.0},{"not_picked":["FlyingSleeves+1","DeceiveReality"],"picked":"InnerPeace+1","floor":54}],"player_experience":493404,"relics_obtained":[{"floor":7.0,"key":"CeramicFish"},{"floor":9.0,"key":"Oddly Smooth Stone"},{"floor":23.0,"key":"Dead Branch"},{"floor":23.0,"key":"Pear"},{"floor":25.0,"key":"Lantern"},{"floor":25.0,"key":"Tiny Chest"},{"floor":26.0,"key":"Ornamental Fan"},{"floor":29.0,"key":"Pen Nib"},{"floor":29.0,"key":"Nunchaku"},{"floor":31.0,"key":"Orichalcum"},{"floor":31.0,"key":"Letter Opener"},{"floor":40.0,"key":"MealTicket"},{"floor":40.0,"key":"Vajra"},{"floor":41.0,"key":"Incense Burner"},{"floor":42.0,"key":"Pantograph"},{"floor":42.0,"key":"Unceasing Top"},{"floor":45.0,"key":"Singing Bowl"},{"floor":54,"key":"Damaru"},{"floor":54,"key":"Toy Ornithopter"}],"event_choices":[{"damage_healed":0.0,"max_hp_gain":0.0,"max_hp_loss":0.0,"gold_gain":0.0,"event_name":"Living Wall","player_choice":"Grow","floor":4.0,"gold_loss":0.0,"damage_taken":0.0,"cards_upgraded":["Apotheosis"]},{"cards_removed":["Defend_P"],"damage_healed":0.0,"max_hp_gain":0.0,"max_hp_loss":0.0,"gold_gain":0.0,"event_name":"Purifier","player_choice":"Purged","floor":12.0,"gold_loss":0.0,"damage_taken":0.0},{"damage_healed":0.0,"max_hp_gain":0.0,"max_hp_loss":0.0,"gold_gain":0.0,"event_name":"Ghosts","player_choice":"Ignored","floor":19.0,"gold_loss":0.0,"damage_taken":0.0},{"damage_healed":0.0,"max_hp_gain":0.0,"max_hp_loss":0.0,"gold_gain":0.0,"event_name":"Addict","player_choice":"Obtained Relic","floor":20.0,"gold_loss":85.0,"damage_taken":0.0,"relics_obtained":["Dream Catcher"]},{"damage_healed":72.0,"max_hp_gain":0.0,"max_hp_loss":10.0,"gold_gain":0.0,"event_name":"The Moai Head","player_choice":"Heal","floor":38.0,"gold_loss":0.0,"damage_taken":0.0},{"damage_healed":0.0,"max_hp_gain":0.0,"max_hp_loss":0.0,"gold_gain":0.0,"event_name":"SensoryStone","player_choice":"Memory 1","floor":39.0,"gold_loss":0.0,"damage_taken":0.0},{"damage_healed":0.0,"max_hp_gain":0.0,"max_hp_loss":0.0,"gold_gain":0.0,"event_name":"MindBloom","player_choice":"Fight","floor":41.0,"gold_loss":0.0,"damage_taken":0.0}],"is_beta":false,"boss_relics":[{"not_picked":["Calling Bell","Tiny House"],"picked":"Black Star"},{"not_picked":["Runic Dome","Pandora\u0027s Box"],"picked":"SlaversCollar"}],"items_purged_floors":[2,13,24,47],"is_endless":false,"potions_floor_spawned":[7,8,14,16,18,29,31,33,36,40,46,48],"killed_by":"The Heart","ascension_level":4}}