{"host":"44szraw8fc5x6fuf","time":1611960621,"event":{"mods":["100% Spire Juice","2.2 Compatiblity","Act Like it!","Arknights The Spire","Aspiration","BaseMod","Better Altar","Better Match","Better Note","Better Sensory Stone","Better Skull","Better Third Choice","CapriCore","Chen","Colored Map","Conspire","Gensokyo","Hermit","Highlight Path","Koishi","KomeijiMod","Lobotomy","LobotomyExtend","MarisaÅiñ∂âJÅ@ñÇóùçπÅj","Minty Spire (QoL Compilation)","Onozuka Komachi Mod","Pale of the Ancients","Permanent Neow","Rare Cards Sparkle","ReimuÅiîé??öÎÅj","Reliquary","Replay The Spire","Spicy Shops","Spire Arcade","StSLib","The Administrix","The Disciple","The Immortal","TheFirefly","Yakumo Yukari mod","Yuyuko","Åy?ï®?îvÅzREMEMod"],"gold_per_floor":[364,379,379,379,279,279,341,4,4,4,51,51,51,51,51,198,198,209,134,134,134,247,247,282,282,332,344,436,456,456,222,222,432,432,446,371,42,42,1,34,34,85,85,85,153,173,222,202,202,202],"floor_reached":51,"language":"ENG","playtime":2444,"items_purged":["Pain","CENSORED","MeltingLove"],"score":1211,"play_id":"4edc8c1b-1ff9-4492-99bf-4df22aa3efd0","local_time":"20210129175021","is_ascension_mode":true,"campfire_choices":[{"floor":49,"key":"DIG"}],"circlet_count":0,"master_deck":["BigBird","SpecialBullet","SpecialBullet","SpecialBullet","SpecialBullet","SpecialBullet","SpecialBullet","InformationCode","WelfareCode","Mirror_TwoAndThreeElementRealm_purple+1","WristCuter","ShyLook","Scorched","conspire:SpireCoStock","conspire:SpireCoStock","DreamingCurrent","Penitence","WristCuter","InTheNameOfLoveAndHate","InTheNameOfLoveAndHate","GoldRush","CurseOfTheBell","REME_WheelOfFate+1","SwordSharpenedByTears+1","Madness+1","NothingThere","DaCapo","SpecialBullet","SpecialBullet","GoldRush","GoldRush+1","SpecialBullet","Twilight+1","Trip+1","Diffraction","Pot Of Greed","Pot Of Greed","Pot Of Greed","Moonlight+1","Pot Of Greed","RecordCode","DaCapo"],"relics":["CogitoBucket","REME_ComplimentaryCards","LetterFromLob","Gensokyo:Mercy","Gensokyo:LunaticRedEyes","InkBottle","Membership Card","HandDrill","FossilizedHelix","Pet Ghost","Calling Bell","Omamori","reliquary:JackalopeAntler","Dead Branch","AspirationHeart","RedMistMask","ReplayTheSpireMod:TigerMarble","HornCleat","Bag of Preparation","ReplayTheSpireMod:CursedCoin","REME_OnlineShoppingPlatform","Ancient Tea Set","Replay:Ringing Soul","Philosopher\u0027s Stone","BackwardClock","Oddly Smooth Stone","Guide Book","REME_CardOfGreed","Boot","Grinning Jar","Shovel","Potion Belt","Shuriken","aspiration:Lifesprig","AtMidnight","TreeSap","Oddly Smooth Stone","Lamp_r"],"acts_visited":["Gensokyo:Gensokyo","Gensokyo:Gensokyoer","Gensokyo:Gensokyoest"],"potions_floor_usage":[48,51,51,51,51,51,51,51,51,51,51,51,51,51],"damage_taken":[{"damage":14,"enemies":"Gensokyo:2_Kodama","floor":1,"turns":3},{"damage":0,"enemies":"Gensokyo:3_Fairies","floor":2,"turns":2},{"damage":18,"enemies":"Gensokyo:Mamizou","floor":7,"turns":6},{"damage":8,"enemies":"Gensokyo:Aya","floor":11,"turns":5},{"damage":27,"enemies":"Gensokyo:Reimu","floor":16,"turns":7},{"damage":10,"enemies":"Gensokyo:CosmicMonolith","floor":18,"turns":3},{"damage":0,"enemies":"Gensokyo:Koishi","floor":24,"turns":2},{"damage":0,"enemies":"Gensokyo:AngelMirror","floor":27,"turns":1},{"damage":0,"enemies":"Gensokyo:Monolith_and_Dog","floor":28,"turns":1},{"damage":0,"enemies":"Gensokyo:Slime_Group","floor":29,"turns":2},{"damage":40,"enemies":"Gensokyo:Eternal_Rivals","floor":33,"turns":6},{"damage":0,"enemies":"Gensokyo:AncientGuardian","floor":35,"turns":2},{"damage":0,"enemies":"Gensokyo:Marisa","floor":40,"turns":2},{"damage":9,"enemies":"Gensokyo:Doremy","floor":42,"turns":3},{"damage":0,"enemies":"Gensokyo:3_Bats","floor":46,"turns":1},{"damage":0,"enemies":"Gensokyo:Kasen","floor":47,"turns":1},{"damage":0,"enemies":"Gensokyo:Sharpion","floor":48,"turns":2},{"damage":30,"enemies":"Gensokyo:Yuyuko","floor":50,"turns":4},{"damage":0,"enemies":"Malkuth","floor":51,"turns":2},{"damage":33,"enemies":"Yesod","floor":51,"turns":3},{"damage":34,"enemies":"Tiphereth","floor":51,"turns":3},{"damage":86,"enemies":"Hokma","floor":51,"turns":4},{"damage":90,"enemies":"Angela","floor":51,"turns":2}],"seed_played":"-4345186526855703448","potions_obtained":[{"floor":1,"key":"UndeadPotion"},{"floor":11,"key":"Explosive Potion"},{"floor":18,"key":"Dexterity Potion"},{"floor":24,"key":"Strength Potion"},{"floor":48,"key":"Doom Potion"}],"is_trial":false,"path_per_floor":["M","M","?","?","?","R","E","$","T","?","E","R","$","?","R","B",null,"M","?","?","?","?","R","E","R","T","M","M","M","R","$","R","B",null,"M","?","$","?","$","E","R","E","T","R","T","M","E","M","R","B",null],"character_chosen":"Angela","items_purchased":["Membership Card","WristCuter","HandDrill","ReplayTheSpireMod:CursedCoin","GoldRush","REME_OnlineShoppingPlatform","Ancient Tea Set","Replay:Ringing Soul","Oddly Smooth Stone","Guide Book","REME_CardOfGreed","Boot","Diffraction"],"campfire_rested":0,"item_purchase_floors":[8,8,8,31,31,31,31,31,37,37,37,37,39],"current_hp_per_floor":[35,35,35,35,35,35,20,20,20,20,36,36,36,52,52,53,74,84,84,84,68,42,42,46,46,46,52,65,74,74,74,74,80,99,99,102,102,102,105,108,108,109,109,112,112,114,117,124,124,124],"gold":22,"neow_bonus":"TWO_FIFTY_GOLD","is_daily":false,"chose_seed":false,"campfire_upgraded":0,"win_rate":0.0,"timestamp":1611960621,"path_taken":["M","M","?","?","?","R","E","$","T","?","E","R","?","?","R","BOSS","M","?","?","?","?","R","E","R","T","?","M","M","R","$","R","BOSS","M","?","$","?","?","E","R","E","T","R","?","M","E","M","R","BOSS"],"items_purchased_type":["Relic","Card","Relic","Relic","Card","Relic","Relic","Relic","Relic","Relic","Relic","Relic","Card"],"build_version":"2020-12-22","purchased_purges":3,"victory":true,"max_hp_per_floor":[70,70,70,70,70,70,70,70,70,70,70,70,70,70,70,74,74,84,84,84,84,84,84,88,88,88,92,92,92,92,92,92,99,99,99,102,102,102,105,108,108,111,111,114,114,114,117,124,124,124],"card_choices":[{"not_picked":["Tough"],"picked":"WristCuter","floor":1},{"not_picked":["OSAHOGD","PunishingBird"],"picked":"ShyLook","floor":1},{"not_picked":["RedEyes","TodaysExpression"],"picked":"SKIP","floor":1},{"not_picked":["WallGazer","CherryBlossoms"],"picked":"Scorched","floor":2},{"not_picked":["BloodyDesire","Lantern"],"picked":"SKIP","floor":2},{"not_picked":["Hypocrisy"],"picked":"Wingbeat","floor":7},{"not_picked":["BeautyBeast","CherryBlossoms"],"picked":"DreamingCurrent","floor":7},{"not_picked":["Discord"],"picked":"Penitence","floor":7},{"not_picked":["Penitence"],"picked":"InTheNameOfLoveAndHate","floor":11},{"not_picked":["Noise"],"picked":"InTheNameOfLoveAndHate","floor":11},{"not_picked":["VoidDream","OldLady"],"picked":"Woodsman","floor":16},{"not_picked":["Adoration"],"picked":"GoldRush","floor":16},{"not_picked":["Christmas","MagicBullet"],"picked":"SKIP","floor":18},{"not_picked":["HandOfGreed+1"],"picked":"REME_WheelOfFate+1","floor":19},{"not_picked":["Laetitia_ego+1"],"picked":"SwordSharpenedByTears+1","floor":19},{"not_picked":["Yin","NakedNest"],"picked":"NothingThere","floor":24},{"not_picked":["Wingbeat+1"],"picked":"DaCapo","floor":24},{"not_picked":["BlackSwan","FairyFestival"],"picked":"CENSORED","floor":27},{"not_picked":["RedEyes","SwordSharpenedByTears"],"picked":"SKIP","floor":27},{"not_picked":["RedEyes","SwordSharpenedByTears"],"picked":"SKIP","floor":27},{"not_picked":["Beak","Loneliness"],"picked":"SKIP","floor":28},{"not_picked":["BloodyDesire","Horn"],"picked":"SKIP","floor":29},{"not_picked":["HeroicMonk","Funeral"],"picked":"MeltingLove","floor":33},{"not_picked":["SoundOfStar"],"picked":"Twilight","floor":33},{"not_picked":["Hypocrisy","TodaysExpression"],"picked":"SKIP","floor":35},{"not_picked":["ParadiseLost+1"],"picked":"Mimicry+1","floor":36},{"not_picked":["Replay:Sssssssssstrike+1"],"picked":"Trip+1","floor":36},{"not_picked":["Lamp","Wingbeat"],"picked":"SKIP","floor":40},{"not_picked":["ScreamingWedge"],"picked":"Moonlight+1","floor":42},{"not_picked":["Horn","Logging"],"picked":"SKIP","floor":46},{"not_picked":["WristCuter"],"picked":"DaCapo","floor":47},{"not_picked":["MeltingLove","Variant"],"picked":"BigBird","floor":48},{"not_picked":["Horn+1","Harmony"],"picked":"SKIP","floor":48}],"player_experience":220899,"relics_obtained":[{"floor":1,"key":"LetterFromLob"},{"floor":7,"key":"InkBottle"},{"floor":9,"key":"FossilizedHelix"},{"floor":11,"key":"Pet Ghost"},{"floor":17,"key":"Omamori"},{"floor":17,"key":"reliquary:JackalopeAntler"},{"floor":17,"key":"Dead Branch"},{"floor":18,"key":"RedMistMask"},{"floor":24,"key":"HornCleat"},{"floor":26,"key":"Bag of Preparation"},{"floor":40,"key":"Grinning Jar"},{"floor":42,"key":"Shovel"},{"floor":43,"key":"Potion Belt"},{"floor":45,"key":"Shuriken"},{"floor":47,"key":"aspiration:Lifesprig"},{"floor":48,"key":"AtMidnight"},{"floor":49,"key":"reliquary:SculptingSteel"}],"event_choices":[{"damage_healed":0,"gold_gain":0,"player_choice":"Invest 2","damage_taken":0,"max_hp_gain":0,"max_hp_loss":0,"event_name":"conspire:Investor","floor":5,"gold_loss":0},{"damage_healed":0,"gold_gain":0,"player_choice":"2","damage_taken":0,"max_hp_gain":0,"max_hp_loss":0,"event_name":"betterMatch:BetterMatch","floor":19,"gold_loss":0,"cards_obtained":["betterMatch:ColorlessRareCard","betterMatch:UncommonCard"]},{"damage_healed":0,"gold_gain":2,"player_choice":"2","damage_taken":0,"max_hp_gain":0,"max_hp_loss":16,"event_name":"betterStone:BetterStone","floor":21,"gold_loss":0},{"damage_healed":0,"gold_gain":113,"player_choice":"GO RE ","damage_taken":29,"relics_obtained":["ReplayTheSpireMod:TigerMarble"],"max_hp_gain":0,"max_hp_loss":0,"event_name":"betterSkull:BetterSkull","floor":22,"gold_loss":0,"cards_upgraded":[]},{"damage_healed":0,"gold_gain":0,"player_choice":"2","damage_taken":0,"max_hp_gain":0,"max_hp_loss":0,"event_name":"betterMatch:BetterMatch","floor":36,"gold_loss":0,"cards_obtained":["betterMatch:RareCard","betterMatch:ColorlessUncommonCard"]}],"is_beta":false,"boss_relics":[{"not_picked":["Astrolabe","Runic Dome"],"picked":"Calling Bell"},{"not_picked":["aspiration:RitualDagger","Sozu"],"picked":"Philosopher\u0027s Stone"}],"items_purged_floors":[8,31,37],"is_endless":false,"potions_floor_spawned":[1,11,18,24,28,40,42,48],"ascension_level":3}}