{"host":"h3h5j8lwiwd519yy","time":1611960488,"event":{"mods":["2.2 Compatiblity","AchievementEnabler","BaseMod","Better Third Choice","Block Reminder","Colored Map","Colored Powertips","Curses Come First","Highlight Path","Minty Spire (QoL Compilation)","Quick Restart","Rare Cards Sparkle","Relic Stats","StSLib","Synergy Search"],"gold_per_floor":[119,84,84,2,2,33,46,46,73,98,98,111,38,56,56,130,130,145,162,175,25,25,25,42,42,42,42,42,42,77,89,89,89,89],"floor_reached":33,"language":"ENG","playtime":1996,"items_purged":[],"score":507,"play_id":"8e8466a3-0ae0-408b-8446-bf0041f063c1","local_time":"20210129204808","is_ascension_mode":true,"campfire_choices":[{"floor":11.0,"key":"REST"},{"floor":15.0,"key":"REST"},{"floor":23.0,"key":"REST"},{"floor":25.0,"key":"REST"},{"floor":32,"key":"REST"}],"circlet_count":0,"master_deck":["AscendersBane","Strike_G","Strike_G","Strike_G","Strike_G+1","Defend_G","Defend_G","Defend_G","Defend_G","Defend_G+1","Survivor","Neutralize","Crippling Poison","Caltrops","Well Laid Plans","Cloak And Dagger","Venomology","All Out Attack","Dash","Sucker Punch","Glass Knife","Slice","Backflip","Backflip","Shame","Quick Slash","Die Die Die","Caltrops","Writhe","J.A.X.","Backstab","Slice"],"relics":["Ring of the Snake","NeowsBlessing","Shuriken","Boot","Cursed Key","Lantern","Dream Catcher","FossilizedHelix","Matryoshka"],"acts_visited":["TheCity"],"potions_floor_usage":[33,33],"damage_taken":[{"damage":0.0,"enemies":"Jaw Worm","floor":1.0,"turns":1.0},{"damage":0.0,"enemies":"Lagavulin","floor":6.0,"turns":1.0},{"damage":0.0,"enemies":"Small Slimes","floor":7.0,"turns":2.0},{"damage":45.0,"enemies":"3 Sentries","floor":10.0,"turns":15.0},{"damage":2.0,"enemies":"2 Louse","floor":12.0,"turns":3.0},{"damage":0.0,"enemies":"Blue Slaver","floor":14.0,"turns":5.0},{"damage":23.0,"enemies":"Slime Boss","floor":16.0,"turns":14.0},{"damage":8.0,"enemies":"Chosen","floor":18.0,"turns":6.0},{"damage":18.0,"enemies":"Shell Parasite","floor":19.0,"turns":5.0},{"damage":13.0,"enemies":"Snecko","floor":20.0,"turns":5.0},{"damage":13.0,"enemies":"Shelled Parasite and Fungi","floor":24.0,"turns":5.0},{"damage":30.0,"enemies":"Gremlin Leader","floor":30.0,"turns":7.0},{"damage":12,"enemies":"Centurion and Healer","floor":31,"turns":5},{"damage":37,"enemies":"Champ","floor":33,"turns":5}],"seed_played":"8178356002787008096","potions_obtained":[{"floor":6.0,"key":"SteroidPotion"},{"floor":10.0,"key":"Block Potion"},{"floor":12.0,"key":"Weak Potion"},{"floor":20.0,"key":"Regen Potion"}],"is_trial":false,"path_per_floor":["M","?","?","$","?","E","M","$","T","E","R","M","$","M","R","B",null,"M","M","M","$","?","R","M","R","T","$","?","?","E","M","R","B"],"character_chosen":"THE_SILENT","items_purchased":["Caltrops","Dash","Lantern"],"campfire_rested":5,"item_purchase_floors":[4,13,21],"current_hp_per_floor":[59,66,59,59,46,46,46,46,46,1,20,18,18,18,37,14,53,45,27,14,14,14,33,34,53,53,53,53,53,23,11,30,0,0],"gold":89,"neow_bonus":"THREE_ENEMY_KILL","is_daily":false,"chose_seed":false,"campfire_upgraded":0,"win_rate":0.0,"timestamp":1611960488,"path_taken":["M","?","?","$","?","E","M","?","T","E","R","M","$","M","R","BOSS","M","M","M","$","?","R","M","R","T","$","?","?","E","M","R","BOSS"],"items_purchased_type":["Card","Card","Relic"],"build_version":"2020-12-22","purchased_purges":0,"victory":false,"max_hp_per_floor":[66,66,66,66,66,66,66,66,66,66,66,66,66,66,66,66,66,66,66,66,66,66,66,66,66,66,66,66,66,66,66,66,66,66],"relic_stats":{"Dream Catcher":3,"counters":[14,79],"Shuriken":[27],"Boot":[47],"Cursed Key":1,"obtain_stats":[{"Lantern":21,"Dream Catcher":22,"Matryoshka":30,"NeowsBlessing":0,"Shuriken":6,"Boot":10,"Cursed Key":17,"FossilizedHelix":26,"Ring of the Snake":0},{"Lantern":10,"Dream Catcher":10,"Matryoshka":12,"NeowsBlessing":0,"Shuriken":2,"Boot":4,"Cursed Key":7,"FossilizedHelix":11,"Ring of the Snake":0},{"Lantern":57,"Dream Catcher":57,"Matryoshka":69,"NeowsBlessing":0,"Shuriken":2,"Boot":19,"Cursed Key":41,"FossilizedHelix":62,"Ring of the Snake":0}],"Ring of the Snake":[28]},"card_choices":[{"not_picked":["Acrobatics","Choke"],"picked":"Crippling Poison","floor":1.0},{"not_picked":["Noxious Fumes","Deadly Poison"],"picked":"Well Laid Plans","floor":6.0},{"not_picked":["Masterful Stab","Deadly Poison"],"picked":"Cloak And Dagger","floor":7.0},{"not_picked":["Poisoned Stab","Quick Slash"],"picked":"Venomology","floor":10.0},{"not_picked":["Prepared","Acrobatics"],"picked":"All Out Attack","floor":12.0},{"not_picked":["Bane","Quick Slash"],"picked":"Sucker Punch","floor":14.0},{"not_picked":["Die Die Die","Doppelganger"],"picked":"Glass Knife","floor":16.0},{"not_picked":["Concentrate","Finisher+1"],"picked":"Slice","floor":18.0},{"not_picked":["Blade Dance","Dagger Throw"],"picked":"Backflip","floor":19.0},{"not_picked":["Tactician","Dagger Spray"],"picked":"Backflip","floor":20.0},{"not_picked":["Blade Dance","Underhanded Strike+1"],"picked":"Quick Slash","floor":23.0},{"not_picked":["Reflex","Bane+1"],"picked":"Die Die Die","floor":24.0},{"not_picked":["Cloak And Dagger","Concentrate"],"picked":"Caltrops","floor":25.0},{"not_picked":["Distraction+1","Heel Hook"],"picked":"Backstab","floor":30.0},{"not_picked":["Backflip","Finisher+1"],"picked":"Slice","floor":31}],"player_experience":978321,"relics_obtained":[{"floor":6.0,"key":"Shuriken"},{"floor":10.0,"key":"Boot"},{"floor":26.0,"key":"FossilizedHelix"},{"floor":30.0,"key":"Matryoshka"}],"event_choices":[{"damage_healed":16.0,"max_hp_gain":0.0,"max_hp_loss":0.0,"gold_gain":0.0,"event_name":"The Cleric","player_choice":"Healed","floor":2.0,"gold_loss":35.0,"damage_taken":0.0},{"cards_removed":["Strike_G"],"damage_healed":0.0,"max_hp_gain":0.0,"max_hp_loss":0.0,"gold_gain":0.0,"event_name":"Golden Wing","player_choice":"Card Removal","floor":3.0,"gold_loss":0.0,"damage_taken":7.0},{"damage_healed":59.0,"max_hp_gain":0.0,"max_hp_loss":66.0,"gold_gain":0.0,"event_name":"betterThird:BetterShining","player_choice":"Upgrade","floor":5.0,"gold_loss":0.0,"damage_taken":13.0,"cards_upgraded":["Defend_G","Strike_G"]},{"damage_healed":0.0,"max_hp_gain":0.0,"max_hp_loss":0.0,"gold_gain":0.0,"event_name":"Addict","player_choice":"Stole Relic","floor":22.0,"gold_loss":0.0,"damage_taken":0.0,"relics_obtained":["Dream Catcher"],"cards_obtained":["Shame"]},{"damage_healed":0.0,"max_hp_gain":0.0,"max_hp_loss":0.0,"gold_gain":0.0,"event_name":"Drug Dealer","player_choice":"Obtain J.A.X.","floor":28.0,"gold_loss":0.0,"damage_taken":0.0,"cards_obtained":["J.A.X."]},{"damage_healed":0.0,"max_hp_gain":0.0,"max_hp_loss":0.0,"gold_gain":0.0,"event_name":"Match and Keep!","player_choice":"0 cards matched","floor":29.0,"gold_loss":0.0,"damage_taken":0.0,"cards_obtained":[]}],"is_beta":false,"boss_relics":[{"not_picked":["Empty Cage","Runic Dome"],"picked":"Cursed Key"}],"items_purged_floors":[],"is_endless":false,"potions_floor_spawned":[6,10,12,20],"killed_by":"Champ","ascension_level":14}}