{"host":"3zb3nk4wvq0dtbuh","time":1611919527,"event":{"mods":["AchievementEnabler","BaseMod","Lobotomy","Minty Spire (QoL Compilation)","Quick Restart","Relic Filter Mod","StSLib","SuperFastMode","The Blackbeard"],"gold_per_floor":[109,124,124,134,151,151,4,4,28,39,39,39,39,52,52,150,150,161,177,192,192,210,210,210,139,139,149,163,177,276,288,288,384,384,394,146,146,159,169,200,200,200,200,200,200,216,230,39,39,39,39],"floor_reached":50,"language":"ZHS","playtime":965,"items_purged":["Strike_R"],"score":493,"play_id":"e0021622-7516-464b-98b8-3df055018add","local_time":"20210129192527","is_ascension_mode":false,"campfire_choices":[{"data":"Body Slam","floor":6.0,"key":"SMITH"},{"data":"Shrug It Off","floor":8.0,"key":"SMITH"},{"data":"Limit Break","floor":11.0,"key":"SMITH"},{"data":"Demon Form","floor":15.0,"key":"SMITH"},{"data":"Armaments","floor":23.0,"key":"SMITH"},{"floor":32.0,"key":"REST"},{"data":"Double Tap","floor":45.0,"key":"SMITH"},{"floor":49.0,"key":"REST"}],"circlet_count":0,"master_deck":["Bash","Body Slam+1","Carnage","Limit Break+1","Headbutt","Shrug It Off+1","Offering","Demon Form+1","Fiend Fire","Heavy Blade","Barricade","Juggernaut","Armaments+1","Sentinel","Pommel Strike","Dropkick","Flex+1","J.A.X.","Whirlwind","Inflame","Inflame+1","Double Tap+1","Bloodletting+1","Rupture+1","Madness","Madness","Violence"],"relics":["Burning Blood","Pocketwatch","Blood Vial","Pandora\u0027s Box","Matryoshka","Sozu","Self Forming Clay","Red Skull","Centennial Puzzle","Akabeko"],"acts_visited":["Exordium","TheCity","TheBeyond"],"potions_floor_usage":[],"damage_taken":[{"damage":0.0,"enemies":"2 Louse","floor":1.0,"turns":3.0},{"damage":6.0,"enemies":"Cultist","floor":2.0,"turns":3.0},{"damage":8.0,"enemies":"Jaw Worm","floor":4.0,"turns":3.0},{"damage":19.0,"enemies":"Exordium Thugs","floor":5.0,"turns":5.0},{"damage":17.0,"enemies":"Large Slime","floor":10.0,"turns":2.0},{"damage":6.0,"enemies":"Looter","floor":14.0,"turns":3.0},{"damage":23.0,"enemies":"Hexaghost","floor":16.0,"turns":6.0},{"damage":6.0,"enemies":"Spheric Guardian","floor":18.0,"turns":3.0},{"damage":10.0,"enemies":"Chosen","floor":19.0,"turns":3.0},{"damage":6.0,"enemies":"Snake Plant","floor":20.0,"turns":2.0},{"damage":9.0,"enemies":"Snecko","floor":22.0,"turns":3.0},{"damage":29.0,"enemies":"Centurion and Healer","floor":27.0,"turns":3.0},{"damage":21.0,"enemies":"Snake Plant","floor":28.0,"turns":4.0},{"damage":6.0,"enemies":"Sentry and Sphere","floor":29.0,"turns":3.0},{"damage":34.0,"enemies":"Shelled Parasite and Fungi","floor":31.0,"turns":4.0},{"damage":39.0,"enemies":"Collector","floor":33.0,"turns":5.0},{"damage":11.0,"enemies":"3 Shapes","floor":35.0,"turns":4.0},{"damage":15.0,"enemies":"Orb Walker","floor":38.0,"turns":3.0},{"damage":11.0,"enemies":"Sphere and 2 Shapes","floor":39.0,"turns":7.0},{"damage":35.0,"enemies":"Reptomancer","floor":40.0,"turns":5.0},{"damage":12.0,"enemies":"Maw","floor":46.0,"turns":4.0},{"damage":30.0,"enemies":"4 Shapes","floor":47.0,"turns":2.0},{"damage":23,"enemies":"Donu and Deca","floor":50,"turns":2}],"seed_played":"5530145395507056716","potions_obtained":[{"floor":1.0,"key":"SneckoOil"},{"floor":2.0,"key":"Block Potion"},{"floor":14.0,"key":"DistilledChaos"},{"floor":29.0,"key":"AttackPotion"}],"is_trial":false,"path_per_floor":["M","M","?","M","M","R","$","R","T","M","R","?","$","M","R","B",null,"M","M","M","?","M","R","?","$","T","M","M","M","?","M","R","B",null,"M","$","?","M","M","E","$","?","T","?","R","M","M","$","R","B"],"character_chosen":"IRONCLAD","items_purchased":["Offering","Inflame","Self Forming Clay","Violence"],"campfire_rested":2,"item_purchase_floors":[7,25,36,48],"current_hp_per_floor":[62,62,62,60,47,47,47,47,47,38,38,38,38,40,40,25,80,80,76,78,78,77,77,77,77,77,56,43,45,45,19,43,12,80,75,75,75,68,65,38,38,70,70,61,61,57,35,35,56,35,35],"gold":39,"neow_bonus":"ONE_RARE_RELIC","is_daily":false,"chose_seed":false,"campfire_upgraded":6,"win_rate":0.0,"timestamp":1611919527,"path_taken":["M","M","?","?","M","R","$","R","T","M","R","?","?","M","R","BOSS","M","M","M","?","M","R","?","?","T","M","?","M","?","M","R","BOSS","M","$","?","M","M","E","$","?","T","?","R","M","M","$","R","BOSS"],"items_purchased_type":["Card","Card","Relic","Card"],"build_version":"2020-12-22","purchased_purges":1,"victory":false,"max_hp_per_floor":[80,80,80,80,80,80,80,80,80,80,80,80,80,80,80,80,80,80,80,80,80,80,80,80,80,80,80,80,80,80,80,80,80,80,80,80,80,80,80,80,80,70,70,70,70,70,70,70,70,70,70],"card_choices":[{"not_picked":["Combust","Power Through"],"picked":"Body Slam","floor":1.0},{"not_picked":["Infernal Blade","Bloodletting"],"picked":"Carnage","floor":2.0},{"not_picked":["Perfected Strike","Warcry"],"picked":"Headbutt","floor":4.0},{"not_picked":["Sword Boomerang","Havoc"],"picked":"Shrug It Off","floor":5.0},{"not_picked":["Uppercut","Clothesline","Dropkick"],"picked":"SKIP","floor":10.0},{"not_picked":["Searing Blow","Fire Breathing"],"picked":"Demon Form","floor":14.0},{"not_picked":["Berserk","Demon Form"],"picked":"Fiend Fire","floor":16.0},{"not_picked":["Twin Strike+1","Armaments"],"picked":"Flex+1","floor":18.0},{"not_picked":["Rampage+1","Havoc","Uppercut"],"picked":"SKIP","floor":19.0},{"not_picked":["Flex","Uppercut","Burning Pact"],"picked":"SKIP","floor":20.0},{"not_picked":["Blood for Blood","Uppercut","Combust"],"picked":"SKIP","floor":22.0},{"not_picked":["Anger+1","Sword Boomerang","Iron Wave"],"picked":"SKIP","floor":27.0},{"not_picked":["Blood for Blood","Cleave+1","True Grit"],"picked":"SKIP","floor":28.0},{"not_picked":["True Grit","Wild Strike+1"],"picked":"Inflame+1","floor":29.0},{"not_picked":["Pommel Strike+1","Twin Strike","Flame Barrier"],"picked":"SKIP","floor":31.0},{"not_picked":["Demon Form","Brutality"],"picked":"Double Tap","floor":33.0},{"not_picked":["Wild Strike+1","Heavy Blade"],"picked":"Bloodletting+1","floor":35.0},{"not_picked":["Bloodletting","True Grit"],"picked":"Rupture+1","floor":38.0},{"not_picked":["Anger","Perfected Strike+1","Combust+1"],"picked":"SKIP","floor":39.0},{"not_picked":["Cleave","True Grit","Sword Boomerang"],"picked":"SKIP","floor":40.0},{"not_picked":["Havoc+1","Armaments","Sword Boomerang+1"],"picked":"SKIP","floor":46.0},{"not_picked":["Thunderclap","Infernal Blade","Havoc"],"picked":"SKIP","floor":47.0}],"player_experience":43445,"relics_obtained":[{"floor":9.0,"key":"Blood Vial"},{"floor":26.0,"key":"Matryoshka"},{"floor":40.0,"key":"Red Skull"},{"floor":43.0,"key":"Centennial Puzzle"},{"floor":43.0,"key":"Akabeko"}],"event_choices":[{"damage_healed":0.0,"max_hp_gain":0.0,"max_hp_loss":0.0,"gold_gain":0.0,"event_name":"Match and Keep!","player_choice":"1 cards matched","floor":3.0,"gold_loss":0.0,"damage_taken":0.0,"cards_obtained":["Limit Break"]},{"cards_removed":["Strike_R"],"damage_healed":0.0,"max_hp_gain":0.0,"max_hp_loss":0.0,"gold_gain":0.0,"event_name":"Purifier","player_choice":"Purged","floor":12.0,"gold_loss":0.0,"damage_taken":0.0},{"damage_healed":0.0,"max_hp_gain":0.0,"max_hp_loss":0.0,"gold_gain":0.0,"event_name":"Drug Dealer","player_choice":"Obtain J.A.X.","floor":21.0,"gold_loss":0.0,"damage_taken":0.0,"cards_obtained":["J.A.X."]},{"damage_healed":0.0,"max_hp_gain":0.0,"max_hp_loss":0.0,"gold_gain":0.0,"event_name":"The Library","player_choice":"Read","floor":24.0,"gold_loss":0.0,"damage_taken":0.0,"cards_obtained":["Whirlwind"]},{"damage_healed":0.0,"max_hp_gain":0.0,"max_hp_loss":0.0,"gold_gain":99.0,"event_name":"Nest","player_choice":"Stole From Cult","floor":30.0,"gold_loss":0.0,"damage_taken":0.0},{"damage_healed":0.0,"max_hp_gain":0.0,"max_hp_loss":0.0,"gold_gain":0.0,"event_name":"Tomb of Lord Red Mask","player_choice":"Ignored","floor":37.0,"gold_loss":0.0,"damage_taken":0.0},{"damage_healed":70.0,"max_hp_gain":0.0,"max_hp_loss":10.0,"gold_gain":0.0,"event_name":"The Moai Head","player_choice":"Heal","floor":42.0,"gold_loss":0.0,"damage_taken":0.0},{"damage_healed":0.0,"max_hp_gain":0.0,"max_hp_loss":0.0,"gold_gain":0.0,"event_name":"Winding Halls","player_choice":"Embrace Madness","floor":44.0,"gold_loss":0.0,"damage_taken":9.0,"cards_obtained":["Madness","Madness"]}],"is_beta":false,"boss_relics":[{"not_picked":["Empty Cage","Philosopher\u0027s Stone"],"picked":"Pandora\u0027s Box"},{"not_picked":["Busted Crown","Mark of Pain"],"picked":"Sozu"}],"items_purged_floors":[7],"is_endless":false,"potions_floor_spawned":[1,2,14,19,27,28,29,35,38,46],"killed_by":"Donu and Deca","ascension_level":0}}