{"host":"kydqlojjt9mno5rv","time":1611899342,"event":{"mods":["AchievementEnabler","BaseMod","Colored Powertips","Curses Come First","DeckTracker","Minty Spire (QoL Compilation)","Quick Restart","Replay The Spire","Shop Mod","Spicy Shops","StSLib","SuperFastMode","Synergy Search","Weighted Paths"],"gold_per_floor":[114,214,112,112,124,149,149,183,183,183,183],"floor_reached":10,"language":"ENG","playtime":262,"items_purged":[],"score":104,"play_id":"44d29177-0f8c-4ae5-9ac9-977949a8689b","local_time":"20210129004902","is_ascension_mode":true,"campfire_choices":[{"data":"BasicCrystalCard","floor":7,"key":"SMITH"}],"circlet_count":0,"master_deck":["Strike_B","Strike_B","Strike_B","Strike_B","Defend_B","Defend_B","Defend_B","Defend_B","Zap","Dualcast","Ball Lightning","Redo","Fission","BasicCrystalCard+1","Tempest","Pain","Tempest","BasicCrystalCard","Doom and Gloom"],"relics":["Cracked Core","NeowsBlessing","WarpedTongs","Ice Cream","Orichalcum","Mercury Hourglass"],"acts_visited":["Exordium"],"potions_floor_usage":[],"damage_taken":[{"damage":0,"enemies":"2 Louse","floor":1,"turns":1},{"damage":0,"enemies":"Small Slimes","floor":5,"turns":1},{"damage":0,"enemies":"Lagavulin","floor":6,"turns":1},{"damage":45,"enemies":"3 Sentries","floor":8,"turns":6},{"damage":12,"enemies":"Lagavulin","floor":10,"turns":2}],"seed_played":"-4237970291116027166","potions_obtained":[{"floor":5,"key":"Adrenaline Potion"},{"floor":8,"key":"LiquidMemories"}],"is_trial":false,"path_per_floor":["M","?","$","?","M","E","R","E","T","E"],"character_chosen":"DEFECT","items_purchased":["Tempest"],"campfire_rested":0,"item_purchase_floors":[3],"current_hp_per_floor":[75,57,57,57,57,57,57,12,12,0,0],"gold":183,"neow_bonus":"THREE_ENEMY_KILL","is_daily":false,"chose_seed":false,"campfire_upgraded":1,"win_rate":0.0,"timestamp":1611899342,"path_taken":["M","?","$","?","M","E","R","E","T","E"],"items_purchased_type":["Card"],"build_version":"2020-12-22","purchased_purges":0,"victory":false,"max_hp_per_floor":[75,75,75,75,75,75,75,75,75,75,75],"card_choices":[{"not_picked":["Doom and Gloom","ReplayGash"],"picked":"Ball Lightning","floor":1},{"not_picked":["Turbo","Skim"],"picked":"Redo","floor":2},{"not_picked":["Sweeping Beam","Hello World"],"picked":"Fission","floor":2},{"not_picked":["Go for the Eyes","Melter"],"picked":"BasicCrystalCard","floor":2},{"not_picked":["Lockon","White Noise"],"picked":"Tempest","floor":5},{"not_picked":["Hello World","Leap"],"picked":"BasicCrystalCard","floor":6},{"not_picked":["Coolheaded","Buffer"],"picked":"Doom and Gloom","floor":8}],"player_experience":167894,"relics_obtained":[{"floor":6,"key":"Ice Cream"},{"floor":8,"key":"Orichalcum"},{"floor":9,"key":"Mercury Hourglass"}],"event_choices":[{"damage_healed":0,"gold_gain":0,"player_choice":"Rummage","damage_taken":0,"relics_obtained":["WarpedTongs"],"max_hp_gain":0,"max_hp_loss":0,"event_name":"Accursed Blacksmith","floor":4,"gold_loss":0,"cards_obtained":["Pain"]}],"is_beta":false,"boss_relics":[],"items_purged_floors":[],"is_endless":false,"potions_floor_spawned":[5,8],"killed_by":"Lagavulin","ascension_level":1}}