{"host":"ijtyqc57s6c9mbij","time":1611950318,"event":{"mods":["BaseMod","Colored Map","Downfall","Minty Spire (QoL Compilation)","StSLib"],"gold_per_floor":[99,116,566,566,579,595,595,495,528,544,344,344,344,619,632,728,728,728,739,755,855,253,253,253,253,253,253,273,291,70,70,89,191,191,191,191,191,191],"floor_reached":36,"language":"ENG","playtime":3039,"items_purged":["downfall:Icky","downfall:Icky"],"score":629,"play_id":"c3ea9ffb-a877-4bb4-b207-0fb1925c3c2e","local_time":"20210129115838","is_ascension_mode":true,"campfire_choices":[{"floor":1.0,"key":"RECALL"},{"floor":11.0,"key":"DIG"},{"floor":13.0,"key":"REST"},{"floor":18.0,"key":"DIG"},{"data":"1","floor":23.0,"key":"LIFT"},{"data":"2","floor":26.0,"key":"LIFT"},{"data":"3","floor":35.0,"key":"LIFT"}],"circlet_count":0,"master_deck":["sneckomod:TailWhip","sneckomod:SnekBite","Decay","sneckomod:UnknownColorless","downfall:Icky","sneckomod:SnakeSap","Twin Strike","sneckomod:Nope","Armaments","sneckomod:QuickBite","sneckomod:UnknownX","Regret","sneckomod:UnknownDexterity","sneckomod:MorePower","sneckomod:UnknownClassTHE_CHAMP_GRAY","sneckomod:MorePower","sneckomod:UnknownClassTHE_CHAMP_GRAY","sneckomod:Unknown0Cost","sneckomod:UnknownWeak+1","sneckomod:ImprovisedGuard","sneckomod:MasterEye","sneckomod:UnknownBoss","sneckomod:UnknownRareAttack","sneckomod:UnknownUncommonPower","expansioncontent:DashGenerateEvil","Bite","Bite","Bite","Bite","Bite","sneckomod:Nope","downfall:Bewildered","sneckomod:MorePower","Corpse Explosion","sneckomod:Unknown0Cost","sneckomod:UnknownClassTHE_CHAMP_GRAY","sneckomod:DiceCrush","sneckomod:Unknown0Cost","Unload","sneckomod:Unknown2Cost","sneckomod:UnknownRarePower","sneckomod:UnknownX","sneckomod:UnknownUncommonPower","downfall:Bewildered","sneckomod:PureSnecko","sneckomod:RainOfDice+1","sneckomod:UnknownStrike","sneckomod:GlitteringGambit","sneckomod:Unknown3Cost","sneckomod:UnknownClassTHE_CHAMP_GRAY","sneckomod:UnknownClassTHE_CHAMP_GRAY","sneckomod:UnknownClassTHE_CHAMP_GRAY","sneckomod:UnknownClassTHE_CHAMP_GRAY","sneckomod:UnknownClassTHE_CHAMP_GRAY"],"relics":["sneckomod:SneckoSoul","Dead Branch","downfall:HeartBlessingRed","Shovel","downfall:HeartBlessingGreen","downfall:HeartBlessingBlue","Blue Candle","Bag of Marbles","Philosopher\u0027s Stone","sneckomod:SneckoCommon","Girya","Pantograph","Pear","Meat on the Bone","sneckomod:BabySnecko","sneckomod:SneckoBoss"],"acts_visited":[],"potions_floor_usage":[],"damage_taken":[{"damage":0.0,"enemies":"Small Slimes","floor":2.0,"turns":3.0},{"damage":9.0,"enemies":"2 Louse","floor":5.0,"turns":3.0},{"damage":4.0,"enemies":"Cultist","floor":6.0,"turns":4.0},{"damage":21.0,"enemies":"3 Sentries","floor":9.0,"turns":5.0},{"damage":0.0,"enemies":"Large Slime","floor":10.0,"turns":2.0},{"damage":15.0,"enemies":"Blue Slaver","floor":15.0,"turns":2.0},{"damage":19.0,"enemies":"DF_ARCHETYPE_STREAMLINE","floor":16.0,"turns":9.0},{"damage":9.0,"enemies":"Chosen","floor":19.0,"turns":4.0},{"damage":6.0,"enemies":"Spheric Guardian","floor":20.0,"turns":2.0},{"damage":30.0,"enemies":"WA_ARCHETYPE_RETAIN","floor":21.0,"turns":6.0},{"damage":15.0,"enemies":"downfall:FleeingMerchant","floor":22.0,"turns":4.0},{"damage":21.0,"enemies":"Chosen and Byrds","floor":28.0,"turns":6.0},{"damage":1.0,"enemies":"Snecko","floor":29.0,"turns":1.0},{"damage":5.0,"enemies":"downfall:FleeingMerchant","floor":30.0,"turns":4.0},{"damage":9.0,"enemies":"Cultist and Chosen","floor":32.0,"turns":4.0},{"damage":84.0,"enemies":"SI_MIRROR_ARCHETYPE","floor":33.0,"turns":6.0},{"damage":0,"enemies":"3 Shapes","floor":36,"turns":1}],"seed_played":"-9122340540992127819","potions_obtained":[{"floor":16.0,"key":"Dexterity Potion"},{"floor":19.0,"key":"sneckomod:CheatPotion"},{"floor":29.0,"key":"Energy Potion"},{"floor":32.0,"key":"FairyPotion"},{"floor":33.0,"key":"Ancient Potion"}],"is_trial":false,"path_per_floor":["R","M","?","?","M","M","T","R","E","M","R","?","R","?","M","B",null,"R","M","M","?","$","R","T","?","R","?","M","M","$","?","M","B",null,"R","M"],"character_chosen":"THE_SNECKO","items_purchased":["Pear","sneckomod:UnknownUncommonPower","expansioncontent:DashGenerateEvil","sneckomod:UnknownX","sneckomod:UnknownUncommonPower"],"campfire_rested":1,"item_purchase_floors":[22,22,22,30,30],"current_hp_per_floor":[90,90,90,90,81,81,81,81,60,60,70,58,88,88,73,54,100,100,91,90,60,55,55,55,55,55,55,48,51,52,52,45,62,77,77,77,77,77],"gold":191,"neow_bonus":"ONE_RARE_RELIC","is_daily":false,"chose_seed":false,"campfire_upgraded":0,"win_rate":0.0,"timestamp":1611950318,"path_taken":["R","M","?","?","M","M","T","R","E","M","R","?","R","?","M","BOSS","R","M","M","?","$","R","T","?","R","?","?","M","?","?","M","BOSS","R","M"],"items_purchased_type":["Relic","Card","Card","Card","Card"],"build_version":"2020-12-22","purchased_purges":2,"victory":false,"max_hp_per_floor":[90,90,90,90,90,90,90,90,90,90,100,100,100,100,100,100,100,100,100,100,100,110,110,110,77,77,77,77,77,77,77,77,77,77,77,77,77,77],"card_choices":[{"not_picked":["sneckomod:QuickMove","sneckomod:UnknownCommonAttack"],"picked":"sneckomod:UnknownColorless","floor":2.0},{"not_picked":["sneckomod:SoulRoll","sneckomod:RainOfDice"],"picked":"sneckomod:SnakeSap","floor":5.0},{"not_picked":["sneckomod:SnekBeam","sneckomod:UnknownColorless"],"picked":"sneckomod:Nope","floor":6.0},{"not_picked":["sneckomod:DangerNoodle","sneckomod:UnendingSupply"],"picked":"sneckomod:QuickBite","floor":9.0},{"not_picked":["sneckomod:IronFang","sneckomod:UnknownColorless"],"picked":"sneckomod:UnknownX","floor":10.0},{"not_picked":["sneckomod:Nope","sneckomod:DiceCrush"],"picked":"sneckomod:UnknownDexterity","floor":15.0},{"not_picked":["sneckomod:UnknownBoss","sneckomod:UnlimitedRolls"],"picked":"sneckomod:MorePower","floor":16.0},{"not_picked":["sneckomod:UnendingSupply","sneckomod:UnknownRareSkill"],"picked":"sneckomod:MorePower","floor":19.0},{"not_picked":["sneckomod:UnknownCommonSkill","sneckomod:UnknownDraw"],"picked":"sneckomod:UnknownClassTHE_CHAMP_GRAY","floor":19.0},{"not_picked":["sneckomod:SoulDraw","sneckomod:RainOfDice"],"picked":"sneckomod:Unknown0Cost","floor":20.0},{"not_picked":["sneckomod:RainOfDice","sneckomod:UnknownBlock"],"picked":"sneckomod:UnknownWeak+1","floor":20.0},{"not_picked":["sneckomod:DefensiveFlair","sneckomod:UnknownCommonAttack"],"picked":"sneckomod:ImprovisedGuard","floor":21.0},{"not_picked":["sneckomod:SerpentIdol","sneckomod:Nope"],"picked":"sneckomod:UnknownRareSkill","floor":21.0},{"not_picked":["sneckomod:DefensiveFlair","sneckomod:UnendingSupply"],"picked":"sneckomod:MasterEye","floor":21.0},{"not_picked":["sneckomod:WideSting","sneckomod:UnknownCommonSkill"],"picked":"sneckomod:UnknownBoss","floor":22.0},{"not_picked":["sneckomod:SoulDraw+1","sneckomod:QuickBite"],"picked":"sneckomod:UnknownRareAttack","floor":22.0},{"not_picked":["sneckomod:QuickMove","sneckomod:SoulDraw"],"picked":"sneckomod:Unknown0Cost","floor":28.0},{"not_picked":["sneckomod:UnknownX","sneckomod:UnknownDraw"],"picked":"sneckomod:UnknownClassTHE_CHAMP_GRAY","floor":28.0},{"not_picked":["sneckomod:UnknownBlock","sneckomod:IronFang"],"picked":"sneckomod:DiceCrush","floor":29.0},{"not_picked":["sneckomod:RainOfDice","sneckomod:SoulRoll"],"picked":"sneckomod:Unknown0Cost","floor":29.0},{"not_picked":["sneckomod:DangerNoodle","sneckomod:UnendingSupply"],"picked":"sneckomod:Unknown2Cost","floor":30.0},{"not_picked":["sneckomod:PureSnecko","sneckomod:Nope"],"picked":"sneckomod:UnknownRarePower","floor":30.0},{"not_picked":["sneckomod:DangerNoodle","sneckomod:UnlimitedRolls"],"picked":"sneckomod:PureSnecko","floor":32.0},{"not_picked":["sneckomod:SoulDraw","sneckomod:DefensiveFlair"],"picked":"sneckomod:RainOfDice+1","floor":32.0},{"not_picked":["sneckomod:DiceBoulder","sneckomod:DefensiveFlair"],"picked":"sneckomod:UnknownStrike","floor":33.0},{"not_picked":["sneckomod:DiceBlock","sneckomod:UnknownUncommonSkill"],"picked":"sneckomod:GlitteringGambit","floor":33.0},{"not_picked":["sneckomod:UnknownBoss","sneckomod:Cheat"],"picked":"sneckomod:Unknown3Cost","floor":33.0}],"player_experience":896880,"relics_obtained":[{"floor":9.0,"key":"Shovel"},{"floor":11.0,"key":"Blue Candle"},{"floor":18.0,"key":"sneckomod:SneckoCommon"},{"floor":21.0,"key":"Girya"},{"floor":21.0,"key":"Pantograph"},{"floor":24.0,"key":"Meat on the Bone"}],"event_choices":[{"damage_healed":0.0,"max_hp_gain":0.0,"max_hp_loss":0.0,"gold_gain":0.0,"event_name":"Scrap Ooze","player_choice":"Success","floor":12.0,"gold_loss":0.0,"damage_taken":12.0,"relics_obtained":["Bag of Marbles"]},{"damage_healed":0.0,"max_hp_gain":0.0,"max_hp_loss":33.0,"gold_gain":0.0,"event_name":"Vampires","player_choice":"Became a vampire","floor":25.0,"gold_loss":0.0,"damage_taken":0.0,"cards_obtained":["Bite","Bite","Bite","Bite","Bite"]}],"is_beta":false,"boss_relics":[{"not_picked":["Runic Pyramid","Velvet Choker"],"picked":"Philosopher\u0027s Stone"},{"not_picked":["SlaversCollar","Black Star"],"picked":"sneckomod:SneckoBoss"}],"items_purged_floors":[22,30],"is_endless":false,"potions_floor_spawned":[16,19,29,32,33],"killed_by":"3 Shapes","ascension_level":1}}