{"host":"kn32u0f2pym5bozc","time":1611884227,"event":{"mods":["2.2 Compatiblity","BaseMod","Better Third Choice","Minty Spire (QoL Compilation)","Permanent Neow","Relic Stats","StSLib","The Animator"],"gold_per_floor":[117,117,130,154,214,214,248,261,338,338,26,26,64,93,93,174,174,198,227,207,235,253,253,283,312,337,361,361,402,419,419,419,419,419],"floor_reached":33,"language":"ENG","playtime":2499,"items_purged":["animator:Strike"],"score":559,"play_id":"72199608-a49f-4e43-925e-39bb656d4fd3","local_time":"20210128203707","is_ascension_mode":true,"campfire_choices":[{"data":"animator:DwarfShaman","floor":6.0,"key":"SMITH"},{"data":"animator:KrulTepes","floor":10.0,"key":"SMITH"},{"floor":15.0,"key":"REST"},{"data":"animator:Priestess","floor":23,"key":"SMITH"},{"data":"animator:Kaijin","floor":28,"key":"SMITH"},{"data":"animator:Guren","floor":32,"key":"SMITH"}],"circlet_count":0,"master_deck":["AscendersBane","animator:Strike_GoblinSlayer","animator:Defend_GoblinSlayer","animator:Strike","animator:Strike","animator:Defend+1","animator:Defend","animator:Defend","animator:LizardPriest","animator:DwarfShaman+1","animator:Cocytus","animator:Elsword","animator:KrulTepes+1","animator:Envy","animator:GuildGirl","animator:Mikaela+1","animator:Priestess+1","animator:Saber+1","animator:Spearman+1","animator:DolaCouronne","animator:HiiragiShinya","animator:Kaijin+1","animator:JeanneDArc+1","animator:Gillette+1","animator:Yuuichirou+1","animator:Mitsuba+1","animator:Guren+1","Pain"],"relics":["animator:TheMissingPiece","animator:PurgingStone","animator:HolyGrailRelic","Blood Vial","Regal Pillow","Molten Egg 2","Vajra","Blood Vial","Bag of Marbles","Coffee Dripper","Champion Belt","animator:CursedGlyph","PreservedInsect","WarpedTongs"],"acts_visited":["Exordium","TheCity"],"potions_floor_usage":[24,24],"damage_taken":[{"damage":8.0,"enemies":"2 Louse","floor":1.0,"turns":4.0},{"damage":4.0,"enemies":"Small Slimes","floor":3.0,"turns":4.0},{"damage":0.0,"enemies":"Jaw Worm","floor":4.0,"turns":4.0},{"damage":20.0,"enemies":"Gremlin Nob","floor":7.0,"turns":4.0},{"damage":7.0,"enemies":"Gremlin Gang","floor":8.0,"turns":4.0},{"damage":16.0,"enemies":"3 Sentries","floor":13.0,"turns":7.0},{"damage":4.0,"enemies":"Looter","floor":14.0,"turns":2.0},{"damage":31.0,"enemies":"Hexaghost","floor":16.0,"turns":11.0},{"damage":44,"enemies":"3 Byrds","floor":18,"turns":5},{"damage":15,"enemies":"2 Thieves","floor":19,"turns":3},{"damage":0,"enemies":"Cultist and Chosen","floor":21,"turns":5},{"damage":3,"enemies":"Snecko","floor":22,"turns":5},{"damage":24,"enemies":"Book of Stabbing","floor":24,"turns":6},{"damage":7,"enemies":"3 Cultists","floor":25,"turns":6},{"damage":3,"enemies":"Cultist and Chosen","floor":27,"turns":8},{"damage":0,"enemies":"Snake Plant","floor":29,"turns":3},{"damage":15,"enemies":"Chosen and Byrds","floor":30,"turns":6},{"damage":19,"enemies":"Collector","floor":33,"turns":3}],"seed_played":"-5258211022407788670","potions_obtained":[{"floor":3.0,"key":"PowerPotion"},{"floor":7.0,"key":"Strength Potion"},{"floor":13.0,"key":"Swift Potion"},{"floor":20,"key":"animator:FalseLifePotion"},{"floor":22,"key":"DuplicationPotion"},{"floor":24,"key":"Ancient Potion"},{"floor":25,"key":"DuplicationPotion"}],"is_trial":false,"path_per_floor":["M","?","M","M","?","R","E","M","T","R","$","?","E","M","R","B",null,"M","M","?","M","M","R","E","M","T","M","R","M","M","?","R","B"],"character_chosen":"THE_ANIMATOR","items_purchased":["animator:GuildGirl","Vajra"],"campfire_rested":1,"item_purchase_floors":[11,11],"current_hp_per_floor":[56,56,54,56,56,56,38,33,33,33,33,33,22,24,62,37,69,32,23,23,29,32,32,12,9,9,13,13,17,10,10,10,0,0],"gold":419,"neow_bonus":"BOSS_RELIC","is_daily":false,"chose_seed":false,"campfire_upgraded":5,"win_rate":0.0,"timestamp":1611884227,"path_taken":["M","?","M","M","?","R","E","M","T","R","$","?","E","M","R","BOSS","BOSS","M","M","?","M","?","R","E","M","T","M","R","M","M","?","R","BOSS"],"items_purchased_type":["Card","Relic"],"build_version":"2020-12-22","purchased_purges":1,"victory":false,"max_hp_per_floor":[70,70,72,74,74,74,76,73,73,73,73,73,76,78,78,80,80,83,85,85,87,89,89,82,79,79,82,82,79,83,83,83,81,81],"relic_stats":{"Blood Vial":52,"Regal Pillow":15,"counters":[18,90],"PreservedInsect":0,"Champion Belt":[9],"obtain_stats":[{"animator:CursedGlyph":24,"Regal Pillow":7,"animator:TheMissingPiece":0,"Vajra":11,"PreservedInsect":26,"WarpedTongs":31,"Blood Vial":7,"animator:HolyGrailRelic":0,"animator:PurgingStone":0,"Molten Egg 2":9,"animator:LivingPicture":0,"Bag of Marbles":13,"Coffee Dripper":17,"Champion Belt":24},{"animator:CursedGlyph":13,"Regal Pillow":4,"animator:TheMissingPiece":0,"Vajra":5,"PreservedInsect":14,"WarpedTongs":17,"Blood Vial":4,"animator:HolyGrailRelic":0,"animator:PurgingStone":0,"Molten Egg 2":5,"animator:LivingPicture":0,"Bag of Marbles":6,"Coffee Dripper":8,"Champion Belt":13},{"animator:CursedGlyph":64,"Regal Pillow":16,"animator:TheMissingPiece":0,"Vajra":20,"PreservedInsect":70,"WarpedTongs":87,"Blood Vial":16,"animator:HolyGrailRelic":0,"animator:PurgingStone":0,"Molten Egg 2":20,"animator:LivingPicture":0,"Bag of Marbles":27,"Coffee Dripper":40,"Champion Belt":64}],"WarpedTongs":[2]},"card_choices":[{"not_picked":["animator:Alexander","animator:RoyMustang"],"picked":"animator:Cocytus","floor":1.0},{"not_picked":["animator:DolaStephanie","animator:Yoichi"],"picked":"animator:Elsword","floor":3.0},{"not_picked":["animator:ChaikaBohdan","animator:IzunaHatsuse"],"picked":"animator:KrulTepes","floor":4.0},{"not_picked":["animator:Priestess","animator:Sebas"],"picked":"animator:Envy","floor":8.0},{"not_picked":["animator:Souei","animator:TukaLunaMarceau"],"picked":"animator:Mikaela+1","floor":13.0},{"not_picked":["animator:Shalltear+1","animator:DolaRiku"],"picked":"animator:Priestess","floor":14.0},{"not_picked":["animator:Biyorigo","animator:Father"],"picked":"animator:Saber+1","floor":16},{"not_picked":["animator:LizardPriest","animator:Witch"],"picked":"animator:Spearman+1","floor":18},{"not_picked":["animator:TukaLunaMarceau","animator:KrulTepes+1"],"picked":"animator:DolaCouronne","floor":19},{"not_picked":["animator:ZankiKiguchi+1","animator:Shigure+1"],"picked":"animator:HiiragiShinya","floor":21},{"not_picked":["animator:Shuna","animator:Shion+1"],"picked":"animator:Kaijin","floor":22},{"not_picked":["animator:EmiyaShirou","animator:RinTohsaka"],"picked":"animator:JeanneDArc","floor":24},{"not_picked":["animator:Emonzaemon+1","animator:KrulTepes+1"],"picked":"animator:Gillette+1","floor":25},{"not_picked":["animator:Shinoa","animator:Fredrika"],"picked":"animator:Yuuichirou+1","floor":27},{"not_picked":["animator:Megumin+1","animator:Berserker+1"],"picked":"animator:Mitsuba+1","floor":29},{"not_picked":["animator:Mikaela+1","animator:CrowleyEusford+1"],"picked":"animator:Guren","floor":30}],"player_experience":877898,"relics_obtained":[{"floor":7.0,"key":"Blood Vial"},{"floor":7.0,"key":"Regal Pillow"},{"floor":9.0,"key":"Molten Egg 2"},{"floor":13.0,"key":"Blood Vial"},{"floor":13.0,"key":"Bag of Marbles"},{"floor":24,"key":"Champion Belt"},{"floor":24,"key":"animator:CursedGlyph"},{"floor":26,"key":"PreservedInsect"}],"event_choices":[{"damage_healed":0.0,"max_hp_gain":0.0,"max_hp_loss":0.0,"gold_gain":0.0,"event_name":"betterThird:BetterSerpent","player_choice":"Ignored","floor":2.0,"gold_loss":0.0,"damage_taken":117.0},{"damage_healed":0.0,"max_hp_gain":0.0,"max_hp_loss":0.0,"gold_gain":60.0,"event_name":"Golden Wing","player_choice":"Gained Gold","floor":5.0,"gold_loss":0.0,"damage_taken":0.0},{"damage_healed":0,"gold_gain":0,"player_choice":"Bought 1 Potion","damage_taken":0,"max_hp_gain":0,"max_hp_loss":0,"event_name":"The Woman in Blue","floor":20,"gold_loss":0},{"damage_healed":0,"gold_gain":0,"player_choice":"Rummage","damage_taken":0,"relics_obtained":["WarpedTongs"],"max_hp_gain":0,"max_hp_loss":0,"event_name":"Accursed Blacksmith","floor":31,"gold_loss":0,"cards_obtained":["Pain"]}],"is_beta":false,"boss_relics":[{"not_picked":["Calling Bell","Fusion Hammer"],"picked":"Coffee Dripper"}],"items_purged_floors":[11],"is_endless":false,"potions_floor_spawned":[3,7,8,13,22,24,25,29],"killed_by":"Collector","ascension_level":18}}