{"host":"u1ja96cwu1wu8jpx","time":1611949774,"event":{"mods":["BaseMod","Better Match","Colored Map","Minty Spire (QoL Compilation)","Permanent Neow","StSLib"],"gold_per_floor":[119,139,156,156,167,193,218,243,243,278,278,50,64,64,64,160,160,178,103,103,119,119,119,153,153,206,206,206,206,81,113,113,218,218,229,229,253,69,81,81,98,125,200,227,239,83,133,167,167,167,167],"floor_reached":50,"language":"ENG","playtime":4402,"items_purged":["Decay"],"score":689,"play_id":"6e508ccf-81d3-47ac-b70a-c096140cbd41","local_time":"20210129144934","is_ascension_mode":true,"campfire_choices":[{"floor":15,"key":"REST"},{"data":"Night Terror","floor":23,"key":"SMITH"},{"data":"Caltrops","floor":27,"key":"SMITH"},{"floor":32,"key":"REST"},{"floor":40,"key":"REST"},{"floor":49,"key":"REST"}],"circlet_count":0,"master_deck":["Strike_G","Strike_G+1","Strike_G","Defend_G","Defend_G+1","Defend_G","Defend_G","Survivor","Neutralize","Noxious Fumes+1","Caltrops+1","Well Laid Plans","Bouncing Flask","Night Terror+1","Catalyst+1","Crippling Poison","Bouncing Flask","Deadly Poison","A Thousand Cuts","Sadistic Nature","Footwork","Bullet Time","Blur+1","Outmaneuver+1","Noxious Fumes+1"],"relics":["Ring of the Snake","Orichalcum","Ancient Tea Set","Omamori","Juzu Bracelet","Mercury Hourglass","PreservedInsect","TwistedFunnel","Calling Bell","Regal Pillow","Pear","Unceasing Top","Shuriken","Question Card","Sundial","HoveringKite","Boot","Centennial Puzzle","Ninja Scroll","Darkstone Periapt","Sling","Ice Cream","Potion Belt"],"acts_visited":["Exordium","TheCity","TheBeyond"],"potions_floor_usage":[8,10,10,33,42,44,50,50,50],"damage_taken":[{"damage":0,"enemies":"Jaw Worm","floor":1,"turns":6},{"damage":0,"enemies":"Small Slimes","floor":2,"turns":4},{"damage":0,"enemies":"Cultist","floor":3,"turns":4},{"damage":1,"enemies":"2 Fungi Beasts","floor":5,"turns":3},{"damage":9,"enemies":"3 Sentries","floor":6,"turns":8},{"damage":26,"enemies":"Gremlin Nob","floor":8,"turns":6},{"damage":3,"enemies":"3 Sentries","floor":10,"turns":6},{"damage":3,"enemies":"Exordium Wildlife","floor":13,"turns":5},{"damage":6,"enemies":"Hexaghost","floor":16,"turns":8},{"damage":11,"enemies":"Shell Parasite","floor":18,"turns":7},{"damage":4,"enemies":"3 Byrds","floor":21,"turns":4},{"damage":30,"enemies":"Book of Stabbing","floor":24,"turns":6},{"damage":12,"enemies":"Gremlin Leader","floor":31,"turns":3},{"damage":70,"enemies":"Collector","floor":33,"turns":8},{"damage":32,"enemies":"Orb Walker","floor":35,"turns":5},{"damage":14,"enemies":"3 Darklings","floor":39,"turns":3},{"damage":0,"enemies":"Transient","floor":41,"turns":5},{"damage":12,"enemies":"Nemesis","floor":42,"turns":5},{"damage":16,"enemies":"Giant Head","floor":44,"turns":6},{"damage":19,"enemies":"Jaw Worm Horde","floor":45,"turns":3},{"damage":0,"enemies":"Mind Bloom Boss Battle","floor":47,"turns":4},{"damage":0,"enemies":"Reptomancer","floor":48,"turns":2},{"damage":93,"enemies":"Awakened One","floor":50,"turns":8}],"seed_played":"2081646282621509222","potions_obtained":[{"floor":2,"key":"Block Potion"},{"floor":3,"key":"FearPotion"},{"floor":8,"key":"Strength Potion"},{"floor":13,"key":"EssenceOfSteel"},{"floor":24,"key":"Poison Potion"},{"floor":33,"key":"AttackPotion"},{"floor":35,"key":"Block Potion"},{"floor":42,"key":"DuplicationPotion"},{"floor":48,"key":"LiquidMemories"}],"is_trial":false,"path_per_floor":["M","M","M","?","M","E","T","E","T","E","?","$","M","?","R","B",null,"M","?","?","M","?","R","E","?","T","R","$","?","$","E","R","B",null,"M","?","T","$","M","R","M","E","T","E","M","$","?","E","R","B"],"character_chosen":"THE_SILENT","items_purchased":["TwistedFunnel","Bouncing Flask","Deadly Poison","Sadistic Nature","Sling"],"campfire_rested":4,"item_purchase_floors":[12,12,30,38,46],"current_hp_per_floor":[70,70,70,56,55,46,46,20,20,17,17,17,14,14,35,29,80,69,69,90,86,86,86,56,56,56,56,56,56,56,44,86,16,90,58,58,58,58,44,86,86,74,74,58,39,39,39,39,81,0,0],"gold":167,"neow_bonus":"RANDOM_COMMON_RELIC","is_daily":false,"chose_seed":false,"campfire_upgraded":2,"win_rate":0.0,"timestamp":1611949774,"path_taken":["M","M","M","?","M","E","?","E","T","E","?","$","M","?","R","BOSS","M","?","?","M","?","R","E","?","T","R","$","?","?","E","R","BOSS","M","?","?","$","M","R","M","E","T","E","M","?","?","E","R","BOSS"],"items_purchased_type":["Relic","Card","Card","Card","Relic"],"build_version":"2020-12-22","purchased_purges":1,"victory":false,"max_hp_per_floor":[70,70,70,70,70,70,70,70,70,70,70,70,70,70,70,70,80,80,80,90,90,90,90,90,90,90,90,90,90,90,90,90,90,90,90,90,90,90,90,90,90,90,90,90,90,90,90,90,90,90,90],"card_choices":[{"not_picked":["Prepared","Bane"],"picked":"Noxious Fumes","floor":1},{"not_picked":["Slice","All Out Attack","Expertise"],"picked":"SKIP","floor":2},{"not_picked":["Outmaneuver","Poisoned Stab","Distraction"],"picked":"SKIP","floor":3},{"not_picked":["Prepared","Flying Knee","Outmaneuver"],"picked":"SKIP","floor":5},{"not_picked":["Slice","Sucker Punch"],"picked":"Caltrops","floor":6},{"not_picked":["Expertise","Outmaneuver","Dagger Throw"],"picked":"SKIP","floor":8},{"not_picked":["Distraction","Infinite Blades"],"picked":"Tools of the Trade","floor":10},{"not_picked":["Prepared","Sucker Punch","Deflect"],"picked":"SKIP","floor":13},{"not_picked":["Phantasmal Killer","Glass Knife"],"picked":"Night Terror","floor":16},{"not_picked":["Choke","Well Laid Plans"],"picked":"Catalyst+1","floor":18},{"not_picked":["Sucker Punch","Dagger Spray"],"picked":"Crippling Poison","floor":21},{"not_picked":["Prepared","Tactician","Dagger Spray"],"picked":"SKIP","floor":24},{"not_picked":["Deadly Poison","Eviscerate+1","Underhanded Strike","Deflect"],"picked":"SKIP","floor":31},{"not_picked":["Phantasmal Killer","Tools of the Trade","After Image"],"picked":"A Thousand Cuts","floor":33},{"not_picked":["Acrobatics+1","Bouncing Flask+1","Poisoned Stab","Dagger Spray+1"],"picked":"SKIP","floor":35},{"not_picked":["Dodge and Roll+1","Deadly Poison+1","Well Laid Plans"],"picked":"Footwork","floor":39},{"not_picked":["Outmaneuver+1","Backflip","Deflect+1","Underhanded Strike+1"],"picked":"SKIP","floor":41},{"not_picked":["Flying Knee","Flechettes+1","Dodge and Roll+1"],"picked":"Bullet Time","floor":42},{"not_picked":["Bane","Distraction","Endless Agony"],"picked":"Blur+1","floor":44},{"not_picked":["Dash","Bane+1","Dodge and Roll","Distraction"],"picked":"SKIP","floor":45},{"not_picked":["Skewer+1","Blur","Heel Hook"],"picked":"Outmaneuver+1","floor":47},{"not_picked":["Dagger Throw","Poisoned Stab","Dash+1"],"picked":"Noxious Fumes+1","floor":48}],"player_experience":419295,"relics_obtained":[{"floor":6,"key":"Ancient Tea Set"},{"floor":7,"key":"Omamori"},{"floor":8,"key":"Juzu Bracelet"},{"floor":9,"key":"Mercury Hourglass"},{"floor":10,"key":"PreservedInsect"},{"floor":17,"key":"Regal Pillow"},{"floor":17,"key":"Pear"},{"floor":17,"key":"Unceasing Top"},{"floor":24,"key":"Question Card"},{"floor":31,"key":"Sundial"},{"floor":37,"key":"Boot"},{"floor":42,"key":"Centennial Puzzle"},{"floor":43,"key":"Ninja Scroll"},{"floor":44,"key":"Darkstone Periapt"},{"floor":47,"key":"Ice Cream"},{"floor":48,"key":"Potion Belt"}],"event_choices":[{"damage_healed":0,"gold_gain":0,"player_choice":"Entered Light","damage_taken":14,"max_hp_gain":0,"max_hp_loss":0,"event_name":"Shining Light","floor":4,"gold_loss":0,"cards_upgraded":["Strike_G","Defend_G"]},{"damage_healed":0,"gold_gain":0,"cards_transformed":["Strike_G"],"player_choice":"Transformed","damage_taken":0,"max_hp_gain":0,"max_hp_loss":0,"event_name":"Transmorgrifier","floor":11,"gold_loss":0,"cards_obtained":["Well Laid Plans"]},{"damage_healed":0,"gold_gain":0,"player_choice":"Grow","damage_taken":0,"max_hp_gain":0,"max_hp_loss":0,"event_name":"Living Wall","floor":14,"gold_loss":0,"cards_upgraded":["Noxious Fumes"]},{"cards_removed":["Defend_G"],"damage_healed":0,"gold_gain":0,"player_choice":"Gave Gold","damage_taken":0,"max_hp_gain":0,"max_hp_loss":0,"event_name":"Beggar","floor":19,"gold_loss":75},{"cards_removed":["Tools of the Trade"],"damage_healed":11,"gold_gain":0,"player_choice":"Offered Rare","damage_taken":0,"max_hp_gain":10,"max_hp_loss":0,"event_name":"Bonfire Elementals","floor":20,"gold_loss":0},{"damage_healed":0,"gold_gain":0,"player_choice":"Stole Relic","damage_taken":0,"relics_obtained":["Shuriken"],"max_hp_gain":0,"max_hp_loss":0,"event_name":"Addict","floor":22,"gold_loss":0,"cards_obtained":["Shame"]},{"damage_healed":0,"gold_gain":0,"cards_transformed":["Strike_G"],"player_choice":"Transformed","damage_taken":0,"max_hp_gain":0,"max_hp_loss":0,"event_name":"Transmorgrifier","floor":25,"gold_loss":0,"cards_obtained":["Bouncing Flask"]},{"damage_healed":0,"gold_gain":0,"player_choice":"Cursed","damage_taken":0,"max_hp_gain":0,"max_hp_loss":0,"event_name":"Wheel of Change","floor":29,"gold_loss":0,"cards_obtained":["Decay"]},{"damage_healed":0,"gold_gain":0,"player_choice":"Ignored","damage_taken":0,"max_hp_gain":0,"max_hp_loss":0,"event_name":"Tomb of Lord Red Mask","floor":36,"gold_loss":0},{"damage_healed":0,"gold_gain":0,"player_choice":"Fight","damage_taken":0,"max_hp_gain":0,"max_hp_loss":0,"event_name":"MindBloom","floor":47,"gold_loss":0}],"is_beta":false,"boss_relics":[{"not_picked":["Coffee Dripper","Philosopher\u0027s Stone"],"picked":"Calling Bell"},{"not_picked":["Fusion Hammer","Cursed Key"],"picked":"HoveringKite"}],"items_purged_floors":[30],"is_endless":false,"potions_floor_spawned":[2,3,8,13,24,33,35,42,48],"killed_by":"Awakened One","ascension_level":1}}