{"host":"4c7oxphrh4ok8x7u","time":1611934368,"event":{"mods":["100% Spire Juice","2.2 Compatiblity","Act Like it!","Arknights The Spire","Aspiration","BaseMod","Beaked The Cultist","Better Skull","Better Vampires","BetterRewards","Challenge The Spire","Conjunction","Conspire","Custom Start","Dota2Spire","Ekko","Evolution","Fiend Mod","Friendly Minions","FruityMod","GifTheSpireLib","Good Game Mod","Halation","Hermit","HololiveMod","Hubris","Hyrulean Relics","Jedi Mod","Jess\u0027s Bottle","Kratos Character Expansion","Minty Spire (QoL Compilation)","MostiFishMod","Permanent Neow","Poor People Problems","Prisma Mod","Quarter Circle Forward PUNCH!","RatMod","Reliquary","Replay The Spire","Robot Space Explorer","SCP261 Mod","Shade Mod","Slay the Relics Exporter","Small Relic Pack","Spicy Shops","Spikes Relics","Spires And Sneckos","StS++","StSLib","Stuff the Spire","The Animator","The Blue Laboratory","The Death Knight","The Edgeheg","The Exalted","The Fake Hero","The Servant 0.9.4","The Trickster","TheVacant","TheWitcher","Wandering Minibosses","WarShipGirlsR/????R mod"],"gold_per_floor":[117,132,44,44,64,64,95,115,115,130,130,141,151,166,166,262,262,273,247,247],"floor_reached":19,"language":"RUS","playtime":1256,"items_purged":[],"score":175,"play_id":"0dad89c8-2168-4ef8-81c5-765bff8ebbbc","local_time":"20210129183248","is_ascension_mode":false,"campfire_choices":[{"data":"RobotSpaceExplorer:PlasmaMissile","floor":6,"key":"SMITH"},{"data":"beaked:MachineEssence","floor":11,"key":"SMITH"},{"data":"beaked:Ceremony","floor":15,"key":"SMITH"}],"circlet_count":0,"master_deck":["beaked:Strike_Y","beaked:Defend_Y","beaked:Defend_Y","beaked:Defend_Y","beaked:Defend_Y","beaked:Ceremony+1","beaked:Ceremony","beaked:Ceremony","RobotSpaceExplorer:PlasmaMissile+1","beaked:DigDeeper","beaked:Tweet","Replay:Bootleg Shield Generator","beaked:Insight","beaked:MachineEssence+1","beaked:BraceForImpact","beaked:DigDeep","beaked:Windmill","beaked:Windmill","beaked:MaddeningMurmurs","beaked:MachineEssence","luka_mod:StrikeLuka","Bromod:NorthWind","ats:Healing Strengthening","theTrickster:BetterSafe","KratosMod:BladeWhip","beaked:WarriorSpirit+1","beaked:Resilience+1"],"relics":["beaked:MendingPlumage","EVO:Axolotl","DaveBox","REME:ComplimentaryCards","HollowDreamFlower","aspiration:Nostalgia","SnafuTest:UnstableMutagenRelic","SynthV:TestCard","Bottled Flame","qcfpunch:Killian_Engine_Alpha"],"acts_visited":["Exordium","TheCity"],"potions_floor_usage":[7,10,16],"damage_taken":[{"damage":12,"enemies":"2 Louse","floor":1,"turns":4},{"damage":35,"enemies":"Jaw Worm","floor":2,"turns":6},{"damage":11,"enemies":"Small Slimes","floor":5,"turns":4},{"damage":51,"enemies":"Gremlin Nob","floor":7,"turns":5},{"damage":9,"enemies":"3 Louse","floor":8,"turns":4},{"damage":42,"enemies":"Exordium Thugs","floor":10,"turns":6},{"damage":34,"enemies":"Blue Slaver","floor":12,"turns":6},{"damage":10,"enemies":"Looter","floor":13,"turns":4},{"damage":21,"enemies":"Exordium Wildlife","floor":14,"turns":7},{"damage":65,"enemies":"Hexaghost","floor":16,"turns":10},{"damage":94,"enemies":"conspire:FuzzyDice","floor":18,"turns":10},{"damage":47,"enemies":"2 Thieves","floor":19,"turns":5}],"seed_played":"1328669861777899713","potions_obtained":[{"floor":2,"key":"AttackPotion"},{"floor":8,"key":"blueLaboratory:BubblePotion"},{"floor":12,"key":"blueLaboratory:AbyssPotion"},{"floor":19,"key":"blueLaboratory:FruitPunch"}],"is_trial":false,"path_per_floor":["M","M","$","?","M","R","E","M","T","M","R","M","M","M","R","B",null,"M","M"],"character_chosen":"BEAKED_THE_CULTIST","items_purchased":["Replay:Bootleg Shield Generator"],"campfire_rested":0,"item_purchase_floors":[3],"current_hp_per_floor":[46,28,28,28,33,33,11,23,23,24,24,50,50,50,50,13,50,50,30,30],"gold":247,"neow_bonus":"NOSTALGIA","is_daily":false,"chose_seed":false,"campfire_upgraded":3,"win_rate":0.0,"timestamp":1611934368,"path_taken":["M","M","$","?","M","R","E","M","T","M","R","M","M","M","R","BOSS","M","M"],"items_purchased_type":["Card"],"build_version":"2020-12-22","purchased_purges":0,"victory":false,"max_hp_per_floor":[50,50,50,50,50,50,50,50,50,50,50,50,50,50,50,50,50,50,50,50],"card_choices":[{"not_picked":["beaked:Insight","beaked:Mantra"],"picked":"beaked:DigDeeper","floor":1},{"not_picked":["beaked:BounceBack","beaked:Insight","beaked:StickSmack","beaked:Windmill"],"picked":"beaked:Tweet","floor":2},{"not_picked":["beaked:BounceBack","beaked:Redirect","beaked:MimicMachine","beaked:Cower"],"picked":"beaked:Insight","floor":5},{"not_picked":["beaked:RitualOfBody","beaked:Brace","beaked:Redirect","beaked:TuckingFeathers"],"picked":"beaked:MachineEssence","floor":7},{"not_picked":["beaked:Roost","beaked:MimicMachine","beaked:Hexing","beaked:Foresight"],"picked":"beaked:BraceForImpact","floor":8},{"not_picked":["beaked:Brace","beaked:Tweet","beaked:Cower","beaked:HuntressSpirit"],"picked":"beaked:DigDeep","floor":10},{"not_picked":["beaked:Sacrifice","beaked:HuntressSpirit","ReplayTheSpireMod:Wings of Steel","beaked:Insight"],"picked":"beaked:Windmill","floor":12},{"not_picked":["beaked:SurvivalInstinct","ReplayTheSpireMod:RavenHex","beaked:Tweet","beaked:SacrificialDive"],"picked":"beaked:Windmill","floor":13},{"not_picked":["beaked:RitualOfBody","beaked:Brace","beaked:Pecker","beaked:Hexing"],"picked":"beaked:MaddeningMurmurs","floor":14},{"not_picked":["beaked:ScreechingChant","beaked:ShadowFade","beaked:WildInstinct","beaked:FullHouse"],"picked":"beaked:MachineEssence","floor":16},{"not_picked":["ReplayTheSpireMod:RavenHex+1","beaked:Tweet","beaked:Poke","beaked:Redirect"],"picked":"beaked:WarriorSpirit+1","floor":18},{"not_picked":["beaked:Poke","beaked:Tradeoff+1","beaked:Mantra","beaked:SurvivalInstinct"],"picked":"beaked:Resilience+1","floor":19}],"player_experience":783128,"relics_obtained":[{"floor":1,"key":"SynthV:TestCard"},{"floor":7,"key":"Bottled Flame"}],"event_choices":[{"damage_healed":0,"gold_gain":0,"player_choice":"Disagree","damage_taken":0,"max_hp_gain":0,"max_hp_loss":0,"event_name":"conspire:LoneGhost","floor":4,"gold_loss":0}],"is_beta":false,"boss_relics":[{"not_picked":["BloodWine","StSpp:Balance"],"picked":"qcfpunch:Killian_Engine_Alpha"}],"items_purged_floors":[],"is_endless":false,"potions_floor_spawned":[2,8,12,19],"killed_by":"2 Thieves","ascension_level":0}}