{"host":"15aj5evy2lp05ri4","time":1611961531,"event":{"mods":["AchievementEnabler","BaseMod","Minty Spire (QoL Compilation)"],"gold_per_floor":[118,118,137,137,237,271,43,43,43,43,43,56,56,67,67,167,217,217,217],"floor_reached":18,"language":"ENG","playtime":408,"items_purged":["Strike_B"],"score":229,"play_id":"c1eae334-c664-4596-8af8-6a90b6e16a1a","local_time":"20210130000531","is_ascension_mode":true,"campfire_choices":[{"floor":8,"key":"REST"},{"floor":11,"key":"REST"},{"data":"Consume","floor":13,"key":"SMITH"},{"data":"Capacitor","floor":15,"key":"SMITH"}],"circlet_count":0,"master_deck":["Strike_B","Strike_B","Defend_B","Defend_B","Defend_B+1","Defend_B","Zap","Dualcast","Streamline","Capacitor+1","Doom and Gloom","Consume+1","Self Repair","Multi-Cast","Skim"],"relics":["Cracked Core","Lizard Tail","Eternal Feather","Kunai","Juzu Bracelet","Mummified Hand","Tiny House"],"acts_visited":["TheCity"],"potions_floor_usage":[6,18,18],"damage_taken":[{"damage":11,"enemies":"Jaw Worm","floor":1,"turns":4},{"damage":1,"enemies":"2 Louse","floor":3,"turns":2},{"damage":41,"enemies":"3 Sentries","floor":6,"turns":8},{"damage":6,"enemies":"Cultist","floor":12,"turns":3},{"damage":6,"enemies":"3 Louse","floor":14,"turns":3},{"damage":51,"enemies":"Slime Boss","floor":16,"turns":6},{"damage":105,"enemies":"3 Byrds","floor":18,"turns":6}],"seed_played":"-3076298934116361551","potions_obtained":[{"floor":1,"key":"SkillPotion"},{"floor":16,"key":"FocusPotion"},{"floor":17,"key":"SpeedPotion"}],"is_trial":false,"path_per_floor":["M","?","M","?","?","E","$","R","T","?","R","M","R","M","R","B",null,"M"],"character_chosen":"DEFECT","items_purchased":["Juzu Bracelet"],"campfire_rested":2,"item_purchase_floors":[7],"current_hp_per_floor":[57,54,53,58,58,17,17,44,44,37,64,58,64,58,64,20,65,0,0],"gold":217,"neow_bonus":"ONE_RARE_RELIC","is_daily":false,"chose_seed":false,"campfire_upgraded":2,"win_rate":0.0,"timestamp":1611961531,"path_taken":["M","?","M","?","?","E","$","R","T","?","R","M","R","M","R","BOSS","M"],"items_purchased_type":["Relic"],"build_version":"2020-12-22","purchased_purges":1,"victory":false,"max_hp_per_floor":[68,68,68,73,73,73,73,73,73,73,73,73,73,73,73,73,78,78,78],"card_choices":[{"not_picked":["Genetic Algorithm","Redo"],"picked":"Streamline","floor":1},{"not_picked":["Redo","Stack"],"picked":"Capacitor","floor":3},{"not_picked":["Tempest","FTL"],"picked":"Doom and Gloom","floor":6},{"not_picked":["Conserve Battery","Leap"],"picked":"Consume","floor":12},{"not_picked":["Leap","Reinforced Body"],"picked":"Self Repair","floor":14},{"not_picked":["Meteor Strike","Thunder Strike"],"picked":"Multi-Cast","floor":16},{"not_picked":["Steam Power","Leap"],"picked":"Skim","floor":17}],"player_experience":686233,"relics_obtained":[{"floor":6,"key":"Kunai"},{"floor":9,"key":"Mummified Hand"}],"event_choices":[{"damage_healed":0,"gold_gain":0,"player_choice":"Success","damage_taken":3,"relics_obtained":["Eternal Feather"],"max_hp_gain":0,"max_hp_loss":0,"event_name":"Scrap Ooze","floor":2,"gold_loss":0},{"damage_healed":0,"gold_gain":0,"player_choice":"Donut","damage_taken":0,"max_hp_gain":5,"max_hp_loss":0,"event_name":"Big Fish","floor":4,"gold_loss":0},{"damage_healed":0,"gold_gain":100,"player_choice":"Pray","damage_taken":0,"max_hp_gain":0,"max_hp_loss":0,"event_name":"Golden Shrine","floor":5,"gold_loss":0},{"cards_removed":["Strike_B"],"damage_healed":0,"gold_gain":0,"player_choice":"Card Removal","damage_taken":7,"max_hp_gain":0,"max_hp_loss":0,"event_name":"Golden Wing","floor":10,"gold_loss":0}],"is_beta":false,"boss_relics":[{"not_picked":["Astrolabe","Runic Pyramid"],"picked":"Tiny House"}],"items_purged_floors":[7],"is_endless":false,"potions_floor_spawned":[1,16],"killed_by":"3 Byrds","ascension_level":9}}