{"host":"04hh9gplt9wkfmr1","time":1611933359,"event":{"mods":["AchievementEnabler","BaseMod","Colored Map","KOR Keyword Fix","Minty Spire (QoL Compilation)","Rare Cards Sparkle","SuperFastMode"],"gold_per_floor":[118,118,68,68,85,111,127,127,201,236,236,246,246,199,199,294,294,314,314,334,334,97,130,143,143,143,243,243,261,286,286,286,387,387,397,78,94,94,113,113,113,113,113,127,127,177,177,195,195,195],"floor_reached":51,"language":"KOR","playtime":1607,"items_purged":["Defend_B"],"score":1072,"play_id":"6f3b282c-08a8-4b37-9d9d-a64cccfdc7f0","local_time":"20210130001559","is_ascension_mode":true,"campfire_choices":[{"data":"Rainbow","floor":8.0,"key":"SMITH"},{"floor":11.0,"key":"REST"},{"floor":15.0,"key":"REST"},{"floor":25.0,"key":"REST"},{"data":"Defragment","floor":28.0,"key":"SMITH"},{"floor":32.0,"key":"REST"},{"data":"Dualcast","floor":40.0,"key":"SMITH"},{"data":"Seek","floor":42.0,"key":"SMITH"},{"floor":47.0,"key":"DIG"},{"floor":49,"key":"DIG"}],"circlet_count":0,"master_deck":["Defend_B+1","Zap","Dualcast+1","Rainbow+1","Ball Lightning","Conserve Battery","Glacier","Consume","White Noise","Stack","Seek+1","BootSequence+1","Heatsinks+1","Streamline+1","Defragment+1","Cold Snap","Chaos+1","Loop","Multi-Cast","Genetic Algorithm","Parasite","Hologram+1","Double Energy","Machine Learning"],"relics":["Cracked Core","Centennial Puzzle","Calipers","Blue Candle","Blood Vial","Astrolabe","The Courier","Lee\u0027s Waffle","Mercury Hourglass","Shuriken","Bird Faced Urn","Symbiotic Virus","Meat on the Bone","SlaversCollar","Letter Opener","ClockworkSouvenir","Ancient Tea Set","Shovel","Unceasing Top","Mummified Hand","Vajra"],"acts_visited":["Exordium","TheCity","TheBeyond"],"potions_floor_usage":[50],"damage_taken":[{"damage":3.0,"enemies":"2 Louse","floor":1.0,"turns":2.0},{"damage":0.0,"enemies":"Small Slimes","floor":5.0,"turns":2.0},{"damage":21.0,"enemies":"Lagavulin","floor":6.0,"turns":5.0},{"damage":0.0,"enemies":"Jaw Worm","floor":7.0,"turns":4.0},{"damage":21.0,"enemies":"Gremlin Nob","floor":10.0,"turns":4.0},{"damage":20.0,"enemies":"Lots of Slimes","floor":12.0,"turns":6.0},{"damage":20.0,"enemies":"Hexaghost","floor":16.0,"turns":8.0},{"damage":28.0,"enemies":"2 Thieves","floor":18.0,"turns":4.0},{"damage":10.0,"enemies":"Shell Parasite","floor":20.0,"turns":6.0},{"damage":45.0,"enemies":"Book of Stabbing","floor":23.0,"turns":7.0},{"damage":9.0,"enemies":"Snake Plant","floor":24.0,"turns":4.0},{"damage":6.0,"enemies":"Colosseum Slavers","floor":27.0,"turns":5.0},{"damage":10.0,"enemies":"Colosseum Nobs","floor":27.0,"turns":5.0},{"damage":23.0,"enemies":"Sentry and Sphere","floor":29.0,"turns":5.0},{"damage":14.0,"enemies":"Gremlin Leader","floor":30.0,"turns":8.0},{"damage":39.0,"enemies":"Collector","floor":33.0,"turns":11.0},{"damage":0.0,"enemies":"Orb Walker","floor":35.0,"turns":4.0},{"damage":17.0,"enemies":"3 Shapes","floor":37.0,"turns":3.0},{"damage":11.0,"enemies":"Maw","floor":39.0,"turns":8.0},{"damage":16.0,"enemies":"Writhing Mass","floor":44.0,"turns":5.0},{"damage":3.0,"enemies":"Mind Bloom Boss Battle","floor":46.0,"turns":9.0},{"damage":0,"enemies":"Jaw Worm Horde","floor":48,"turns":3},{"damage":63,"enemies":"Awakened One","floor":50,"turns":13}],"seed_played":"6100781192694322317","potions_obtained":[{"floor":7.0,"key":"SteroidPotion"},{"floor":12.0,"key":"Ancient Potion"},{"floor":16.0,"key":"ColorlessPotion"},{"floor":23.0,"key":"Energy Potion"},{"floor":24.0,"key":"Fire Potion"},{"floor":30.0,"key":"SmokeBomb"},{"floor":31.0,"key":"LiquidMemories"},{"floor":31.0,"key":"AttackPotion"},{"floor":31.0,"key":"CultistPotion"},{"floor":35.0,"key":"Explosive Potion"},{"floor":37.0,"key":"SpeedPotion"}],"is_trial":false,"path_per_floor":["M","?","?","$","M","E","M","R","T","E","R","M","?","?","R","B",null,"M","?","M","?","$","E","M","R","T","?","R","M","E","?","R","B",null,"M","$","M","$","M","R","?","R","T","M","T","?","R","M","R","B",null],"character_chosen":"DEFECT","items_purchased":["Defragment","Lee\u0027s Waffle","Letter Opener","ClockworkSouvenir"],"campfire_rested":4,"item_purchase_floors":[22,22,36,36],"current_hp_per_floor":[65,62,62,62,62,41,41,41,41,20,42,24,9,9,31,13,60,34,34,26,26,82,37,30,54,54,42,42,25,19,19,43,26,68,74,74,63,63,62,62,62,62,62,56,56,63,63,73,73,34],"gold":195,"neow_bonus":"ONE_RANDOM_RARE_CARD","is_daily":false,"chose_seed":false,"campfire_upgraded":4,"win_rate":0.0,"timestamp":1611933359,"path_taken":["M","?","?","?","M","E","M","R","T","E","R","?","?","?","R","BOSS","M","?","?","?","?","E","M","R","T","?","R","M","E","?","R","BOSS","M","?","M","$","?","R","?","R","T","M","?","?","R","M","R","BOSS"],"items_purchased_type":["Card","Relic","Relic","Relic"],"build_version":"2020-12-22","purchased_purges":1,"victory":true,"max_hp_per_floor":[75,75,75,75,75,75,75,75,75,75,75,75,75,75,75,75,75,75,75,75,75,82,82,82,82,82,82,82,82,82,82,82,82,82,82,82,82,82,82,82,82,82,82,82,82,82,82,82,82,82],"card_choices":[{"not_picked":["Cold Snap","Steam"],"picked":"Ball Lightning","floor":1.0},{"not_picked":["Steam","Coolheaded"],"picked":"Conserve Battery","floor":5.0},{"not_picked":["Beam Cell","Double Energy"],"picked":"Glacier","floor":6.0},{"not_picked":["Lockon","Compile Driver"],"picked":"Consume","floor":7.0},{"not_picked":["Rebound","Stack"],"picked":"White Noise","floor":10.0},{"not_picked":["Doom and Gloom","Auto Shields"],"picked":"Stack","floor":12.0},{"not_picked":["Hyperbeam","Machine Learning"],"picked":"Seek","floor":16.0},{"not_picked":["Conserve Battery","Steam+1","FTL"],"picked":"SKIP","floor":18.0},{"not_picked":["Conserve Battery","Doom and Gloom","Go for the Eyes"],"picked":"SKIP","floor":20.0},{"not_picked":["Redo","White Noise"],"picked":"Cold Snap","floor":23.0},{"not_picked":["Go for the Eyes","Hello World","Conserve Battery"],"picked":"SKIP","floor":24.0},{"not_picked":["Gash","FTL"],"picked":"Chaos+1","floor":29.0},{"not_picked":["White Noise","Fusion"],"picked":"Loop","floor":30.0},{"not_picked":["Thunder Strike","All For One"],"picked":"Multi-Cast","floor":33.0},{"not_picked":["Ball Lightning","Rip and Tear+1"],"picked":"Genetic Algorithm","floor":35.0},{"not_picked":["Scrape+1","Coolheaded","Barrage+1"],"picked":"SKIP","floor":37.0},{"not_picked":["Go for the Eyes+1","Gash+1","Doom and Gloom"],"picked":"SKIP","floor":39.0},{"not_picked":["Sweeping Beam+1","Go for the Eyes"],"picked":"Hologram+1","floor":44.0},{"not_picked":["Cold Snap","Redo"],"picked":"Double Energy","floor":46.0},{"not_picked":["Ball Lightning","Steam"],"picked":"Machine Learning","floor":48}],"player_experience":100760,"relics_obtained":[{"floor":6.0,"key":"Calipers"},{"floor":9.0,"key":"Blue Candle"},{"floor":10.0,"key":"Blood Vial"},{"floor":23.0,"key":"Mercury Hourglass"},{"floor":26.0,"key":"Shuriken"},{"floor":27.0,"key":"Bird Faced Urn"},{"floor":27.0,"key":"Symbiotic Virus"},{"floor":30.0,"key":"Meat on the Bone"},{"floor":43.0,"key":"Ancient Tea Set"},{"floor":45.0,"key":"Shovel"},{"floor":46.0,"key":"Unceasing Top"},{"floor":47.0,"key":"Mummified Hand"},{"floor":49,"key":"Vajra"}],"event_choices":[{"damage_healed":0.0,"max_hp_gain":0.0,"max_hp_loss":0.0,"gold_gain":0.0,"event_name":"Scrap Ooze","player_choice":"Success","floor":2.0,"gold_loss":0.0,"damage_taken":3.0,"relics_obtained":["Centennial Puzzle"]},{"cards_removed":["Strike_B"],"damage_healed":0.0,"max_hp_gain":0.0,"max_hp_loss":0.0,"gold_gain":0.0,"event_name":"The Cleric","player_choice":"Card Removal","floor":3.0,"gold_loss":50.0,"damage_taken":0.0},{"damage_healed":0.0,"max_hp_gain":0.0,"max_hp_loss":0.0,"gold_gain":0.0,"event_name":"Shining Light","player_choice":"Entered Light","floor":13.0,"gold_loss":0.0,"damage_taken":15.0,"cards_upgraded":["Defend_B","Strike_B"]},{"damage_healed":0.0,"max_hp_gain":0.0,"max_hp_loss":0.0,"gold_gain":0.0,"event_name":"World of Goop","player_choice":"Left Gold","floor":14.0,"gold_loss":47.0,"damage_taken":0.0},{"damage_healed":0.0,"max_hp_gain":0.0,"max_hp_loss":0.0,"gold_gain":0.0,"event_name":"WeMeetAgain","player_choice":"Gave Potion","floor":19.0,"gold_loss":0.0,"damage_taken":0.0,"relics_obtained":["The Courier"]},{"cards_removed":["Defend_B"],"damage_healed":0.0,"max_hp_gain":0.0,"max_hp_loss":0.0,"gold_gain":0.0,"event_name":"Back to Basics","player_choice":"Elegance","floor":21.0,"gold_loss":0.0,"damage_taken":0.0},{"damage_healed":0.0,"max_hp_gain":0.0,"max_hp_loss":0.0,"gold_gain":0.0,"event_name":"Colosseum","player_choice":"Fight","floor":27.0,"gold_loss":0.0,"damage_taken":0.0},{"damage_healed":0.0,"max_hp_gain":0.0,"max_hp_loss":0.0,"gold_gain":0.0,"event_name":"Colosseum","player_choice":"Fought Nobs","floor":27.0,"gold_loss":0.0,"damage_taken":0.0},{"damage_healed":0.0,"max_hp_gain":0.0,"max_hp_loss":0.0,"gold_gain":0.0,"event_name":"Lab","player_choice":"Got Potions","floor":31.0,"gold_loss":0.0,"damage_taken":0.0},{"cards_removed":["Strike_B"],"damage_healed":0.0,"max_hp_gain":0.0,"max_hp_loss":0.0,"gold_gain":0.0,"event_name":"Falling","player_choice":"Removed Attack","floor":41.0,"gold_loss":0.0,"damage_taken":0.0},{"damage_healed":0.0,"max_hp_gain":0.0,"max_hp_loss":0.0,"gold_gain":0.0,"event_name":"MindBloom","player_choice":"Fight","floor":46.0,"gold_loss":0.0,"damage_taken":0.0}],"is_beta":false,"boss_relics":[{"not_picked":["Empty Cage","Fusion Hammer"],"picked":"Astrolabe"},{"not_picked":["Runic Dome","Busted Crown"],"picked":"SlaversCollar"}],"items_purged_floors":[22],"is_endless":false,"potions_floor_spawned":[7,12,16,23,24,27,30,35,37],"ascension_level":8}}