{"host":"1tl36azeqm6yhdgj","time":1611941013,"event":{"mods":["AchievementEnabler","BaseMod","Minty Spire (QoL Compilation)","StSLib","The IronCluck","everything is the same but u backflip on backflip"],"gold_per_floor":[217,217,217,142,142,180,180,180,180],"floor_reached":8,"language":"ENG","playtime":143,"items_purged":[],"score":104,"play_id":"7d6625d7-471b-49f2-9dc6-bb98b3a48644","local_time":"20210129122333","is_ascension_mode":true,"campfire_choices":[{"data":"Uppercut","floor":7,"key":"SMITH"}],"circlet_count":0,"master_deck":["AscendersBane","Strike_R","Strike_R+1","Strike_R","Strike_R+1","Strike_R","Defend_R","Defend_R","Defend_R","Defend_R","Bash","Uppercut+1","Shockwave"],"relics":["Burning Blood","Golden Idol","Anchor"],"acts_visited":["Exordium"],"potions_floor_usage":[6],"damage_taken":[{"damage":10,"enemies":"Small Slimes","floor":1,"turns":3},{"damage":37,"enemies":"Lagavulin","floor":6,"turns":6},{"damage":43,"enemies":"Gremlin Nob","floor":8,"turns":4}],"seed_played":"-8477939815134949866","potions_obtained":[{"floor":1,"key":"FearPotion"}],"is_trial":false,"path_per_floor":["M","?","?","?","?","E","R","E"],"character_chosen":"IRONCLAD","items_purchased":[],"campfire_rested":0,"item_purchase_floors":[],"current_hp_per_floor":[64,41,41,41,66,35,35,0,0],"gold":180,"neow_bonus":"HUNDRED_GOLD","is_daily":false,"chose_seed":false,"campfire_upgraded":1,"win_rate":0.0,"timestamp":1611941013,"path_taken":["M","?","?","?","?","E","R","E"],"items_purchased_type":[],"build_version":"2020-12-22","purchased_purges":0,"victory":false,"max_hp_per_floor":[75,75,75,75,75,75,75,75,75],"card_choices":[{"not_picked":["Searing Blow","True Grit"],"picked":"Uppercut","floor":1},{"not_picked":["Perfected Strike","Sword Boomerang"],"picked":"Shockwave","floor":6}],"player_experience":2102030,"relics_obtained":[{"floor":6,"key":"Anchor"}],"event_choices":[{"damage_healed":0,"gold_gain":0,"player_choice":"Entered Light","damage_taken":23,"max_hp_gain":0,"max_hp_loss":0,"event_name":"Shining Light","floor":2,"gold_loss":0,"cards_upgraded":["Strike_R","Strike_R"]},{"damage_healed":0,"gold_gain":0,"player_choice":"Take Wound","damage_taken":0,"relics_obtained":["Golden Idol"],"max_hp_gain":0,"max_hp_loss":0,"event_name":"Golden Idol","floor":3,"gold_loss":0,"cards_obtained":["Injury"]},{"cards_removed":["Injury"],"damage_healed":0,"gold_gain":0,"player_choice":"Card Removal","damage_taken":0,"max_hp_gain":0,"max_hp_loss":0,"event_name":"The Cleric","floor":4,"gold_loss":75},{"damage_healed":25,"gold_gain":0,"player_choice":"Banana","damage_taken":0,"max_hp_gain":0,"max_hp_loss":0,"event_name":"Big Fish","floor":5,"gold_loss":0}],"is_beta":false,"boss_relics":[],"items_purged_floors":[],"is_endless":false,"potions_floor_spawned":[1],"killed_by":"Gremlin Nob","ascension_level":20}}