{"host":"tq99ucv8ezzqzioe","time":1611896936,"event":{"mods":["BaseMod","Colored Map","Downfall","Highlight Path","Minty Spire (QoL Compilation)","StSLib"],"gold_per_floor":[112,122,122,133,143,143,174,174,197,212,212,212,239,26,26,26,26],"floor_reached":16,"language":"ENG","playtime":491,"items_purged":[],"score":143,"play_id":"2287d55b-56f5-4a27-a69d-64906e55f08d","local_time":"20210129000856","is_ascension_mode":true,"campfire_choices":[{"data":"Whirlwind","floor":6,"key":"SMITH"},{"data":"Carnage","floor":8,"key":"SMITH"},{"data":"Bash","floor":11,"key":"SMITH"},{"data":"Pommel Strike","floor":15,"key":"SMITH"}],"circlet_count":0,"master_deck":["Strike_R","Strike_R","Strike_R","Strike_R","Strike_R","Defend_R+1","Defend_R","Defend_R+1","Defend_R","Bash+1","Whirlwind+1","Battle Trance","Carnage+1","Double Tap+1","Flex","Pommel Strike+1","Shrug It Off"],"relics":["Burning Blood","NeowsBlessing","War Paint","Blood Vial","Darkstone Periapt","Bag of Marbles"],"acts_visited":["Exordium"],"potions_floor_usage":[5,13,16],"damage_taken":[{"damage":0,"enemies":"Cultist","floor":1,"turns":1},{"damage":0,"enemies":"Small Slimes","floor":2,"turns":1},{"damage":0,"enemies":"2 Louse","floor":4,"turns":1},{"damage":14,"enemies":"Large Slime","floor":5,"turns":6},{"damage":25,"enemies":"3 Sentries","floor":7,"turns":7},{"damage":6,"enemies":"3 Louse","floor":10,"turns":2},{"damage":7,"enemies":"Gremlin Nob","floor":13,"turns":3},{"damage":62,"enemies":"Hexaghost","floor":16,"turns":9}],"seed_played":"-29771578868812265","potions_obtained":[{"floor":1,"key":"SpeedPotion"},{"floor":4,"key":"Weak Potion"},{"floor":7,"key":"Swift Potion"}],"is_trial":false,"path_per_floor":["M","M","T","M","M","R","E","R","T","M","R","?","E","$","R","B"],"character_chosen":"IRONCLAD","items_purchased":["Pommel Strike","Shrug It Off","Bag of Marbles"],"campfire_rested":0,"item_purchase_floors":[14,14,14],"current_hp_per_floor":[78,80,80,80,72,72,53,53,53,55,55,55,56,56,56,0,0],"gold":26,"neow_bonus":"THREE_ENEMY_KILL","is_daily":false,"chose_seed":false,"campfire_upgraded":4,"win_rate":0.0,"timestamp":1611896936,"path_taken":["M","?","?","?","?","R","E","R","T","M","R","?","E","?","R","BOSS"],"items_purchased_type":["Card","Card","Relic"],"build_version":"2020-12-22","purchased_purges":0,"victory":false,"max_hp_per_floor":[80,80,80,80,80,80,80,80,80,80,80,80,80,80,80,80,80],"card_choices":[{"not_picked":["Feel No Pain","Clash"],"picked":"Whirlwind","floor":1},{"not_picked":["Warcry","Iron Wave"],"picked":"Battle Trance","floor":2},{"not_picked":["Cleave","Wild Strike"],"picked":"Carnage","floor":4},{"not_picked":["Dropkick","Disarm","Clothesline"],"picked":"SKIP","floor":5},{"not_picked":["Wild Strike","Entrench","Uppercut"],"picked":"SKIP","floor":7},{"not_picked":["Pommel Strike","Armaments"],"picked":"Double Tap","floor":10},{"not_picked":["Disarm","Flame Barrier"],"picked":"Flex","floor":13}],"player_experience":805163,"relics_obtained":[{"floor":7,"key":"War Paint"},{"floor":9,"key":"Blood Vial"},{"floor":13,"key":"Darkstone Periapt"}],"event_choices":[{"damage_healed":0,"gold_gain":0,"player_choice":"Upgraded","damage_taken":0,"max_hp_gain":0,"max_hp_loss":0,"event_name":"Upgrade Shrine","floor":12,"gold_loss":0,"cards_upgraded":["Double Tap"]}],"is_beta":false,"boss_relics":[],"items_purged_floors":[],"is_endless":false,"potions_floor_spawned":[1,4,7],"killed_by":"Hexaghost","ascension_level":6}}