{"host":"w3q5ijqu8eoknil3","time":1611928368,"event":{"mods":["AchievementEnabler","BaseMod","Block Reminder","Colored Map","Colored Powertips","Curses Come First","Dark Map","Minty Spire (QoL Compilation)","Quick Restart","Relic Stats","StSLib","ojb\u0027s Better Paths Mod","ojb\u0027s Info Mod","slay the spire mod where everything is the same but ironclad has a cowboy hat"],"gold_per_floor":[119,130,142,159,179,179,179,196,196,231,284,284,303,303,303],"floor_reached":14,"language":"ENG","playtime":587,"items_purged":[],"score":183,"play_id":"06aa26f0-6165-4501-8165-dbe485b27f26","local_time":"20210129135248","is_ascension_mode":true,"campfire_choices":[{"floor":7,"key":"REST"},{"floor":12,"key":"REST"}],"circlet_count":0,"master_deck":["AscendersBane","Strike_G","Strike_G","Strike_G","Strike_G","Strike_G","Defend_G","Defend_G","Defend_G","Defend_G","Defend_G","Survivor","Neutralize","Wraith Form v2","Blur","Cloak And Dagger","Choke","Dagger Throw","Skewer","Dagger Spray","Skewer","PiercingWail"],"relics":["Ring of the Snake","MealTicket","The Courier"],"acts_visited":["Exordium"],"potions_floor_usage":[4,4,8,8,10],"damage_taken":[{"damage":13,"enemies":"Cultist","floor":1,"turns":6},{"damage":2,"enemies":"Jaw Worm","floor":2,"turns":7},{"damage":0,"enemies":"Small Slimes","floor":3,"turns":4},{"damage":20,"enemies":"Exordium Thugs","floor":4,"turns":8},{"damage":1,"enemies":"Looter","floor":5,"turns":4},{"damage":7,"enemies":"Exordium Wildlife","floor":8,"turns":5},{"damage":19,"enemies":"3 Sentries","floor":10,"turns":10},{"damage":21,"enemies":"Exordium Thugs","floor":13,"turns":6},{"damage":8,"enemies":"Gremlin Nob","floor":14,"turns":2}],"seed_played":"-8719455978226998155","potions_obtained":[{"floor":3,"key":"EntropicBrew"},{"floor":4,"key":"ColorlessPotion"},{"floor":8,"key":"EssenceOfSteel"}],"is_trial":false,"path_per_floor":["M","M","M","M","M","?","R","M","T","E","?","R","M","E"],"character_chosen":"THE_SILENT","items_purchased":[],"campfire_rested":2,"item_purchase_floors":[],"current_hp_per_floor":[46,44,44,24,23,12,31,24,24,5,5,24,3,0,0],"gold":303,"neow_bonus":"ONE_RANDOM_RARE_CARD","is_daily":false,"chose_seed":false,"campfire_upgraded":0,"win_rate":0.0,"timestamp":1611928368,"path_taken":["M","M","M","M","M","?","R","M","T","E","?","R","M","E"],"items_purchased_type":[],"build_version":"2020-12-22","purchased_purges":0,"victory":false,"max_hp_per_floor":[66,66,66,66,66,66,66,66,66,66,66,66,66,66,66],"relic_stats":{"counters":[9,52],"MealTicket":0,"obtain_stats":[{"MealTicket":6,"The Courier":9,"Ring of the Snake":0},{"MealTicket":5,"The Courier":6,"Ring of the Snake":0},{"MealTicket":29,"The Courier":34,"Ring of the Snake":0}],"Ring of the Snake":[18]},"card_choices":[{"not_picked":["Dodge and Roll","Cloak And Dagger"],"picked":"Blur","floor":1},{"not_picked":["Slice","Well Laid Plans"],"picked":"Cloak And Dagger","floor":2},{"not_picked":["Flying Knee","Backstab"],"picked":"Choke","floor":3},{"not_picked":["Heel Hook","Acrobatics"],"picked":"Dagger Throw","floor":4},{"not_picked":["Setup","Poisoned Stab"],"picked":"Skewer","floor":5},{"not_picked":["PiercingWail","Poisoned Stab"],"picked":"Dagger Spray","floor":8},{"not_picked":["Choke","Underhanded Strike"],"picked":"Skewer","floor":10},{"not_picked":["Sucker Punch","Prepared"],"picked":"PiercingWail","floor":13}],"player_experience":1019736,"relics_obtained":[{"floor":9,"key":"The Courier"}],"event_choices":[{"damage_healed":0,"gold_gain":0,"player_choice":"Success","damage_taken":11,"relics_obtained":["MealTicket"],"max_hp_gain":0,"max_hp_loss":0,"event_name":"Scrap Ooze","floor":6,"gold_loss":0},{"damage_healed":0,"gold_gain":53,"player_choice":"Gained Gold","damage_taken":0,"max_hp_gain":0,"max_hp_loss":0,"event_name":"Golden Wing","floor":11,"gold_loss":0}],"is_beta":false,"boss_relics":[],"items_purged_floors":[],"is_endless":false,"potions_floor_spawned":[3,4,5,8],"killed_by":"Gremlin Nob","ascension_level":19}}