{"host":"15ff3ltgpietarej","time":1611919069,"event":{"mods":["BaseMod","Bestiary","Downfall","Highlight Path","Minty Spire (QoL Compilation)","Relic Stats","StSLib"],"gold_per_floor":[399,410,430,147,147,202,202,214,114,564,95,108,123,152,172,172,172,172],"floor_reached":16,"language":"ENG","playtime":1105,"items_purged":["downfall:Icky"],"score":143,"play_id":"46e3cac5-14c9-427f-8060-029c45cec12a","local_time":"20210129121749","is_ascension_mode":true,"campfire_choices":[{"floor":1,"key":"RECALL"},{"floor":9,"key":"REST"}],"circlet_count":0,"master_deck":["Guardian:Strike_Guardian","Guardian:Strike_Guardian","Guardian:Strike_Guardian","Guardian:Strike_Guardian","Guardian:Defend_Guardian","Guardian:Defend_Guardian","Guardian:Defend_Guardian","Guardian:Defend_Guardian","Guardian:CurlUp","Guardian:TwinSlam","Guardian:ShieldCharger","Guardian:Gem_Red","Guardian:Gem_Yellow","Guardian:Gem_White","Guardian:Gem_Cyan","Guardian:ChargeCore","Guardian:PolyBeam","downfall:Icky","downfall:Icky","Guardian:ExploitGems","Guardian:PrismaticBarrier","Guardian:PrimingBeam","Guardian:CrystalBeam","Guardian:Gem_Yellow","Guardian:SphericShield"],"relics":["Guardian:ModeShifter","Old Coin","Orichalcum","downfall:BrokenWingStatue","Vajra","Mercury Hourglass","downfall:HeartBlessingRed","Guardian:BottledStasis","Guardian:DefensiveModeMoreBlock","Blood Vial"],"acts_visited":["Exordium"],"potions_floor_usage":[11,11,14,15,16],"damage_taken":[{"damage":7,"enemies":"Jaw Worm","floor":2,"turns":4},{"damage":7,"enemies":"Small Slimes","floor":3,"turns":5},{"damage":0,"enemies":"downfall:FleeingMerchant","floor":4,"turns":4},{"damage":39,"enemies":"3 Sentries","floor":6,"turns":18},{"damage":0,"enemies":"2 Louse","floor":8,"turns":2},{"damage":7,"enemies":"downfall:FleeingMerchant","floor":11,"turns":4},{"damage":5,"enemies":"Exordium Thugs","floor":12,"turns":3},{"damage":0,"enemies":"Lots of Slimes","floor":13,"turns":3},{"damage":5,"enemies":"3 Sentries","floor":14,"turns":6},{"damage":0,"enemies":"Exordium Thugs","floor":15,"turns":1},{"damage":28,"enemies":"IC_STATUS_ARCHETYPE","floor":16,"turns":8}],"seed_played":"-7058326506986872419","potions_obtained":[{"floor":2,"key":"hexamod:SoulburnPotion"},{"floor":6,"key":"AttackPotion"},{"floor":13,"key":"Swift Potion"},{"floor":14,"key":"Slimebound:ThreeZeroPotion"},{"floor":15,"key":"LiquidMemories"}],"is_trial":false,"path_per_floor":["R","M","M","$","?","?","T","M","R","?","$","M","M","E","M","B"],"character_chosen":"GUARDIAN","items_purchased":["Orichalcum","Guardian:Gem_White","Guardian:Gem_Cyan","Guardian:BottledStasis","Guardian:DefensiveModeMoreBlock","Guardian:PrismaticBarrier","Guardian:PrimingBeam"],"campfire_rested":1,"item_purchase_floors":[4,4,4,11,11,11,11],"current_hp_per_floor":[72,65,58,58,58,19,19,19,40,40,33,28,28,23,25,0,0,0],"gold":172,"neow_bonus":"ONE_RARE_RELIC","is_daily":false,"chose_seed":false,"campfire_upgraded":0,"win_rate":0.0,"timestamp":1611919069,"path_taken":["R","M","M","$","?","?","T","?","R","?","$","M","M","E","M","BOSS"],"items_purchased_type":["Relic","Card","Card","Relic","Relic","Card","Card"],"build_version":"2020-12-22","purchased_purges":1,"victory":false,"max_hp_per_floor":[72,72,72,72,72,72,72,72,72,72,72,72,72,72,72,72,72,72],"relic_stats":{"Blood Vial":4,"counters":[11,57],"Orichalcum":[48],"obtain_stats":[{"Guardian:DefensiveModeMoreBlock":11,"Blood Vial":14,"Guardian:BottledStasis":11,"downfall:BrokenWingStatue":5,"downfall:HeartBlessingRed":9,"Guardian:ModeShifter":0,"Vajra":6,"Orichalcum":4,"Old Coin":0,"Mercury Hourglass":7},{"Guardian:DefensiveModeMoreBlock":6,"Blood Vial":9,"Guardian:BottledStasis":6,"downfall:BrokenWingStatue":3,"downfall:HeartBlessingRed":5,"Guardian:ModeShifter":0,"Vajra":4,"Orichalcum":3,"Old Coin":0,"Mercury Hourglass":4},{"Guardian:DefensiveModeMoreBlock":37,"Blood Vial":48,"Guardian:BottledStasis":37,"downfall:BrokenWingStatue":13,"downfall:HeartBlessingRed":33,"Guardian:ModeShifter":0,"Vajra":31,"Orichalcum":13,"Old Coin":0,"Mercury Hourglass":31}],"Mercury Hourglass":[88]},"card_choices":[{"not_picked":["Guardian:RefractedBeam","Guardian:Recover"],"picked":"Guardian:ShieldCharger","floor":2},{"not_picked":["Guardian:SpikerProtocol","Guardian:Gem_Cyan"],"picked":"Guardian:Gem_Red","floor":3},{"not_picked":["Guardian:PiercingHide","Guardian:TemporalShield"],"picked":"Guardian:Gem_Yellow","floor":4},{"not_picked":["Guardian:Reroute","Guardian:RollAttack"],"picked":"Guardian:ChargeCore","floor":6},{"not_picked":["Guardian:Planning","Guardian:SpikerProtocol"],"picked":"Guardian:PolyBeam","floor":8},{"not_picked":["Guardian:ChargeCore","Guardian:Gem_Cyan"],"picked":"Guardian:ExploitGems","floor":11},{"not_picked":["Guardian:Suspension","Guardian:GuardianWhirl"],"picked":"Guardian:CrystalBeam","floor":12},{"not_picked":["Guardian:Reroute","Guardian:PrimingBeam"],"picked":"Guardian:Gem_Yellow","floor":13},{"not_picked":["Guardian:Suspension","Guardian:DecasProtection","Guardian:ShieldCharger"],"picked":"SKIP","floor":14},{"not_picked":["Guardian:Reroute","Guardian:PrimingBeam"],"picked":"Guardian:SphericShield","floor":15}],"player_experience":446408,"relics_obtained":[{"floor":6,"key":"Vajra"},{"floor":7,"key":"Mercury Hourglass"},{"floor":14,"key":"Blood Vial"}],"event_choices":[],"is_beta":false,"boss_relics":[],"items_purged_floors":[11],"is_endless":false,"potions_floor_spawned":[2,6,13,14,15],"killed_by":"IC_STATUS_ARCHETYPE","ascension_level":8}}