{"host":"0fro2zsghd18gsf6","time":1611945095,"event":{"mods":["Act Like it!","Arknights The Spire","BaseMod","Better Third Choice","CapriCore","Gensokyo","Minty Spire (QoL Compilation)","StSLib"],"gold_per_floor":[110,185,196,196,95,95,95,113,113,113,113],"floor_reached":10,"language":"ZHS","playtime":180,"items_purged":["ats:Strike C"],"score":56,"play_id":"85391a89-74d6-4c5a-a319-cadd7b05f4f7","local_time":"20210130023135","is_ascension_mode":false,"campfire_choices":[{"data":"ats:Durian","floor":6,"key":"SMITH"}],"circlet_count":0,"master_deck":["ats:Strike G","ats:Strike S","ats:Armor Crushing Shot","ats:Defend","ats:Defend","ats:Defend","ats:Emotion Absorption","ats:Shell Defense","ats:Durian+1","ats:Magnetic Hammer","ats:Revitalization","ats:Consecutive Shot Auto"],"relics":["ats:Sanity","NeowsBlessing","Incense Burner"],"acts_visited":["Exordium"],"potions_floor_usage":[],"damage_taken":[{"damage":0,"enemies":"Small Slimes","floor":1,"turns":2},{"damage":0,"enemies":"Jaw Worm","floor":3,"turns":1},{"damage":0,"enemies":"2 Louse","floor":8,"turns":1},{"damage":10,"enemies":"3 Sentries","floor":10,"turns":4}],"seed_played":"-3643136743754546294","potions_obtained":[{"floor":3,"key":"Strength Potion"}],"is_trial":false,"path_per_floor":["M","?","M","?","$","R","?","M","T","E"],"character_chosen":"DOCTOR_CLASS","items_purchased":["ats:Revitalization"],"campfire_rested":0,"item_purchase_floors":[5],"current_hp_per_floor":[72,61,61,61,61,61,54,54,54,59,59],"gold":113,"neow_bonus":"THREE_ENEMY_KILL","is_daily":false,"chose_seed":false,"campfire_upgraded":1,"win_rate":0.0,"timestamp":1611945095,"path_taken":["M","?","M","?","$","R","?","?","T","E"],"items_purchased_type":["Card"],"build_version":"2020-12-22","purchased_purges":1,"victory":false,"max_hp_per_floor":[72,72,72,72,72,72,72,72,72,72,72],"card_choices":[{"not_picked":["ats:Guard Mode","ats:Very Hot Blade"],"picked":"ats:Shell Defense","floor":1},{"not_picked":["ats:Flexible Camouflage","ats:Revitalization"],"picked":"ats:Durian","floor":3},{"not_picked":["ats:Collapsing Strike","ats:Guard Mode"],"picked":"ats:Consecutive Shot Auto","floor":8}],"player_experience":197785,"relics_obtained":[{"floor":9,"key":"Incense Burner"}],"event_choices":[{"damage_healed":0,"gold_gain":75,"player_choice":"Gold","damage_taken":11,"max_hp_gain":0,"max_hp_loss":0,"event_name":"betterThird:BetterGoop","floor":2,"gold_loss":0},{"damage_healed":0,"gold_gain":0,"cards_transformed":["ats:Defend"],"player_choice":"Change","damage_taken":0,"max_hp_gain":0,"max_hp_loss":0,"event_name":"Living Wall","floor":4,"gold_loss":0,"cards_obtained":["ats:Magnetic Hammer"]},{"cards_removed":["ats:Strike V"],"damage_healed":0,"gold_gain":0,"player_choice":"Card Removal","damage_taken":7,"max_hp_gain":0,"max_hp_loss":0,"event_name":"Golden Wing","floor":7,"gold_loss":0}],"is_beta":false,"boss_relics":[],"items_purged_floors":[5],"is_endless":false,"potions_floor_spawned":[3],"killed_by":"3 Sentries","ascension_level":0}}