{"host":"lv71j503waqnafdc","time":1611929884,"event":{"mods":["Act Like it!","Arknights The Spire","BaseMod","Hermit","Jorbs\u0027s Wanderer Trilogy","Minty Spire (QoL Compilation)","Replay The Spire","StSLib","The Cursed"],"gold_per_floor":[112,112,132,132,132,167,179,194,242,252,252,252],"floor_reached":11,"language":"ZHS","playtime":431,"items_purged":[],"score":100,"play_id":"2bd3a0bc-2f2d-4197-87fa-2e9b90423fa0","local_time":"20210129221804","is_ascension_mode":false,"campfire_choices":[],"circlet_count":0,"master_deck":["ats:Strike C","ats:Strike G","ats:Strike S","ats:Strike V","ats:Armor Crushing Shot","ats:Defend","ats:Defend","ats:Defend","ats:Defend","ats:Emotion Absorption","ats:Ignite","stsjorbsmod:Procrastination","ReachHeaven","Regret","Tempest","Shockwave","ats:Very Hot Blade","ats:Explosion Area Strengthen"],"relics":["ats:Sanity","NeowsBlessing","PrismaticShard","Eternal Feather","FaceOfCleric","ats:Originium","Boot","Regal Pillow"],"acts_visited":["Exordium"],"potions_floor_usage":[11],"damage_taken":[{"damage":0,"enemies":"2 Louse","floor":1,"turns":1},{"damage":0,"enemies":"Small Slimes","floor":3,"turns":1},{"damage":0,"enemies":"Gremlin Nob","floor":6,"turns":1},{"damage":9,"enemies":"Cultist","floor":7,"turns":3},{"damage":20,"enemies":"Lots of Slimes","floor":8,"turns":4},{"damage":22,"enemies":"Gremlin Gang","floor":10,"turns":5},{"damage":25,"enemies":"3 Sentries","floor":11,"turns":2}],"seed_played":"-1452494090728182839","potions_obtained":[{"floor":10,"key":"BlessingOfTheForge"}],"is_trial":false,"path_per_floor":["M","?","M","?","?","E","M","M","T","M","E"],"character_chosen":"DOCTOR_CLASS","items_purchased":[],"campfire_rested":0,"item_purchase_floors":[],"current_hp_per_floor":[72,72,72,72,72,73,65,46,46,25,0,0],"gold":252,"neow_bonus":"THREE_ENEMY_KILL","is_daily":false,"chose_seed":false,"campfire_upgraded":0,"win_rate":0.0,"timestamp":1611929884,"path_taken":["M","?","M","?","?","E","M","?","T","M","E"],"items_purchased_type":[],"build_version":"2020-12-22","purchased_purges":0,"victory":false,"max_hp_per_floor":[72,72,72,72,72,73,74,75,75,76,76,76],"card_choices":[{"not_picked":["ats:Leaping Hammer","ats:Cat Scratch"],"picked":"ats:Ignite","floor":1},{"not_picked":["Underhanded Strike","BasicCrystalCard"],"picked":"ReachHeaven","floor":3},{"not_picked":["TheCursedMod:CursedStaff","ClearTheMind"],"picked":"Tempest","floor":6},{"not_picked":["ats:Directed Diagnosis","stsjorbsmod:Toll"],"picked":"Shockwave","floor":7},{"not_picked":["SashWhip","stsjorbsmod:FranticMind"],"picked":"ats:Very Hot Blade","floor":8},{"not_picked":["Bane","TheCursedMod:SpitefulStrike"],"picked":"ats:Explosion Area Strengthen","floor":10}],"player_experience":258508,"relics_obtained":[{"floor":6,"key":"ats:Originium"},{"floor":6,"key":"Boot"},{"floor":9,"key":"Regal Pillow"}],"event_choices":[{"damage_healed":0,"gold_gain":0,"player_choice":"Box","damage_taken":0,"relics_obtained":["Eternal Feather"],"max_hp_gain":0,"max_hp_loss":0,"event_name":"Big Fish","floor":4,"gold_loss":0,"cards_obtained":["Regret"]},{"damage_healed":0,"gold_gain":0,"player_choice":"Trade","damage_taken":0,"relics_obtained":["FaceOfCleric"],"max_hp_gain":0,"max_hp_loss":0,"event_name":"FaceTrader","floor":5,"gold_loss":0}],"is_beta":false,"boss_relics":[],"items_purged_floors":[],"is_endless":false,"potions_floor_spawned":[10],"killed_by":"3 Sentries","ascension_level":0}}