{"host":"l84l8xigz5v5foa2","time":1611931337,"event":{"mods":["2.2 Compatiblity","AchievementEnabler","BaseMod","Better Note","Better Vampires","Card Filter","Colored Map","DeckTracker","Downfall","Gremlin Skip","Highlight Path","Keyboard Shortcuts","Minty Spire (QoL Compilation)","Permanent Neow","Quick Restart","Relic Filter","Relic Stats","StSLib","SuperFastMode","Transform Curses","Unknown Chances"],"gold_per_floor":[112,112,112,89,114,126,163,14,14,14,94,94,122,138,138,214,214,232,248,263,263,263,263,263,263,289,289,320,320,339,350,350,423,423,443,453,453,453,478,503,503,515,515,515,515,515],"floor_reached":44,"language":"ENG","playtime":2192,"items_purged":[],"score":1174,"play_id":"5e7941bc-f6da-41e6-a438-bd6e22b21350","local_time":"20210129234217","is_ascension_mode":true,"campfire_choices":[{"data":"hexamod:Float","floor":6.0,"key":"SMITH"},{"data":"hexamod:Rewind","floor":10.0,"key":"SMITH"},{"data":"hexamod:GhostOfSpirePast","floor":12.0,"key":"SMITH"},{"data":"hexamod:ForkedFlame","floor":15.0,"key":"SMITH"},{"data":"hexamod:HexaLevel","floor":23.0,"key":"SMITH"},{"data":"hexamod:HeatShield","floor":27.0,"key":"SMITH"},{"floor":29.0,"key":"REST"},{"data":"hexamod:RadiantFlame","floor":32.0,"key":"SMITH"},{"data":"hexamod:Sear","floor":41,"key":"PURGE"}],"circlet_count":0,"master_deck":["AscendersBane","hexamod:Float+1","hexamod:StepThrough","hexamod:GhostOfSpirePast+1","hexamod:HauntingEcho","hexamod:ForkedFlame+1","hexamod:Rewind+1","hexamod:ShieldOfDarkness","hexamod:AdvancingGuard","hexamod:GhostShield","hexamod:HexaLevel+1","hexamod:HeatShield+1","hexamod:SwordOfDarkness","hexamod:RadiantFlame+1","hexamod:ForkedFlame","hexamod:GhostflameBarrier+1","hexamod:RainOfEmbers+1"],"relics":["hexamod:SpiritBrand","MawBank","Peace Pipe","Membership Card","Question Card","champ:DeflectingBracers","hexamod:IceCube","MutagenicStrength","Enchiridion","Centennial Puzzle","Ancient Tea Set","SlaversCollar","Turnip","Bronze Scales","Singing Bowl"],"acts_visited":["Exordium","TheCity","TheBeyond"],"potions_floor_usage":[39,40],"damage_taken":[{"damage":1.0,"enemies":"Jaw Worm","floor":1.0,"turns":2.0},{"damage":0.0,"enemies":"2 Louse","floor":5.0,"turns":2.0},{"damage":0.0,"enemies":"Gremlin Nob","floor":7.0,"turns":3.0},{"damage":0.0,"enemies":"3 Sentries","floor":13.0,"turns":5.0},{"damage":0.0,"enemies":"Small Slimes","floor":14.0,"turns":3.0},{"damage":0.0,"enemies":"Slime Boss","floor":16.0,"turns":5.0},{"damage":0.0,"enemies":"Chosen","floor":18.0,"turns":3.0},{"damage":0.0,"enemies":"2 Thieves","floor":19.0,"turns":3.0},{"damage":3.0,"enemies":"Centurion and Healer","floor":20.0,"turns":4.0},{"damage":22.0,"enemies":"Gremlin Leader","floor":28.0,"turns":5.0},{"damage":0.0,"enemies":"Shelled Parasite and Fungi","floor":30.0,"turns":4.0},{"damage":0.0,"enemies":"Chosen and Byrds","floor":31.0,"turns":3.0},{"damage":4.0,"enemies":"Collector","floor":33.0,"turns":6.0},{"damage":6,"enemies":"3 Darklings","floor":35,"turns":4},{"damage":0,"enemies":"3 Shapes","floor":36,"turns":5},{"damage":0,"enemies":"Mind Bloom Boss Battle","floor":39,"turns":4},{"damage":17,"enemies":"Nemesis","floor":40,"turns":9},{"damage":17,"enemies":"Maw","floor":42,"turns":5},{"damage":27,"enemies":"2 Orb Walkers","floor":44,"turns":3}],"seed_played":"5065521688558828442","potions_obtained":[{"floor":5.0,"key":"SmokeBomb"},{"floor":7.0,"key":"SmokeBomb"},{"floor":16.0,"key":"BlessingOfTheForge"},{"floor":19.0,"key":"Strength Potion"},{"floor":30.0,"key":"PowerPotion"},{"floor":31.0,"key":"ColorlessPotion"},{"floor":35,"key":"AttackPotion"},{"floor":36,"key":"ColorlessPotion"},{"floor":39,"key":"PowerPotion"}],"is_trial":false,"path_per_floor":["M","?","?","?","M","R","E","$","T","R","T","R","E","M","R","B",null,"M","M","M","?","?","R","?","?","T","R","E","R","M","M","R","B",null,"M","M","?","?","?","E","R","M","T","?"],"character_chosen":"THE_SPIRIT","items_purchased":["Membership Card"],"campfire_rested":1,"item_purchase_floors":[8],"current_hp_per_floor":[41,41,36,51,51,51,51,51,51,51,51,51,51,51,51,51,60,60,60,57,40,40,40,19,33,33,33,11,31,31,31,31,27,58,52,52,52,52,52,35,35,18,18,0,0,0],"gold":515,"neow_bonus":"TRANSFORM_TWO_CARDS","is_daily":false,"chose_seed":false,"campfire_upgraded":7,"win_rate":0.0,"timestamp":1611931337,"path_taken":["M","?","?","?","M","R","E","$","T","R","?","R","E","M","R","BOSS","M","M","M","?","?","R","?","?","T","R","E","R","M","M","R","BOSS","M","M","?","?","?","E","R","M","T","?"],"items_purchased_type":["Relic"],"build_version":"2020-12-22","purchased_purges":0,"victory":false,"max_hp_per_floor":[63,63,63,63,63,63,63,63,63,63,63,63,63,63,63,63,63,63,63,63,68,68,68,68,68,68,68,68,68,68,68,68,68,68,68,68,68,68,68,68,68,68,68,68,68,68],"relic_stats":{"Peace Pipe":1,"Centennial Puzzle":[18],"Singing Bowl":0,"counters":[19,78],"Bronze Scales":[24],"Turnip":[5],"MawBank":60,"Question Card":15,"obtain_stats":[{"Singing Bowl":43,"Enchiridion":24,"champ:DeflectingBracers":13,"MawBank":3,"Question Card":11,"Ancient Tea Set":28,"Peace Pipe":7,"SlaversCollar":34,"Centennial Puzzle":26,"MutagenicStrength":22,"Bronze Scales":40,"Turnip":39,"Membership Card":8,"hexamod:SpiritBrand":0,"hexamod:IceCube":17},{"Singing Bowl":18,"Enchiridion":9,"champ:DeflectingBracers":4,"MawBank":1,"Question Card":3,"Ancient Tea Set":10,"Peace Pipe":3,"SlaversCollar":13,"Centennial Puzzle":9,"MutagenicStrength":9,"Bronze Scales":17,"Turnip":16,"Membership Card":3,"hexamod:SpiritBrand":0,"hexamod:IceCube":6},{"Singing Bowl":75,"Enchiridion":30,"champ:DeflectingBracers":12,"MawBank":2,"Question Card":7,"Ancient Tea Set":35,"Peace Pipe":7,"SlaversCollar":48,"Centennial Puzzle":30,"MutagenicStrength":30,"Bronze Scales":70,"Turnip":61,"Membership Card":7,"hexamod:SpiritBrand":0,"hexamod:IceCube":20}]},"card_choices":[{"not_picked":["hexamod:SpectersWail","hexamod:FastForward","hexamod:FlamesFromBeyond"],"picked":"SKIP","floor":1.0},{"not_picked":["hexamod:ChargedBarrage","hexamod:GhostLash","hexamod:PhantomCloak"],"picked":"SKIP","floor":5.0},{"not_picked":["hexamod:VolcanoVisage","hexamod:SoulSteal","hexamod:HeatMetal"],"picked":"SKIP","floor":7.0},{"not_picked":["hexamod:ShieldOfDarkness","hexamod:SkipABeat","hexamod:BurningTouch","hexamod:VolcanoVisage"],"picked":"SKIP","floor":13.0},{"not_picked":["hexamod:BurningTouch","hexamod:ShieldOfDarkness","hexamod:DynamicBlow","hexamod:PowerFromBeyond"],"picked":"SKIP","floor":14.0},{"not_picked":["hexamod:FifthSeal","hexamod:GhostflameInferno","hexamod:VolcanoVisage"],"picked":"hexamod:HexaLevel","floor":16.0},{"not_picked":["hexamod:Hexaguard","hexamod:NightmareStrike","hexamod:ChargedBarrage+1"],"picked":"hexamod:HeatShield","floor":18.0},{"not_picked":["hexamod:HeatMetal","hexamod:GhostShield","hexamod:BacktrackSmack","hexamod:SpectralSpark+1"],"picked":"SKIP","floor":19.0},{"not_picked":["hexamod:ShieldOfDarkness","hexamod:HauntingEcho","hexamod:NightmareGuise","hexamod:FourthSeal"],"picked":"SKIP","floor":20.0},{"not_picked":["hexamod:GhostLash+1","hexamod:ApocalypseNow","hexamod:PhantomCloak","hexamod:Haunt+1"],"picked":"SKIP","floor":28.0},{"not_picked":["hexamod:FlamesFromBeyond","hexamod:GhostLash","hexamod:HeatCrush"],"picked":"hexamod:SwordOfDarkness","floor":30.0},{"not_picked":["hexamod:SkipABeat","hexamod:SpectralSpark","hexamod:StepThrough+1"],"picked":"hexamod:RadiantFlame","floor":31.0},{"not_picked":["hexamod:FifthSeal","hexamod:ApocalypseNow","hexamod:TimeWarp"],"picked":"hexamod:ForkedFlame","floor":33.0},{"not_picked":["hexamod:Hexaguard","hexamod:SecondSeal","hexamod:FlamesFromBeyond"],"picked":"hexamod:GhostflameBarrier+1","floor":35},{"not_picked":["hexamod:Hexaguard","hexamod:SwordOfDarkness","hexamod:HauntingEcho","hexamod:FlamesFromBeyond+1"],"picked":"SKIP","floor":36},{"not_picked":["hexamod:SoulSteal","hexamod:NightmareGuise+1","hexamod:HauntingEcho","hexamod:SpectersWail+1"],"picked":"SKIP","floor":40},{"not_picked":["hexamod:GhostflameBarrier","hexamod:RadiantFlame","hexamod:CatchUp"],"picked":"hexamod:RainOfEmbers+1","floor":42}],"player_experience":3496175,"relics_obtained":[{"floor":7.0,"key":"Peace Pipe"},{"floor":11.0,"key":"Question Card"},{"floor":13.0,"key":"champ:DeflectingBracers"},{"floor":24.0,"key":"Enchiridion"},{"floor":26.0,"key":"Centennial Puzzle"},{"floor":28.0,"key":"Ancient Tea Set"},{"floor":39,"key":"Turnip"},{"floor":40,"key":"Bronze Scales"},{"floor":43,"key":"Singing Bowl"}],"event_choices":[{"damage_healed":0.0,"max_hp_gain":0.0,"max_hp_loss":0.0,"gold_gain":0.0,"event_name":"Liars Game","player_choice":"Ignored","floor":2.0,"gold_loss":0.0,"damage_taken":0.0},{"damage_healed":0.0,"max_hp_gain":0.0,"max_hp_loss":0.0,"gold_gain":0.0,"event_name":"Scrap Ooze","player_choice":"Success","floor":3.0,"gold_loss":0.0,"damage_taken":5.0,"relics_obtained":["MawBank"]},{"damage_healed":15.0,"max_hp_gain":0.0,"max_hp_loss":0.0,"gold_gain":0.0,"event_name":"The Cleric","player_choice":"Healed","floor":4.0,"gold_loss":35.0,"damage_taken":0.0},{"damage_healed":0.0,"max_hp_gain":5.0,"max_hp_loss":0.0,"gold_gain":0.0,"event_name":"Forgotten Altar","player_choice":"Shed Blood","floor":21.0,"gold_loss":0.0,"damage_taken":22.0},{"damage_healed":0.0,"max_hp_gain":0.0,"max_hp_loss":0.0,"gold_gain":0.0,"event_name":"Drug Dealer","player_choice":"Inject Mutagens","floor":22.0,"gold_loss":0.0,"damage_taken":0.0,"relics_obtained":["MutagenicStrength"]},{"damage_healed":0.0,"max_hp_gain":0.0,"max_hp_loss":0.0,"gold_gain":0.0,"event_name":"Cursed Tome","player_choice":"Obtained Book","floor":24.0,"gold_loss":0.0,"damage_taken":21.0},{"damage_healed":14.0,"max_hp_gain":0.0,"max_hp_loss":0.0,"gold_gain":0.0,"event_name":"The Library","player_choice":"Heal","floor":25.0,"gold_loss":0.0,"damage_taken":0.0},{"damage_healed":0,"gold_gain":0,"player_choice":"Fight","damage_taken":0,"max_hp_gain":0,"max_hp_loss":0,"event_name":"MindBloom","floor":39,"gold_loss":0},{"damage_healed":0,"gold_gain":0,"player_choice":"Fight","damage_taken":0,"max_hp_gain":0,"max_hp_loss":0,"event_name":"Mysterious Sphere","floor":44,"gold_loss":0}],"is_beta":false,"boss_relics":[{"not_picked":["Empty Cage","Fusion Hammer"],"picked":"hexamod:IceCube"},{"not_picked":["sneckomod:SneckoTalon","Busted Crown"],"picked":"SlaversCollar"}],"items_purged_floors":[],"is_endless":false,"potions_floor_spawned":[5,7,16,19,28,30,31,35,36,39],"killed_by":"2 Orb Walkers","ascension_level":20}}