{"host":"df48i9djcn92c5sx","time":1611925824,"event":{"mods":["Act Like it!","Arknights The Spire","BaseMod","Decade(王小明)","Downfall","Gensokyo","Marisa（F雨　魔理沙）","Minty Spire (QoL Compilation)","READ ME - Guardian Mod","READ ME - Snecko Mod","Reimu（博丽灵梦）","Remilia（蕾米莉亚）","Shop Mod","StSLib","The Jungle","The Servant 0.9.4"],"gold_per_floor":[113,38,58,58,78,78,78,78,78,78,78,89,89,100,100,177,177,195,115,115,135,158,158,83,83,83,83,95,95,20,39,39,113,113,123,123,138,64,0,0,0],"floor_reached":40,"language":"ZHS","playtime":1029,"items_purged":["downfall:Haunted"],"score":734,"play_id":"ac05db0c-1924-4957-b28a-b0d76491cbf7","local_time":"20210129211024","is_ascension_mode":true,"campfire_choices":[{"data":"Neutralize","floor":6.0,"key":"SMITH"},{"data":"PiercingWail","floor":8.0,"key":"SMITH"},{"data":"Poisoned Stab","floor":13.0,"key":"SMITH"},{"data":"Deadly Poison","floor":15.0,"key":"SMITH"},{"data":"Burst","floor":23.0,"key":"SMITH"},{"floor":25.0,"key":"REST"},{"data":"ZunPunch:ReiMu","floor":27.0,"key":"SMITH"},{"data":"Noxious Fumes","floor":29.0,"key":"SMITH"},{"data":"Bane","floor":32,"key":"SMITH"}],"circlet_count":0,"master_deck":["AscendersBane","Strike_G","Strike_G","Strike_G","Defend_G","Defend_G","Defend_G","Defend_G","Survivor","Neutralize+1","Crippling Poison+1","PiercingWail+1","Poisoned Stab+1","Deadly Poison+1","Burst+1","Noxious Fumes+1","ZunPunch:ReiMu+1","Bane+1","Catalyst+1","Bullet Time","Dagger Spray","Grand Finale","Well Laid Plans"],"relics":["Ring of the Snake","NeowsBlessing","Pantograph","Cursed Key","Mastiff:ReiMu","Eternal Feather","Sozu","Red Mask"],"acts_visited":["Exordium","TheCity","TheBeyond"],"potions_floor_usage":[37,40],"damage_taken":[{"damage":0.0,"enemies":"2 Louse","floor":1.0,"turns":1.0},{"damage":0.0,"enemies":"Jaw Worm","floor":3.0,"turns":1.0},{"damage":0.0,"enemies":"Small Slimes","floor":5.0,"turns":1.0},{"damage":2.0,"enemies":"Blue Slaver","floor":12.0,"turns":5.0},{"damage":2.0,"enemies":"Looter","floor":14.0,"turns":3.0},{"damage":31.0,"enemies":"Slime Boss","floor":16.0,"turns":9.0},{"damage":2.0,"enemies":"3 Byrds","floor":18.0,"turns":4.0},{"damage":31.0,"enemies":"Chosen","floor":21.0,"turns":5.0},{"damage":13.0,"enemies":"Centurion and Healer","floor":28.0,"turns":6.0},{"damage":18,"enemies":"Snake Plant","floor":31,"turns":4},{"damage":50,"enemies":"Champ","floor":33,"turns":8},{"damage":0,"enemies":"3 Shapes","floor":35,"turns":4},{"damage":30,"enemies":"3 Darklings","floor":37,"turns":4},{"damage":48,"enemies":"Nemesis","floor":40,"turns":3}],"seed_played":"8450157293856860157","potions_obtained":[{"floor":3.0,"key":"CultistPotion"},{"floor":5.0,"key":"SkillPotion"},{"floor":28.0,"key":"Explosive Potion"},{"floor":33,"key":"SteroidPotion"}],"is_trial":false,"path_per_floor":["M","?","M","?","M","R","T","R","T","?","?","M","R","M","R","B",null,"M","?","?","M","T","R","$","R","T","R","M","R","?","M","R","B",null,"M","?","M","$","?","E"],"character_chosen":"THE_SILENT","items_purchased":["Well Laid Plans"],"campfire_rested":1,"item_purchase_floors":[38],"current_hp_per_floor":[59,59,59,59,59,59,59,59,59,52,66,64,64,62,62,35,58,56,56,38,7,7,7,7,28,28,37,24,36,36,18,30,5,52,52,52,22,22,22,0,0],"gold":0,"neow_bonus":"THREE_ENEMY_KILL","is_daily":false,"chose_seed":false,"campfire_upgraded":8,"win_rate":0.0,"timestamp":1611925824,"path_taken":["M","?","M","?","M","R","?","R","T","?","?","M","R","M","R","BOSS","M","?","?","M","?","R","$","R","T","R","M","R","?","M","R","BOSS","M","?","M","$","?","E"],"items_purchased_type":["Card"],"build_version":"2020-12-22","purchased_purges":1,"victory":false,"max_hp_per_floor":[66,66,66,66,66,66,66,66,66,66,66,66,66,66,66,66,66,66,66,71,71,71,71,71,71,71,71,71,71,68,68,68,68,68,68,68,68,68,68,68,68],"card_choices":[{"not_picked":["Sucker Punch","Flying Knee","Dodge and Roll"],"picked":"SKIP","floor":1.0},{"not_picked":["Caltrops","Cloak And Dagger"],"picked":"Crippling Poison","floor":3.0},{"not_picked":["Deflect","Quick Slash"],"picked":"PiercingWail","floor":5.0},{"not_picked":["Eviscerate","Leg Sweep"],"picked":"Poisoned Stab","floor":12.0},{"not_picked":["Sucker Punch","Blade Dance"],"picked":"Deadly Poison","floor":14.0},{"not_picked":["Storm of Steel","Doppelganger"],"picked":"Burst","floor":16.0},{"not_picked":["Bane","Leg Sweep"],"picked":"Noxious Fumes","floor":18.0},{"not_picked":["Noxious Fumes","Predator","Dagger Throw"],"picked":"SKIP","floor":21.0},{"not_picked":["Sucker Punch","Flying Knee"],"picked":"Bane","floor":28.0},{"not_picked":["Backflip","Masterful Stab"],"picked":"Catalyst+1","floor":31},{"not_picked":["Glass Knife","Wraith Form v2"],"picked":"Bullet Time","floor":33},{"not_picked":["Cloak And Dagger","Expertise"],"picked":"Dagger Spray","floor":35},{"not_picked":["Poisoned Stab+1","Bane"],"picked":"Grand Finale","floor":37}],"player_experience":1494577,"relics_obtained":[{"floor":9.0,"key":"Pantograph"},{"floor":22.0,"key":"Mastiff:ReiMu"},{"floor":26.0,"key":"Eternal Feather"}],"event_choices":[{"cards_removed":["Strike_G"],"damage_healed":0.0,"max_hp_gain":0.0,"max_hp_loss":0.0,"gold_gain":0.0,"event_name":"The Cleric","player_choice":"Card Removal","floor":2.0,"gold_loss":75.0,"damage_taken":0.0},{"damage_healed":0.0,"max_hp_gain":0.0,"max_hp_loss":0.0,"gold_gain":0.0,"event_name":"Living Wall","player_choice":"Grow","floor":4.0,"gold_loss":0.0,"damage_taken":0.0,"cards_upgraded":["Crippling Poison"]},{"cards_removed":["Defend_G"],"damage_healed":0.0,"max_hp_gain":0.0,"max_hp_loss":0.0,"gold_gain":0.0,"event_name":"Golden Wing","player_choice":"Card Removal","floor":10.0,"gold_loss":0.0,"damage_taken":7.0},{"damage_healed":22.0,"max_hp_gain":0.0,"max_hp_loss":0.0,"gold_gain":0.0,"event_name":"Big Fish","player_choice":"Banana","floor":11.0,"gold_loss":0.0,"damage_taken":0.0},{"damage_healed":0.0,"max_hp_gain":0.0,"max_hp_loss":0.0,"gold_gain":0.0,"event_name":"ZunEvent","player_choice":"交出神酒","floor":19.0,"relics_lost":["ZunR:ReiMu"],"gold_loss":0.0,"damage_taken":0.0,"cards_obtained":["ZunPunch:ReiMu"]},{"damage_healed":0.0,"max_hp_gain":5.0,"max_hp_loss":0.0,"gold_gain":0.0,"event_name":"Forgotten Altar","player_choice":"Shed Blood","floor":20.0,"gold_loss":0.0,"damage_taken":23.0},{"cards_removed":["Parasite"],"damage_healed":0.0,"max_hp_gain":0.0,"max_hp_loss":0.0,"gold_gain":0.0,"event_name":"Beggar","player_choice":"Gave Gold","floor":30.0,"gold_loss":75.0,"damage_taken":0.0},{"cards_removed":["Strike_G"],"damage_healed":0,"gold_gain":0,"player_choice":"Removed Attack","damage_taken":0,"max_hp_gain":0,"max_hp_loss":0,"event_name":"Falling","floor":36,"gold_loss":0},{"damage_healed":0,"gold_gain":0,"player_choice":"Paid","damage_taken":0,"relics_obtained":["Red Mask"],"max_hp_gain":0,"max_hp_loss":0,"event_name":"Tomb of Lord Red Mask","floor":39,"gold_loss":64}],"is_beta":false,"boss_relics":[{"not_picked":["Astrolabe","expansioncontent:StudyCardRelic"],"picked":"Cursed Key"},{"not_picked":["Philosopher\u0027s Stone","Tiny House"],"picked":"Sozu"}],"items_purged_floors":[24],"is_endless":false,"potions_floor_spawned":[3,5,28,33],"killed_by":"Nemesis","ascension_level":17}}