{"host":"3y2rtlgteqp2nuo3","time":1611940361,"event":{"mods":["2.2 Compatiblity","AchievementEnabler","BaseMod","Colored Map","DeckTracker","Highlight Path","Keyboard Shortcuts","Minty Spire (QoL Compilation)","Permanent Neow","Quick Restart","StSLib","SuperFastMode","everything is the same but u backflip on backflip"],"gold_per_floor":[113,124,141,159,178,206,206,239,321,321,339,339,354,372,372,476,476,486,486,506,520,111,138,138,138,138],"floor_reached":25,"language":"KOR","playtime":604,"items_purged":["Reckless Charge"],"score":344,"play_id":"305db03b-2ce5-4cdf-9748-3b80e2a699b7","local_time":"20210130021241","is_ascension_mode":true,"campfire_choices":[{"data":"Bash","floor":7.0,"key":"SMITH"},{"floor":10.0,"key":"REST"},{"data":"Clothesline","floor":12.0,"key":"SMITH"},{"data":"Wild Strike","floor":15.0,"key":"SMITH"},{"floor":24,"key":"REST"}],"circlet_count":0,"master_deck":["Strike_R","Strike_R","Strike_R","Strike_R","Defend_R","Defend_R","Defend_R","Defend_R","Bash+1","Clothesline+1","Pommel Strike","Wild Strike+1","Shrug It Off","Bloodletting","Second Wind","Headbutt","Shockwave","Immolate","Warcry+1","Flash of Steel","Impervious","Perfected Strike","Anger+1","Pommel Strike"],"relics":["Burning Blood","Akabeko","Oddly Smooth Stone","Kunai","SacredBark","Turnip","WingedGreaves"],"acts_visited":["Exordium","TheCity"],"potions_floor_usage":[],"damage_taken":[{"damage":6.0,"enemies":"Cultist","floor":1.0,"turns":3.0},{"damage":6.0,"enemies":"Small Slimes","floor":2.0,"turns":4.0},{"damage":7.0,"enemies":"Jaw Worm","floor":3.0,"turns":3.0},{"damage":14.0,"enemies":"2 Fungi Beasts","floor":4.0,"turns":4.0},{"damage":0.0,"enemies":"3 Louse","floor":5.0,"turns":4.0},{"damage":25.0,"enemies":"Gremlin Nob","floor":6.0,"turns":5.0},{"damage":28.0,"enemies":"Lagavulin","floor":8.0,"turns":6.0},{"damage":8.0,"enemies":"Red Slaver","floor":11.0,"turns":4.0},{"damage":3.0,"enemies":"Lots of Slimes","floor":13.0,"turns":2.0},{"damage":3.0,"enemies":"2 Fungi Beasts","floor":14.0,"turns":2.0},{"damage":45.0,"enemies":"Slime Boss","floor":16.0,"turns":12.0},{"damage":3.0,"enemies":"2 Thieves","floor":18.0,"turns":4.0},{"damage":18,"enemies":"3 Byrds","floor":20,"turns":5},{"damage":6,"enemies":"Snecko","floor":21,"turns":4},{"damage":37,"enemies":"Gremlin Leader","floor":23,"turns":8},{"damage":0,"enemies":"Chosen and Byrds","floor":25,"turns":1}],"seed_played":"943605359234648879","potions_obtained":[{"floor":2.0,"key":"GamblersBrew"},{"floor":3.0,"key":"SkillPotion"},{"floor":4.0,"key":"Strength Potion"},{"floor":18.0,"key":"LiquidMemories"},{"floor":21,"key":"CultistPotion"}],"is_trial":false,"path_per_floor":["M","M","M","M","M","E","R","E","T","R","M","R","M","M","R","B",null,"M","?","M","M","$","E","R","M"],"character_chosen":"IRONCLAD","items_purchased":["Turnip","Pommel Strike"],"campfire_rested":2,"item_purchase_floors":[22,22],"current_hp_per_floor":[72,72,71,63,69,50,50,28,28,52,50,50,53,56,56,17,64,67,67,55,55,55,24,48,48,48],"gold":138,"neow_bonus":"REMOVE_CARD","is_daily":false,"chose_seed":false,"campfire_upgraded":3,"win_rate":0.0,"timestamp":1611940361,"path_taken":["M","M","?","M","M","E","R","E","T","R","M","R","M","M","R","BOSS","M","?","M","?","$","E","R","M"],"items_purchased_type":["Relic","Card"],"build_version":"2020-12-22","purchased_purges":1,"victory":false,"max_hp_per_floor":[80,80,80,80,80,80,80,80,80,80,80,80,80,80,80,80,80,80,80,80,80,80,80,80,80,80],"card_choices":[{"not_picked":["Warcry","Sword Boomerang"],"picked":"Clothesline","floor":1.0},{"not_picked":["Armaments","Ghostly Armor"],"picked":"Pommel Strike","floor":2.0},{"not_picked":["Battle Trance","Iron Wave"],"picked":"Wild Strike","floor":3.0},{"not_picked":["Headbutt","True Grit"],"picked":"Shrug It Off","floor":4.0},{"not_picked":["Impervious","Twin Strike"],"picked":"Reckless Charge","floor":5.0},{"not_picked":["Shrug It Off","Sentinel"],"picked":"Bloodletting","floor":6.0},{"not_picked":["Brutality","Cleave"],"picked":"Second Wind","floor":8.0},{"not_picked":["Feel No Pain","Heavy Blade"],"picked":"Headbutt","floor":11.0},{"not_picked":["Combust","Headbutt"],"picked":"Shockwave","floor":13.0},{"not_picked":["Dark Embrace","Seeing Red","Anger"],"picked":"SKIP","floor":14.0},{"not_picked":["Reaper","Barricade"],"picked":"Immolate","floor":16.0},{"not_picked":["Bloodletting","Second Wind"],"picked":"Warcry+1","floor":18.0},{"not_picked":["Wild Strike","Burning Pact"],"picked":"Perfected Strike","floor":20},{"not_picked":["Thunderclap","Sword Boomerang"],"picked":"Anger+1","floor":21},{"not_picked":["Havoc","Brutality","Barricade"],"picked":"SKIP","floor":23}],"player_experience":735864,"relics_obtained":[{"floor":6.0,"key":"Akabeko"},{"floor":8.0,"key":"Oddly Smooth Stone"},{"floor":9.0,"key":"Kunai"},{"floor":23,"key":"WingedGreaves"}],"event_choices":[{"damage_healed":0,"gold_gain":0,"player_choice":"2 cards matched","damage_taken":0,"max_hp_gain":0,"max_hp_loss":0,"event_name":"Match and Keep!","floor":19,"gold_loss":0,"cards_obtained":["Flash of Steel","Impervious"]}],"is_beta":false,"boss_relics":[{"not_picked":["Velvet Choker","Ectoplasm"],"picked":"SacredBark"}],"items_purged_floors":[22],"is_endless":false,"potions_floor_spawned":[2,3,4,16,18,21,23],"killed_by":"Chosen and Byrds","ascension_level":9}}