{"host":"fuszjwm6fqgjjp4d","time":1611903398,"event":{"mods":["BaseMod","Bestiary","Colored Map","DeckTracker","Minty Spire (QoL Compilation)","Permanent Neow","Relic Sorter","Relic Stats","StSLib"],"gold_per_floor":[99,99,99,99,99,99,99,99,99,99,99,99,99,99,99,99,99],"floor_reached":16,"language":"ENG","playtime":341,"items_purged":[],"score":212,"play_id":"74385cf9-daef-4121-a5b6-66bbebc734a7","local_time":"20210129005638","is_ascension_mode":true,"campfire_choices":[{"data":"Armaments","floor":7.0,"key":"SMITH"},{"floor":13.0,"key":"REST"},{"data":"Battle Trance","floor":15.0,"key":"SMITH"}],"circlet_count":0,"master_deck":["AscendersBane","Strike_R","Strike_R","Strike_R","Strike_R","Defend_R","Defend_R","Defend_R","Defend_R","Bash","Thunderclap","Clothesline","Pommel Strike","Armaments+1","Battle Trance+1","Shockwave","Cleave"],"relics":["Ectoplasm","Strawberry","Ancient Tea Set","Centennial Puzzle"],"acts_visited":["Exordium"],"potions_floor_usage":[16],"damage_taken":[{"damage":1.0,"enemies":"Cultist","floor":1.0,"turns":3.0},{"damage":0.0,"enemies":"Small Slimes","floor":2.0,"turns":2.0},{"damage":7.0,"enemies":"Jaw Worm","floor":3.0,"turns":2.0},{"damage":2.0,"enemies":"3 Louse","floor":5.0,"turns":2.0},{"damage":2.0,"enemies":"Gremlin Nob","floor":6.0,"turns":3.0},{"damage":0.0,"enemies":"Blue Slaver","floor":8.0,"turns":2.0},{"damage":0.0,"enemies":"Exordium Wildlife","floor":10.0,"turns":1.0},{"damage":10.0,"enemies":"Gremlin Gang","floor":11.0,"turns":3.0},{"damage":6.0,"enemies":"2 Fungi Beasts","floor":12.0,"turns":3.0},{"damage":44,"enemies":"Slime Boss","floor":16,"turns":6}],"seed_played":"7377203318638979033","potions_obtained":[{"floor":2.0,"key":"Explosive Potion"},{"floor":3.0,"key":"AttackPotion"},{"floor":5.0,"key":"SmokeBomb"},{"floor":11.0,"key":"Ancient Potion"},{"floor":12.0,"key":"EssenceOfSteel"}],"is_trial":false,"path_per_floor":["M","M","M","?","M","E","R","M","T","M","M","M","R","?","R","B"],"character_chosen":"IRONCLAD","items_purchased":[],"campfire_rested":1,"item_purchase_floors":[],"current_hp_per_floor":[67,67,60,32,30,28,28,28,28,28,18,12,36,36,36,0,0],"gold":99,"neow_bonus":"BOSS_RELIC","is_daily":false,"chose_seed":false,"campfire_upgraded":2,"win_rate":0.0,"timestamp":1611903398,"path_taken":["M","?","M","?","M","E","R","M","T","M","M","M","R","?","R","BOSS"],"items_purchased_type":[],"build_version":"2020-12-22","purchased_purges":0,"victory":false,"max_hp_per_floor":[75,75,75,82,82,82,82,82,82,82,82,82,82,82,82,82,82],"relic_stats":{"Centennial Puzzle":[9],"counters":[10,27],"Ectoplasm":171,"obtain_stats":[{"Centennial Puzzle":9,"Strawberry":4,"Ectoplasm":0,"Ancient Tea Set":6,"Burning Blood":0},{"Centennial Puzzle":6,"Strawberry":3,"Ectoplasm":0,"Ancient Tea Set":5,"Burning Blood":0},{"Centennial Puzzle":14,"Strawberry":7,"Ectoplasm":0,"Ancient Tea Set":12,"Burning Blood":0}]},"card_choices":[{"not_picked":["Anger","Warcry"],"picked":"Thunderclap","floor":1.0},{"not_picked":["Dual Wield","Rage"],"picked":"Clothesline","floor":2.0},{"not_picked":["Clash","Rupture","Warcry"],"picked":"SKIP","floor":3.0},{"not_picked":["Heavy Blade","Cleave"],"picked":"Pommel Strike","floor":5.0},{"not_picked":["Armaments","Wild Strike","Anger"],"picked":"SKIP","floor":6.0},{"not_picked":["Wild Strike","Anger"],"picked":"Armaments","floor":6.0},{"not_picked":["Iron Wave","Second Wind"],"picked":"Battle Trance","floor":8.0},{"not_picked":["Wild Strike","Feel No Pain"],"picked":"Shockwave","floor":11.0},{"not_picked":["Clothesline","Dark Embrace"],"picked":"Cleave","floor":12.0}],"player_experience":1405013,"relics_obtained":[{"floor":6.0,"key":"Ancient Tea Set"},{"floor":9.0,"key":"Centennial Puzzle"}],"event_choices":[{"damage_healed":0.0,"max_hp_gain":0.0,"max_hp_loss":0.0,"gold_gain":0.0,"event_name":"Scrap Ooze","player_choice":"Success","floor":4.0,"gold_loss":0.0,"damage_taken":35.0,"relics_obtained":["Strawberry"]},{"cards_removed":["Strike_R"],"damage_healed":0.0,"max_hp_gain":0.0,"max_hp_loss":0.0,"gold_gain":0.0,"event_name":"Purifier","player_choice":"Purged","floor":14.0,"gold_loss":0.0,"damage_taken":0.0}],"is_beta":false,"boss_relics":[],"items_purged_floors":[],"is_endless":false,"potions_floor_spawned":[2,3,5,11,12],"killed_by":"Slime Boss","ascension_level":20}}