{"host":"3a1ypf1irl30q4k8","time":1611934506,"event":{"mods":["AchievementEnabler","BaseMod","Bestiary","Colored Map","Minty Spire (QoL Compilation)","Relic Stats"],"gold_per_floor":[16,27,27,44,18,53,53,88,88,88,88,163,6,24,24,24,24],"floor_reached":16,"language":"ENG","playtime":558,"items_purged":[],"score":130,"play_id":"82ec49c4-4270-4a25-913a-0106dfa915f7","local_time":"20210129153506","is_ascension_mode":true,"campfire_choices":[{"data":"Second Wind","floor":7.0,"key":"SMITH"},{"data":"Whirlwind","floor":15,"key":"SMITH"}],"circlet_count":0,"master_deck":["Strike_R","Strike_R","Strike_R","Strike_R","Defend_R","Defend_R","Defend_R","Bash","Reaper","Intimidate","Clash+1","Second Wind+1","Whirlwind+1","Warcry","Fiend Fire","Feel No Pain","Feel No Pain"],"relics":["Burning Blood","Bottled Lightning","Paper Frog","Eternal Feather","Incense Burner","Membership Card"],"acts_visited":["Exordium"],"potions_floor_usage":[16],"damage_taken":[{"damage":4.0,"enemies":"Small Slimes","floor":1.0,"turns":3.0},{"damage":0.0,"enemies":"2 Louse","floor":2.0,"turns":2.0},{"damage":0.0,"enemies":"Cultist","floor":4.0,"turns":2.0},{"damage":8.0,"enemies":"Gremlin Nob","floor":6.0,"turns":3.0},{"damage":25.0,"enemies":"3 Sentries","floor":8.0,"turns":7.0},{"damage":4,"enemies":"Exordium Wildlife","floor":14,"turns":5},{"damage":68,"enemies":"Hexaghost","floor":16,"turns":9}],"seed_played":"-1685611388563034580","potions_obtained":[{"floor":2.0,"key":"ElixirPotion"},{"floor":4.0,"key":"DistilledChaos"}],"is_trial":false,"path_per_floor":["M","M","?","M","$","E","R","E","T","?","?","?","$","M","R","B"],"character_chosen":"IRONCLAD","items_purchased":["Warcry","Membership Card"],"campfire_rested":0,"item_purchase_floors":[5,13],"current_hp_per_floor":[80,80,80,80,80,78,78,67,67,64,64,53,53,59,68,0,0],"gold":24,"neow_bonus":"TRANSFORM_TWO_CARDS","is_daily":false,"chose_seed":false,"campfire_upgraded":2,"win_rate":0.0,"timestamp":1611934506,"path_taken":["M","M","?","M","$","E","R","E","T","?","?","?","?","M","R","BOSS"],"items_purchased_type":["Card","Relic"],"build_version":"2020-12-22","purchased_purges":0,"victory":false,"max_hp_per_floor":[80,80,80,80,80,80,80,80,80,80,80,80,80,80,80,80,80],"relic_stats":{"counters":[7,31],"Eternal Feather":9,"obtain_stats":[{"Eternal Feather":9,"Incense Burner":10,"Bottled Lightning":6,"Membership Card":13,"Burning Blood":0,"Paper Frog":8},{"Eternal Feather":5,"Incense Burner":5,"Bottled Lightning":4,"Membership Card":5,"Burning Blood":0,"Paper Frog":5},{"Eternal Feather":17,"Incense Burner":17,"Bottled Lightning":10,"Membership Card":17,"Burning Blood":0,"Paper Frog":17}],"Burning Blood":22},"card_choices":[{"not_picked":["Body Slam","Wild Strike"],"picked":"Clash","floor":1.0},{"not_picked":["Cleave","Battle Trance"],"picked":"Second Wind","floor":2.0},{"not_picked":["Rampage","Twin Strike"],"picked":"Whirlwind","floor":4.0},{"not_picked":["Twin Strike","Heavy Blade"],"picked":"Fiend Fire","floor":6.0},{"not_picked":["Iron Wave","Cleave"],"picked":"Feel No Pain","floor":8.0},{"not_picked":["Sword Boomerang","Clash"],"picked":"Feel No Pain","floor":14}],"player_experience":1245648,"relics_obtained":[{"floor":6.0,"key":"Bottled Lightning"},{"floor":8.0,"key":"Paper Frog"},{"floor":9,"key":"Eternal Feather"}],"event_choices":[{"damage_healed":0.0,"max_hp_gain":0.0,"max_hp_loss":0.0,"gold_gain":0.0,"event_name":"Living Wall","player_choice":"Grow","floor":3.0,"gold_loss":0.0,"damage_taken":0.0,"cards_upgraded":["Clash"]},{"damage_healed":0,"gold_gain":0,"player_choice":"Success","damage_taken":3,"relics_obtained":["Incense Burner"],"max_hp_gain":0,"max_hp_loss":0,"event_name":"Scrap Ooze","floor":10,"gold_loss":0},{"damage_healed":0,"gold_gain":0,"player_choice":"Searched \u00270\u0027 times","damage_taken":0,"max_hp_gain":0,"max_hp_loss":0,"event_name":"Dead Adventurer","floor":11,"gold_loss":0},{"damage_healed":0,"gold_gain":75,"player_choice":"Gather Gold","damage_taken":11,"max_hp_gain":0,"max_hp_loss":0,"event_name":"World of Goop","floor":12,"gold_loss":0}],"is_beta":false,"boss_relics":[],"items_purged_floors":[],"is_endless":false,"potions_floor_spawned":[2,4],"killed_by":"Hexaghost","ascension_level":4}}