{"host":"clf2hd4adhiiw0zf","time":1611883236,"event":{"mods":["AchievementEnabler","BaseMod","Beaked The Cultist","Bestiary","Dark Map","Downfall","Gremlin Mod","Hermit","Jorbs\u0027s Wanderer Trilogy","Marisa????????","Minty Spire (QoL Compilation)","Shop Mod","StSLib","The Cursed","The Servant 0.9.4","Wide Potions"],"gold_per_floor":[99,112,112,132,117,145,145,156,56,66,83,96,96,128,144,240,240,140,153,7,26,26,26,26,59,74,104,204,224,248,260,279,279,279,279],"floor_reached":33,"language":"ENG","playtime":2436,"items_purged":[],"score":353,"play_id":"89b18219-becf-4450-ba70-15b2b99effac","local_time":"20210128182036","is_ascension_mode":false,"campfire_choices":[{"floor":1,"key":"RECALL"},{"data":"sneckomod:MorePower","floor":9,"key":"SMITH"},{"data":"sneckomod:Cheat","floor":18,"key":"SMITH"}],"circlet_count":0,"master_deck":["sneckomod:Strike","sneckomod:Strike","sneckomod:Strike","sneckomod:Defend+1","sneckomod:Defend","sneckomod:Defend","sneckomod:TailWhip","sneckomod:SnekBite","sneckomod:Unknown","sneckomod:Unknown","sneckomod:UnknownDraw","sneckomod:WideSting","sneckomod:MorePower+1","sneckomod:UnknownBlock","sneckomod:DiceCrush","sneckomod:UnknownRarePower","sneckomod:RainOfDice","sneckomod:SoulRoll","sneckomod:UnknownUncommonPower","sneckomod:SerpentIdol","sneckomod:Nope","sneckomod:SlitherStrike","sneckomod:UnknownRareSkill","sneckomod:IronFang+1","sneckomod:UnknownUncommonSkill","sneckomod:SerpentMind","sneckomod:Cheat+1","sneckomod:DiceBoulder","sneckomod:UnknownClassMARISA_DERIVATIONS","sneckomod:Cheat+1","sneckomod:UnknownClassMARISA_DERIVATIONS","sneckomod:UnknownCommonSkill+1","downfall:Bewildered","sneckomod:MasterEye+1","sneckomod:DangerNoodle","sneckomod:UnknownClassHEXA_GHOST_PURPLE+1","sneckomod:UnknownRareSkill","hexamod:SixthSeal","sneckomod:UnknownUncommonAttack"],"relics":["sneckomod:SneckoSoul","Potion Belt","Bronze Scales","Pear","downfall:HeartBlessingRed","Art of War","SlaversCollar","downfall:HeartBlessingGreen","Guardian:BottledAnomaly","Nilry\u0027s Codex","sneckomod:BabySnecko","Centennial Puzzle","Guardian:PocketSentry","White Beast Statue"],"acts_visited":["Exordium","TheCity"],"potions_floor_usage":[8,11,14,14,16,25,26,27,31,33],"damage_taken":[{"damage":5,"enemies":"Small Slimes","floor":2,"turns":3},{"damage":1,"enemies":"Cultist","floor":4,"turns":5},{"damage":5,"enemies":"downfall:FleeingMerchant","floor":5,"turns":4},{"damage":51,"enemies":"3 Sentries","floor":6,"turns":10},{"damage":0,"enemies":"Jaw Worm","floor":8,"turns":4},{"damage":3,"enemies":"Lots of Slimes","floor":10,"turns":1},{"damage":0,"enemies":"3 Louse","floor":11,"turns":1},{"damage":0,"enemies":"Large Slime","floor":12,"turns":5},{"damage":41,"enemies":"Gremlin Nob","floor":14,"turns":6},{"damage":13,"enemies":"Red Slaver","floor":15,"turns":2},{"damage":37,"enemies":"WA_ARCHETYPE_RETAIN","floor":16,"turns":6},{"damage":13,"enemies":"Shell Parasite","floor":19,"turns":4},{"damage":0,"enemies":"downfall:FleeingMerchant","floor":20,"turns":4},{"damage":0,"enemies":"Chosen","floor":21,"turns":4},{"damage":32,"enemies":"Slavers","floor":25,"turns":5},{"damage":5,"enemies":"Shelled Parasite and Fungi","floor":26,"turns":4},{"damage":1,"enemies":"Gremlin Leader","floor":27,"turns":5},{"damage":0,"enemies":"downfall:LadyInBlue","floor":28,"turns":6},{"damage":6,"enemies":"Chosen and Byrds","floor":29,"turns":3},{"damage":8,"enemies":"Snecko","floor":30,"turns":4},{"damage":12,"enemies":"3 Cultists","floor":31,"turns":3},{"damage":0,"enemies":"Snake Plant","floor":32,"turns":3},{"damage":25,"enemies":"DF_ARCHETYPE_CLAW","floor":33,"turns":3}],"seed_played":"-3822129178779673791","potions_obtained":[{"floor":4,"key":"Block Potion"},{"floor":6,"key":"Dexterity Potion"},{"floor":8,"key":"Explosive Potion"},{"floor":12,"key":"Block Potion"},{"floor":14,"key":"FearPotion"},{"floor":15,"key":"Explosive Potion"},{"floor":20,"key":"Guardian:BlockOnCardUsePotion"},{"floor":25,"key":"Weak Potion"},{"floor":26,"key":"sneckomod:OffclassReductionPotion"},{"floor":28,"key":"Fire Potion"},{"floor":28,"key":"GamblersBrew"},{"floor":28,"key":"Energy Potion"},{"floor":30,"key":"Explosive Potion"},{"floor":31,"key":"hexamod:SoulburnPotion"}],"is_trial":false,"path_per_floor":["R","M","?","M","$","E","T","M","R","M","M","M","?","E","M","B",null,"R","M","$","M","?","?","T","E","M","E","?","M","M","M","M","B"],"character_chosen":"THE_SNECKO","items_purchased":["Guardian:BottledAnomaly"],"campfire_rested":0,"item_purchase_floors":[20],"current_hp_per_floor":[90,85,85,84,79,28,38,38,38,35,35,42,100,70,57,20,104,104,91,91,98,82,82,82,50,45,44,44,38,30,18,18,0,0,0],"gold":279,"neow_bonus":"RANDOM_COMMON_RELIC","is_daily":false,"chose_seed":false,"campfire_upgraded":2,"win_rate":0.0,"timestamp":1611883236,"path_taken":["R","M","?","?","?","E","T","M","R","M","M","M","?","E","M","BOSS","R","M","?","M","?","?","T","E","M","E","?","M","?","M","M","BOSS"],"items_purchased_type":["Relic"],"build_version":"2020-12-22","purchased_purges":0,"victory":false,"max_hp_per_floor":[90,90,90,90,90,90,100,100,100,100,100,100,100,104,104,104,104,104,104,104,104,104,104,104,104,104,104,104,104,104,104,104,104,104,104],"card_choices":[{"not_picked":["sneckomod:Nope","sneckomod:ImprovisedGuard"],"picked":"sneckomod:UnknownDraw","floor":2},{"not_picked":["sneckomod:DiceBlock","sneckomod:Unknown1Cost"],"picked":"sneckomod:WideSting","floor":4},{"not_picked":["sneckomod:IronFang","sneckomod:UnknownBlock"],"picked":"sneckomod:MorePower","floor":5},{"not_picked":["sneckomod:UnknownUncommonPower","sneckomod:UnknownWeak"],"picked":"sneckomod:UnknownBlock","floor":6},{"not_picked":["sneckomod:Unknown1Cost","sneckomod:SoulDraw"],"picked":"sneckomod:DiceCrush","floor":6},{"not_picked":["sneckomod:SnakeSap","sneckomod:PureSnecko"],"picked":"sneckomod:UnknownRarePower","floor":8},{"not_picked":["sneckomod:UnknownCommonAttack","sneckomod:DiceCrush"],"picked":"sneckomod:RainOfDice","floor":8},{"not_picked":["sneckomod:UnknownBlock","sneckomod:QuickBite"],"picked":"sneckomod:SoulRoll","floor":10},{"not_picked":["sneckomod:Nope","sneckomod:SoulDraw"],"picked":"sneckomod:UnknownUncommonPower","floor":11},{"not_picked":["sneckomod:QuickMove","sneckomod:UnendingSupply"],"picked":"sneckomod:SerpentIdol","floor":12},{"not_picked":["sneckomod:WideSting","sneckomod:DiceBlock"],"picked":"sneckomod:Nope","floor":12},{"not_picked":["sneckomod:ImprovisedGuard","sneckomod:WideSting"],"picked":"sneckomod:SlitherStrike","floor":14},{"not_picked":["sneckomod:QuickMove","sneckomod:Rotation"],"picked":"sneckomod:UnknownRareSkill","floor":14},{"not_picked":["sneckomod:SlitherStrike","sneckomod:UnendingSupply"],"picked":"sneckomod:IronFang","floor":15},{"not_picked":["sneckomod:DiceBlock","sneckomod:Memorize"],"picked":"sneckomod:UnknownUncommonSkill","floor":15},{"not_picked":["sneckomod:DiceBlock","sneckomod:Unknown0Cost"],"picked":"sneckomod:SerpentMind","floor":16},{"not_picked":["sneckomod:UnknownRareSkill","sneckomod:UnknownRareAttack"],"picked":"sneckomod:Cheat","floor":16},{"not_picked":["sneckomod:UnknownUncommonAttack","sneckomod:Nope"],"picked":"sneckomod:DiceBoulder","floor":19},{"not_picked":["sneckomod:IronFang","sneckomod:QuickBite"],"picked":"sneckomod:UnknownClassMARISA_DERIVATIONS","floor":19},{"not_picked":["sneckomod:UnknownClassMARISA_COLOR","sneckomod:TrashToTreasure"],"picked":"sneckomod:Cheat","floor":20},{"not_picked":["sneckomod:SoulRoll","sneckomod:QuickBite"],"picked":"sneckomod:UnknownClassMARISA_DERIVATIONS","floor":20},{"not_picked":["sneckomod:UnknownCommonAttack","sneckomod:DiceBoulder"],"picked":"sneckomod:UnknownCommonSkill+1","floor":21},{"not_picked":["sneckomod:SoulRoll","sneckomod:UnknownWeak"],"picked":"sneckomod:MasterEye","floor":25},{"not_picked":["sneckomod:UnknownUncommonPower","sneckomod:UnknownUncommonAttack"],"picked":"sneckomod:DangerNoodle","floor":25},{"not_picked":["sneckomod:PureSnecko","sneckomod:MasterEye"],"picked":"sneckomod:UnknownClassHEXA_GHOST_PURPLE+1","floor":26},{"not_picked":["sneckomod:DiceCrush","sneckomod:SerpentIdol+1"],"picked":"sneckomod:UnknownRareSkill","floor":27},{"not_picked":["hexamod:FourthSeal","hexamod:SecondSeal"],"picked":"hexamod:SixthSeal","floor":27},{"not_picked":["sneckomod:ImprovisedAttack+1","sneckomod:QuickBite","sneckomod:UnendingSupply+1"],"picked":"SKIP","floor":29},{"not_picked":["sneckomod:UnknownCommonAttack","sneckomod:QuickBite"],"picked":"sneckomod:UnknownUncommonAttack","floor":30},{"not_picked":["sneckomod:RainOfDice","sneckomod:WideSting","sneckomod:DiceBoulder"],"picked":"SKIP","floor":31},{"not_picked":["sneckomod:SoulRoll","sneckomod:Unknown1Cost","sneckomod:MasterEye+1"],"picked":"SKIP","floor":32}],"player_experience":147748,"relics_obtained":[{"floor":6,"key":"Bronze Scales"},{"floor":7,"key":"Pear"},{"floor":14,"key":"Art of War"},{"floor":22,"key":"Nilry\u0027s Codex"},{"floor":25,"key":"Centennial Puzzle"},{"floor":27,"key":"Guardian:PocketSentry"},{"floor":28,"key":"White Beast Statue"}],"event_choices":[{"damage_healed":0,"gold_gain":0,"player_choice":"Ignored","damage_taken":0,"max_hp_gain":0,"max_hp_loss":0,"event_name":"NoteForYourself","floor":3,"gold_loss":0},{"damage_healed":58,"gold_gain":0,"player_choice":"Full Heal","damage_taken":0,"max_hp_gain":0,"max_hp_loss":0,"event_name":"Wheel of Change","floor":13,"gold_loss":0}],"is_beta":false,"boss_relics":[{"not_picked":["SacredBark","sneckomod:SneckoBoss"],"picked":"SlaversCollar"}],"items_purged_floors":[],"is_endless":false,"potions_floor_spawned":[4,6,8,12,14,15,25,26,29,30,31,32],"killed_by":"DF_ARCHETYPE_CLAW","ascension_level":0}}