{"host":"Ryley","time":1611959531,"event":{"mods":["BaseMod","Downfall","Minty Spire (QoL Compilation)","StSLib"],"gold_per_floor":[99,116,130,185,185,485,485,523,64,79,79,36,36,45,65,169,169,69,80,108,108,117,117,151,160,185,185,79,97,206,66,91,195,204,204,215,234,244,267,111,120,129,147,147,147,164,164,73,93,93],"floor_reached":51,"language":"ENG","playtime":3357,"items_purged":["downfall:Icky","Regret","Guardian:Defend_Guardian","Parasite","downfall:Aged"],"score":695,"play_id":"ea9b83d9-9b65-44f1-9f79-044bf0ce87c5","local_time":"20210129163211","is_ascension_mode":false,"campfire_choices":[{"data":"Guardian:TwinSlam","floor":1.0,"key":"SMITH"},{"floor":11,"key":"REST"},{"data":"Guardian:TimeSifter","floor":13,"key":"SMITH"},{"data":"Guardian:PrimingBeam","floor":18,"key":"SMITH"},{"floor":23,"key":"DIG"},{"floor":27,"key":"DIG"},{"floor":35,"key":"DIG"},{"data":"Guardian:StasisField","floor":44,"key":"SMITH"},{"floor":45,"key":"DIG"},{"floor":47,"key":"DIG"}],"circlet_count":0,"master_deck":["Guardian:Strike_Guardian","Guardian:Strike_Guardian","Guardian:Strike_Guardian","Guardian:Strike_Guardian","Guardian:Defend_Guardian","Guardian:Defend_Guardian","Guardian:Defend_Guardian+1","Guardian:CurlUp","Guardian:TwinSlam+1","Guardian:PiercingHide+1","Guardian:PrimingBeam+1","Guardian:PiercingHide","Guardian:SentryBeam","Guardian:CrystalBeam","expansioncontent:AwakenDeath","Guardian:TimeSifter+1","Guardian:Reroute","Guardian:StasisField+1","Guardian:Incinerate+1","Guardian:TemporalStrike","Guardian:Gem_Crimson","CurseOfTheBell","Guardian:Gem_Cyan","downfall:Icky","Guardian:PolyBeam+1"],"relics":["Guardian:ModeShifter","Shovel","WingedGreaves","CeramicFish","Shuriken","WarpedTongs","Cursed Key","downfall:HeartBlessingGreen","Strawberry","Orichalcum","Guardian:PickAxe","Dead Branch","Mercury Hourglass","Calling Bell","Pen Nib","Meat on the Bone","Bird Faced Urn","Art of War","HornCleat","Guardian:StasisEgg","MealTicket","Anchor","Vajra","War Paint"],"acts_visited":["Exordium","TheCity","TheBeyond"],"potions_floor_usage":[8,16,16,36,50,50],"damage_taken":[{"damage":3.0,"enemies":"2 Louse","floor":2.0,"turns":3.0},{"damage":5,"enemies":"Small Slimes","floor":3,"turns":3},{"damage":16,"enemies":"3 Sentries","floor":4,"turns":10},{"damage":31,"enemies":"Lagavulin","floor":8,"turns":13},{"damage":0,"enemies":"downfall:FleeingMerchant","floor":9,"turns":4},{"damage":0,"enemies":"Cultist","floor":10,"turns":3},{"damage":0,"enemies":"downfall:FleeingMerchant","floor":12,"turns":4},{"damage":11,"enemies":"2 Fungi Beasts","floor":15,"turns":3},{"damage":38,"enemies":"IC_STATUS_ARCHETYPE","floor":16,"turns":13},{"damage":18,"enemies":"Shell Parasite","floor":19,"turns":6},{"damage":3,"enemies":"3 Cultists","floor":20,"turns":6},{"damage":7,"enemies":"Snake Plant","floor":26,"turns":5},{"damage":2,"enemies":"downfall:FleeingMerchant","floor":28,"turns":4},{"damage":16,"enemies":"Colosseum Nobs","floor":30,"turns":6},{"damage":0,"enemies":"downfall:FleeingMerchant","floor":31,"turns":4},{"damage":0,"enemies":"Snecko","floor":32,"turns":2},{"damage":0,"enemies":"WA_ARCHETYPE_CALM","floor":33,"turns":9},{"damage":19,"enemies":"3 Darklings","floor":36,"turns":5},{"damage":7,"enemies":"3 Shapes","floor":37,"turns":3},{"damage":0,"enemies":"Jaw Worm Horde","floor":38,"turns":5},{"damage":2,"enemies":"Writhing Mass","floor":39,"turns":6},{"damage":0,"enemies":"downfall:FleeingMerchant","floor":40,"turns":4},{"damage":6,"enemies":"Spire Growth","floor":43,"turns":6},{"damage":0,"enemies":"Transient","floor":46,"turns":5},{"damage":0,"enemies":"downfall:FleeingMerchant","floor":48,"turns":4},{"damage":0,"enemies":"Sphere and 2 Shapes","floor":49,"turns":3},{"damage":71,"enemies":"DF_ARCHETYPE_ORBS","floor":50,"turns":12}],"seed_played":"4053965333136605763","potions_obtained":[{"floor":3,"key":"LiquidBronze"},{"floor":4,"key":"AttackPotion"},{"floor":15,"key":"DuplicationPotion"},{"floor":16,"key":"ColorlessPotion"},{"floor":20,"key":"bronze:BurnAndBuffPotion"},{"floor":30,"key":"LiquidBronze"},{"floor":37,"key":"Dexterity Potion"},{"floor":39,"key":"Strength Potion"}],"is_trial":false,"path_per_floor":["R","M","M","?","?","?","T","E","$","M","R","$","R","?","M","B",null,"R","M","M","?","?","R","T","?","M","R","$","R","?","$","M","B",null,"R","M","M","M","M","$","T","?","M","R","R","M","R","$","M","B",null],"character_chosen":"GUARDIAN","items_purchased":["Shuriken","Guardian:Gem_White","expansioncontent:AwakenDeath","Guardian:Reroute","Vajra","War Paint"],"campfire_rested":1,"item_purchase_floors":[9,9,9,12,48,48],"current_hp_per_floor":[80,77,72,56,61,61,61,30,30,30,55,55,55,55,44,6,85,85,67,64,64,64,71,71,71,64,64,62,62,46,46,46,46,92,92,75,72,76,78,80,80,80,80,80,80,86,86,89,89,33],"gold":93,"neow_bonus":"THREE_CARDS","is_daily":false,"chose_seed":false,"campfire_upgraded":4,"win_rate":0.0,"timestamp":1611959531,"path_taken":["R","M","M","?","?","?","T","E","$","M","R","$","R","?","M","BOSS","R","M","M","?","?","R","T","?","?","R","?","R","?","$","M","BOSS","R","M","M","M","M","$","T","?","M","R","R","M","R","$","M","BOSS"],"items_purchased_type":["Relic","Card","Card","Card","Relic","Relic"],"build_version":"2020-12-18","purchased_purges":5,"victory":true,"max_hp_per_floor":[80,80,80,80,85,85,85,85,85,85,85,85,85,85,85,85,85,85,85,85,85,85,92,92,92,92,92,92,92,92,92,92,92,92,92,92,92,92,92,89,89,89,89,89,89,89,89,89,89,89],"card_choices":[{"not_picked":["Guardian:Recover","Guardian:RollAttack"],"picked":"Guardian:PiercingHide","floor":0.0},{"not_picked":["Guardian:ChargeCore","Guardian:Preprogram"],"picked":"Guardian:PrimingBeam","floor":2},{"not_picked":["Guardian:EvasiveProtocol","Guardian:ChargeCore"],"picked":"Guardian:PiercingHide","floor":3},{"not_picked":["Guardian:TemporalStrike","Guardian:ArmoredProtocol"],"picked":"Guardian:SentryBeam","floor":4},{"not_picked":["Guardian:TimeBomb","Guardian:VentSteam"],"picked":"Guardian:Gem_Cyan","floor":8},{"not_picked":["Guardian:Harden","Guardian:Gem_Cyan"],"picked":"Guardian:CrystalBeam","floor":9},{"not_picked":["Guardian:CrystalBeam","Guardian:ChargeUp","Guardian:DonusPower"],"picked":"SKIP","floor":10},{"not_picked":["Guardian:Gem_Cyan","Guardian:Recover"],"picked":"Guardian:TimeSifter","floor":12},{"not_picked":["Guardian:Reroute","Guardian:RefractedBeam","Guardian:Harden"],"picked":"SKIP","floor":15},{"not_picked":["Guardian:RevengeProtocol","Guardian:GatlingBeam"],"picked":"Guardian:StasisField","floor":16},{"not_picked":["Guardian:CrystalBeam","Guardian:DecasProtection","Guardian:WalkerClaw"],"picked":"SKIP","floor":19},{"not_picked":["Guardian:PiercingHide","Guardian:ChargeCore"],"picked":"Guardian:Gem_Lightblue","floor":20},{"not_picked":["Guardian:DonusPower","Guardian:CrystalBeam"],"picked":"Guardian:Incinerate+1","floor":26},{"not_picked":["Guardian:CrystalBeam+1","Guardian:Gem_White"],"picked":"Guardian:TemporalStrike","floor":28},{"not_picked":["Guardian:GuardianWhirl","Guardian:FloatingOrbs"],"picked":"Guardian:Gem_Yellow","floor":30},{"not_picked":["Guardian:HyperBeam_Guardian","Guardian:TimeSifter","Guardian:Suspension"],"picked":"SKIP","floor":31},{"not_picked":["Guardian:Gem_Blue","Guardian:Incinerate"],"picked":"Guardian:Gem_Green","floor":32},{"not_picked":["Guardian:Planning+1","Guardian:TimeBomb","Guardian:BronzeArmor"],"picked":"SKIP","floor":36},{"not_picked":["Guardian:ChargeCore","Guardian:Planning+1","Guardian:TemporalShield"],"picked":"SKIP","floor":37},{"not_picked":["Guardian:BronzeOrb+1","Guardian:Planning","Guardian:BronzeArmor+1"],"picked":"SKIP","floor":38},{"not_picked":["Guardian:MultiBeam+1","Guardian:PiercingHide","Guardian:Clone"],"picked":"SKIP","floor":39},{"not_picked":["Guardian:MultiBeam","Guardian:CrystalBeam+1"],"picked":"Guardian:Gem_Cyan","floor":40},{"not_picked":["Guardian:Gem_Cyan","Guardian:ShieldSpikes","Guardian:WalkerClaw"],"picked":"SKIP","floor":43},{"not_picked":["Guardian:Incinerate","Guardian:Suspension+1","Guardian:PrismaticBarrier+1"],"picked":"SKIP","floor":46},{"not_picked":["Guardian:CrystalBeam+1","Guardian:EvasiveProtocol+1"],"picked":"Guardian:PolyBeam+1","floor":48},{"not_picked":["Guardian:TimeCapacitor+1","Guardian:AncientConstruct","Guardian:Gem_Cyan"],"picked":"SKIP","floor":49}],"player_experience":351468,"relics_obtained":[{"floor":4,"key":"Shovel"},{"floor":7,"key":"WingedGreaves"},{"floor":8,"key":"CeramicFish"},{"floor":23,"key":"Strawberry"},{"floor":24,"key":"Orichalcum"},{"floor":27,"key":"Guardian:PickAxe"},{"floor":30,"key":"Dead Branch"},{"floor":30,"key":"Mercury Hourglass"},{"floor":34,"key":"Pen Nib"},{"floor":34,"key":"Meat on the Bone"},{"floor":34,"key":"Bird Faced Urn"},{"floor":35,"key":"Art of War"},{"floor":41,"key":"HornCleat"},{"floor":45,"key":"MealTicket"},{"floor":47,"key":"Anchor"}],"event_choices":[{"damage_healed":0,"gold_gain":0,"player_choice":"Donut","damage_taken":0,"max_hp_gain":5,"max_hp_loss":0,"event_name":"Big Fish","floor":5,"gold_loss":0},{"damage_healed":0,"gold_gain":0,"player_choice":"Read","damage_taken":0,"max_hp_gain":0,"max_hp_loss":0,"event_name":"The Library","floor":25,"gold_loss":0,"cards_obtained":["Guardian:Gem_Red"]}],"is_beta":true,"boss_relics":[{"not_picked":["Philosopher\u0027s Stone","SlaversCollar"],"picked":"Cursed Key"},{"not_picked":["Fusion Hammer","Astrolabe"],"picked":"Calling Bell"}],"items_purged_floors":[9,28,31,40,48],"is_endless":false,"potions_floor_spawned":[3,4,15,16,20,30,32,33,37,39,43,49],"ascension_level":0}}