{"host":"qik6c64y69p9jmph","time":1611942091,"event":{"mods":["AchievementEnabler","BaseMod","Highlight Path","Minty Spire (QoL Compilation)","Quick Restart","StSLib","Synergy Search"],"gold_per_floor":[111,126,126,126,126,126,142,170,170,170,190,190,220,220,220,321,321,336,346,346,37,37,37,70,81,81,81,95,106,106,72,72,172,172,182,182,182,182,200,200,232,252,252,286,299,310,339,366,378,390],"floor_reached":51,"language":"ENG","playtime":2837,"items_purged":[],"score":977,"play_id":"8635bb9e-5f56-47d7-b7e2-f29ad5fb9d48","local_time":"20210129124131","is_ascension_mode":true,"campfire_choices":[{"data":"Fire Breathing","floor":6,"key":"SMITH"},{"floor":10,"key":"REST"},{"floor":15,"key":"REST"},{"data":"Juggernaut","floor":23,"key":"SMITH"},{"floor":27,"key":"REST"},{"data":"Fire Breathing","floor":32,"key":"SMITH"},{"floor":40,"key":"REST"},{"floor":49,"key":"REST"}],"circlet_count":0,"master_deck":["Strike_R","Strike_R","Strike_R","Strike_R","Defend_R","Defend_R","Defend_R","Defend_R","Bash","Fire Breathing+1","Shrug It Off","Iron Wave","Shrug It Off","Juggernaut+1","Shrug It Off","Power Through+1","Apotheosis+1","Evolve","Burning Pact+1","Wild Strike+1","Burning Pact+1","Fire Breathing+1","Ghostly Armor+1","Double Tap+1","Juggernaut+1","Disarm+1","True Grit+1","Entrench+1"],"relics":["Black Blood","Red Skull","Ginger","Potion Belt","InkBottle","Toy Ornithopter","PreservedInsect","Philosopher\u0027s Stone","Toxic Egg 2","Strawberry","Mummified Hand","Omamori","StrikeDummy","Bag of Preparation","Darkstone Periapt","MawBank"],"acts_visited":["Exordium","TheCity","TheBeyond"],"potions_floor_usage":[11,13,16,24,24,24,24,25,39,42,50,50],"damage_taken":[{"damage":5,"enemies":"Small Slimes","floor":1,"turns":4},{"damage":7,"enemies":"Jaw Worm","floor":2,"turns":3},{"damage":0,"enemies":"2 Louse","floor":7,"turns":3},{"damage":42,"enemies":"Gremlin Nob","floor":8,"turns":5},{"damage":20,"enemies":"Lots of Slimes","floor":11,"turns":5},{"damage":20,"enemies":"Lagavulin","floor":13,"turns":6},{"damage":55,"enemies":"The Guardian","floor":16,"turns":12},{"damage":6,"enemies":"Shell Parasite","floor":18,"turns":7},{"damage":11,"enemies":"Chosen","floor":19,"turns":5},{"damage":21,"enemies":"Slavers","floor":24,"turns":3},{"damage":37,"enemies":"Shelled Parasite and Fungi","floor":25,"turns":6},{"damage":10,"enemies":"Centurion and Healer","floor":28,"turns":6},{"damage":0,"enemies":"Snake Plant","floor":29,"turns":3},{"damage":53,"enemies":"Automaton","floor":33,"turns":10},{"damage":4,"enemies":"Orb Walker","floor":35,"turns":4},{"damage":60,"enemies":"3 Darklings","floor":39,"turns":6},{"damage":49,"enemies":"Reptomancer","floor":41,"turns":5},{"damage":1,"enemies":"Transient","floor":42,"turns":5},{"damage":34,"enemies":"Giant Head","floor":44,"turns":7},{"damage":0,"enemies":"4 Shapes","floor":45,"turns":4},{"damage":6,"enemies":"Spire Growth","floor":46,"turns":4},{"damage":22,"enemies":"Reptomancer","floor":47,"turns":5},{"damage":60,"enemies":"Time Eater","floor":50,"turns":10}],"seed_played":"-8392164716521058439","potions_obtained":[{"floor":8,"key":"SteroidPotion"},{"floor":11,"key":"AttackPotion"},{"floor":13,"key":"CultistPotion"},{"floor":18,"key":"LiquidBronze"},{"floor":22,"key":"Explosive Potion"},{"floor":22,"key":"LiquidMemories"},{"floor":22,"key":"EssenceOfSteel"},{"floor":24,"key":"SteroidPotion"},{"floor":29,"key":"Weak Potion"},{"floor":33,"key":"GamblersBrew"},{"floor":41,"key":"Regen Potion"},{"floor":42,"key":"Dexterity Potion"},{"floor":44,"key":"FearPotion"}],"is_trial":false,"path_per_floor":["M","M","?","?","?","R","M","E","T","R","M","T","E","?","R","B",null,"M","M","?","$","?","R","E","M","T","R","M","M","?","$","R","B",null,"M","?","?","$","M","R","E","M","T","E","M","M","E","T","R","B",null],"character_chosen":"IRONCLAD","items_purchased":["Power Through+1","Apotheosis+1","Evolve","Ghostly Armor+1"],"campfire_rested":5,"item_purchase_floors":[21,21,21,31],"current_hp_per_floor":[73,72,47,73,73,73,79,43,43,67,53,53,44,44,68,24,66,66,61,61,61,61,61,73,47,47,73,69,75,75,75,75,28,72,80,80,80,80,37,63,26,57,57,35,47,53,43,43,69,31],"gold":402,"neow_bonus":"RANDOM_COMMON_RELIC","is_daily":false,"chose_seed":false,"campfire_upgraded":3,"win_rate":0.0,"timestamp":1611942091,"path_taken":["M","M","?","?","?","R","?","E","T","R","M","?","E","?","R","BOSS","M","M","?","$","?","R","E","?","T","R","M","M","?","?","R","BOSS","M","?","?","$","M","R","E","?","T","E","M","M","E","?","R","BOSS"],"items_purchased_type":["Card","Card","Card","Card"],"build_version":"2020-12-22","purchased_purges":0,"victory":true,"max_hp_per_floor":[80,80,80,80,80,80,80,80,80,80,80,80,80,80,80,80,80,80,80,80,80,80,80,87,87,87,87,87,87,87,87,87,87,87,87,87,87,87,87,87,87,87,87,87,87,87,87,87,87,87],"card_choices":[{"not_picked":["True Grit","Wild Strike"],"picked":"Fire Breathing","floor":1},{"not_picked":["Anger","Wild Strike"],"picked":"Shrug It Off","floor":2},{"not_picked":["Warcry","Cleave","True Grit"],"picked":"SKIP","floor":7},{"not_picked":["Second Wind","Havoc"],"picked":"Iron Wave","floor":8},{"not_picked":["Headbutt","Feel No Pain"],"picked":"Shrug It Off","floor":11},{"not_picked":["Limit Break","Headbutt"],"picked":"Armaments","floor":13},{"not_picked":["Fiend Fire","Brutality"],"picked":"Juggernaut","floor":16},{"not_picked":["Pummel","Headbutt+1","Anger"],"picked":"SKIP","floor":18},{"not_picked":["Disarm+1","Flex"],"picked":"Shrug It Off","floor":19},{"not_picked":["Iron Wave","Reckless Charge"],"picked":"Burning Pact+1","floor":24},{"not_picked":["Armaments+1","Dual Wield+1"],"picked":"Wild Strike+1","floor":25},{"not_picked":["Anger","Cleave"],"picked":"Burning Pact+1","floor":28},{"not_picked":["Sentinel+1","Thunderclap"],"picked":"Fire Breathing","floor":29},{"not_picked":["Reaper","Limit Break+1"],"picked":"Double Tap+1","floor":33},{"not_picked":["Twin Strike","Thunderclap+1","Warcry+1"],"picked":"SKIP","floor":35},{"not_picked":["Clothesline+1","Anger","Clash"],"picked":"SKIP","floor":39},{"not_picked":["Headbutt+1","Heavy Blade","Demon Form"],"picked":"SKIP","floor":41},{"not_picked":["Second Wind+1","Evolve+1","Clothesline+1"],"picked":"SKIP","floor":42},{"not_picked":["Twin Strike","Burning Pact+1","Wild Strike"],"picked":"SKIP","floor":44},{"not_picked":["Anger","Havoc+1"],"picked":"Disarm+1","floor":45},{"not_picked":["Shrug It Off+1","Rage+1"],"picked":"True Grit+1","floor":46},{"not_picked":["True Grit+1","Spot Weakness+1"],"picked":"Entrench+1","floor":47}],"player_experience":543238,"relics_obtained":[{"floor":8,"key":"Potion Belt"},{"floor":9,"key":"InkBottle"},{"floor":12,"key":"Toy Ornithopter"},{"floor":13,"key":"PreservedInsect"},{"floor":24,"key":"Strawberry"},{"floor":26,"key":"Mummified Hand"},{"floor":41,"key":"Omamori"},{"floor":43,"key":"StrikeDummy"},{"floor":44,"key":"Bag of Preparation"},{"floor":47,"key":"Darkstone Periapt"},{"floor":48,"key":"MawBank"}],"event_choices":[{"damage_healed":0,"gold_gain":0,"player_choice":"Success","damage_taken":25,"relics_obtained":["Ginger"],"max_hp_gain":0,"max_hp_loss":0,"event_name":"Scrap Ooze","floor":3,"gold_loss":0},{"damage_healed":26,"gold_gain":0,"player_choice":"Banana","damage_taken":0,"max_hp_gain":0,"max_hp_loss":0,"event_name":"Big Fish","floor":4,"gold_loss":0},{"damage_healed":0,"gold_gain":0,"player_choice":"Ignored","damage_taken":0,"max_hp_gain":0,"max_hp_loss":0,"event_name":"Purifier","floor":5,"gold_loss":0},{"damage_healed":0,"gold_gain":0,"player_choice":"Bought 0 Potions","damage_taken":0,"max_hp_gain":0,"max_hp_loss":0,"event_name":"The Woman in Blue","floor":14,"gold_loss":0},{"damage_healed":0,"gold_gain":0,"player_choice":"Opened","damage_taken":0,"relics_obtained":["Toxic Egg 2"],"max_hp_gain":0,"max_hp_loss":0,"event_name":"The Mausoleum","floor":20,"gold_loss":0},{"damage_healed":0,"gold_gain":0,"player_choice":"Got Potions","damage_taken":0,"max_hp_gain":0,"max_hp_loss":0,"event_name":"Lab","floor":22,"gold_loss":0},{"cards_removed":["Strike_R"],"damage_healed":0,"gold_gain":0,"player_choice":"Offered Basic","damage_taken":0,"max_hp_gain":0,"max_hp_loss":0,"event_name":"Bonfire Elementals","floor":30,"gold_loss":0},{"cards_removed":["Armaments"],"damage_healed":0,"gold_gain":0,"player_choice":"Removed Skill","damage_taken":0,"max_hp_gain":0,"max_hp_loss":0,"event_name":"Falling","floor":36,"gold_loss":0},{"damage_healed":0,"gold_gain":0,"player_choice":"Copied","damage_taken":0,"max_hp_gain":0,"max_hp_loss":0,"event_name":"Duplicator","floor":37,"gold_loss":0,"cards_obtained":["Juggernaut"]}],"is_beta":false,"boss_relics":[{"not_picked":["Astrolabe","Tiny House"],"picked":"Philosopher\u0027s Stone"},{"not_picked":["SacredBark","Snecko Eye"],"picked":"Black Blood"}],"items_purged_floors":[],"is_endless":false,"potions_floor_spawned":[8,11,13,18,24,29,33,41,42,44],"ascension_level":6}}