{"host":"9l1knhxfturzliqa","time":1611889795,"event":{"mods":["BaseMod","Colored Map","Colored Powertips","DeckTracker","Highlight Path","Keyboard Shortcuts","Minty Spire (QoL Compilation)","Random Character Button"],"gold_per_floor":[12,27,37,37,49,49,74,94,94,94,107,163,263,273,273,377,427,445,445,473,318,334,665,665,676,676,709,729,756,397,414,414,513,513,530,530,530,90,105,132,151,151,174,174,203,425,438,456,456,456],"floor_reached":51,"language":"KOR","playtime":4975,"items_purged":["Strike_R+1","Strike_R+1"],"score":1099,"play_id":"5355a02d-489e-4ad9-9310-3e655c775c8b","local_time":"20210129120955","is_ascension_mode":true,"campfire_choices":[{"data":"Feed","floor":6.0,"key":"SMITH"},{"data":"Body Slam","floor":10.0,"key":"SMITH"},{"data":"Seeing Red","floor":15.0,"key":"SMITH"},{"data":"Entrench","floor":24.0,"key":"SMITH"},{"floor":32.0,"key":"REST"},{"data":"Barricade","floor":42,"key":"SMITH"},{"data":"Corruption","floor":44,"key":"SMITH"},{"data":"Dark Embrace","floor":49,"key":"SMITH"}],"circlet_count":0,"master_deck":["Strike_R+1","Strike_R+1","Defend_R+1","Defend_R+1","Defend_R+1","Bash","Feed+1","Body Slam+1","Perfected Strike","Wild Strike","Cleave","Thunderclap","Shrug It Off","Feel No Pain+1","Seeing Red+1","Rage","Impervious","Entrench+1","Power Through+1","Evolve","Dark Embrace+1","Warcry","Pommel Strike+1","Second Wind+1","Corruption+1","Intimidate","Barricade+1","Shrug It Off+1","Secret Technique","Power Through+1"],"relics":["Burning Blood","Lantern","Mercury Hourglass","Juzu Bracelet","Tiny House","Red Mask","Old Coin","Mummified Hand","Regal Pillow","Blue Candle","Sling","Sozu","InkBottle","Potion Belt","Red Skull","Bottled Lightning"],"acts_visited":["Exordium","TheCity","TheBeyond"],"potions_floor_usage":[50],"damage_taken":[{"damage":6.0,"enemies":"Cultist","floor":1.0,"turns":3.0},{"damage":0.0,"enemies":"2 Louse","floor":2.0,"turns":3.0},{"damage":7.0,"enemies":"Jaw Worm","floor":3.0,"turns":3.0},{"damage":22.0,"enemies":"Red Slaver","floor":5.0,"turns":4.0},{"damage":52.0,"enemies":"Lagavulin","floor":7.0,"turns":6.0},{"damage":0.0,"enemies":"Gremlin Gang","floor":8.0,"turns":2.0},{"damage":11.0,"enemies":"Looter","floor":11.0,"turns":2.0},{"damage":0.0,"enemies":"3 Sentries","floor":12.0,"turns":4.0},{"damage":8.0,"enemies":"Blue Slaver","floor":14.0,"turns":2.0},{"damage":48.0,"enemies":"The Guardian","floor":16.0,"turns":15.0},{"damage":0.0,"enemies":"Chosen","floor":18.0,"turns":3.0},{"damage":13.0,"enemies":"Masked Bandits","floor":20.0,"turns":5.0},{"damage":4.0,"enemies":"Spheric Guardian","floor":22.0,"turns":5.0},{"damage":33.0,"enemies":"Slavers","floor":23.0,"turns":5.0},{"damage":15.0,"enemies":"Snake Plant","floor":25.0,"turns":5.0},{"damage":19.0,"enemies":"Gremlin Leader","floor":27.0,"turns":11.0},{"damage":8.0,"enemies":"Sentry and Sphere","floor":28.0,"turns":7.0},{"damage":25.0,"enemies":"Book of Stabbing","floor":29.0,"turns":6.0},{"damage":0.0,"enemies":"Cultist and Chosen","floor":31.0,"turns":7.0},{"damage":61.0,"enemies":"Automaton","floor":33.0,"turns":11.0},{"damage":2,"enemies":"3 Shapes","floor":35,"turns":6},{"damage":1,"enemies":"3 Darklings","floor":39,"turns":5},{"damage":9,"enemies":"Reptomancer","floor":40,"turns":6},{"damage":4,"enemies":"Jaw Worm Horde","floor":41,"turns":5},{"damage":0,"enemies":"Nemesis","floor":45,"turns":3},{"damage":29,"enemies":"Spire Growth","floor":47,"turns":5},{"damage":0,"enemies":"4 Shapes","floor":48,"turns":3},{"damage":0,"enemies":"Time Eater","floor":50,"turns":7}],"seed_played":"98859808603106004","potions_obtained":[{"floor":1.0,"key":"BloodPotion"},{"floor":8.0,"key":"LiquidBronze"},{"floor":11.0,"key":"SteroidPotion"},{"floor":12.0,"key":"SpeedPotion"},{"floor":14.0,"key":"GamblersBrew"},{"floor":16.0,"key":"EssenceOfSteel"},{"floor":17.0,"key":"ColorlessPotion"},{"floor":20.0,"key":"BlessingOfTheForge"},{"floor":25.0,"key":"Fruit Juice"},{"floor":28.0,"key":"SpeedPotion"},{"floor":29.0,"key":"Energy Potion"},{"floor":33.0,"key":"Swift Potion"}],"is_trial":false,"path_per_floor":["M","M","M","$","M","R","E","M","T","R","M","?","?","M","R","B",null,"M","?","?","$","M","E","R","M","T","E","M","E","$","M","R","B",null,"M","?","?","$","M","E","M","R","T","R","E","?","M","M","R","B",null],"character_chosen":"IRONCLAD","items_purchased":["Dark Embrace","Sling","Intimidate","EssenceOfSteel","InkBottle","Secret Technique"],"campfire_rested":1,"item_purchase_floors":[21,30,30,30,38,38],"current_hp_per_floor":[83,86,85,85,69,69,23,33,33,33,28,38,38,40,40,17,83,89,89,82,82,84,61,61,57,57,44,46,31,31,41,93,38,103,107,107,107,107,116,113,119,119,119,119,125,125,102,112,112,118],"gold":456,"neow_bonus":"THREE_RARE_CARDS","is_daily":false,"chose_seed":false,"campfire_upgraded":7,"win_rate":0.0,"timestamp":1611889795,"path_taken":["M","M","M","?","M","R","E","M","T","R","M","?","?","M","R","BOSS","M","?","?","$","M","E","R","M","T","E","M","E","$","M","R","BOSS","M","?","?","$","M","E","M","R","T","R","E","?","M","M","R","BOSS"],"items_purchased_type":["Card","Relic","Card","Potion","Relic","Card"],"build_version":"2020-12-22","purchased_purges":2,"victory":true,"max_hp_per_floor":[83,86,86,86,86,86,86,90,90,90,90,94,94,98,98,98,103,103,103,103,103,103,107,107,112,112,112,116,120,120,124,124,124,124,124,124,124,124,128,128,132,132,132,132,132,132,132,136,136,136],"card_choices":[{"not_picked":["Demon Form","Brutality"],"picked":"Feed","floor":0.0},{"not_picked":["Uppercut","Shrug It Off"],"picked":"Body Slam","floor":1.0},{"not_picked":["Clothesline","Sword Boomerang"],"picked":"Perfected Strike","floor":2.0},{"not_picked":["Flame Barrier","Whirlwind"],"picked":"Wild Strike","floor":3.0},{"not_picked":["Sword Boomerang","Iron Wave"],"picked":"Cleave","floor":5.0},{"not_picked":["Feed","Flex"],"picked":"Thunderclap","floor":7.0},{"not_picked":["Entrench","Anger"],"picked":"Shrug It Off","floor":8.0},{"not_picked":["Flex","Burning Pact"],"picked":"Feel No Pain","floor":11.0},{"not_picked":["Anger","Shrug It Off"],"picked":"Seeing Red","floor":12.0},{"not_picked":["Intimidate","Armaments"],"picked":"Rage","floor":14.0},{"not_picked":["Double Tap","Immolate"],"picked":"Impervious","floor":16.0},{"not_picked":["Feel No Pain","Twin Strike"],"picked":"Entrench","floor":17.0},{"not_picked":["Body Slam+1","Ghostly Armor"],"picked":"Power Through+1","floor":18.0},{"not_picked":["Havoc","Pommel Strike"],"picked":"Evolve","floor":20.0},{"not_picked":["Clothesline","Thunderclap"],"picked":"Warcry","floor":22.0},{"not_picked":["Heavy Blade+1","Power Through","True Grit"],"picked":"SKIP","floor":23.0},{"not_picked":["Clothesline","Searing Blow","Rampage+1"],"picked":"SKIP","floor":25.0},{"not_picked":["Limit Break","Dark Embrace"],"picked":"Pommel Strike+1","floor":27.0},{"not_picked":["Power Through","Flame Barrier"],"picked":"Second Wind+1","floor":28.0},{"not_picked":["Shrug It Off","Anger+1"],"picked":"Corruption","floor":29.0},{"not_picked":["Sword Boomerang+1","Perfected Strike","Impervious"],"picked":"SKIP","floor":31.0},{"not_picked":["Berserk","Brutality"],"picked":"Barricade","floor":33.0},{"not_picked":["Warcry+1","Headbutt+1"],"picked":"Shrug It Off+1","floor":35},{"not_picked":["Berserk","Reckless Charge+1","Armaments"],"picked":"SKIP","floor":39},{"not_picked":["Rupture","Armaments","Combust"],"picked":"SKIP","floor":40},{"not_picked":["Iron Wave+1","True Grit","Heavy Blade"],"picked":"SKIP","floor":41},{"not_picked":["Pommel Strike","Wild Strike"],"picked":"Power Through+1","floor":45},{"not_picked":["Anger+1","Heavy Blade+1","Thunderclap"],"picked":"SKIP","floor":47},{"not_picked":["Havoc","Thunderclap","Shrug It Off"],"picked":"SKIP","floor":48}],"player_experience":535187,"relics_obtained":[{"floor":7.0,"key":"Lantern"},{"floor":9.0,"key":"Mercury Hourglass"},{"floor":20.0,"key":"Red Mask"},{"floor":23.0,"key":"Old Coin"},{"floor":26.0,"key":"Mummified Hand"},{"floor":27.0,"key":"Regal Pillow"},{"floor":29.0,"key":"Blue Candle"},{"floor":40,"key":"Potion Belt"},{"floor":43,"key":"Red Skull"},{"floor":45,"key":"Bottled Lightning"}],"event_choices":[{"damage_healed":0.0,"max_hp_gain":0.0,"max_hp_loss":0.0,"gold_gain":0.0,"event_name":"Dead Adventurer","player_choice":"Searched \u00272\u0027 times","floor":12.0,"gold_loss":0.0,"damage_taken":0.0,"relics_obtained":["Juzu Bracelet"]},{"damage_healed":0.0,"max_hp_gain":0.0,"max_hp_loss":0.0,"gold_gain":100.0,"event_name":"Golden Shrine","player_choice":"Pray","floor":13.0,"gold_loss":0.0,"damage_taken":0.0},{"damage_healed":0.0,"max_hp_gain":0.0,"max_hp_loss":0.0,"gold_gain":0.0,"event_name":"Back to Basics","player_choice":"Simplicity","floor":19.0,"gold_loss":0.0,"damage_taken":0.0,"cards_upgraded":["Strike_R","Strike_R","Strike_R","Strike_R","Strike_R","Defend_R","Defend_R","Defend_R","Defend_R"]},{"damage_healed":0.0,"max_hp_gain":0.0,"max_hp_loss":0.0,"gold_gain":0.0,"event_name":"Masked Bandits","player_choice":"Fought Bandits","floor":20.0,"gold_loss":0.0,"damage_taken":0.0},{"cards_removed":["Strike_R"],"damage_healed":0,"gold_gain":0,"player_choice":"Purged","damage_taken":0,"max_hp_gain":0,"max_hp_loss":0,"event_name":"Purifier","floor":36,"gold_loss":0},{"cards_removed":["Defend_R"],"damage_healed":0,"gold_gain":0,"player_choice":"Removed Skill","damage_taken":0,"max_hp_gain":0,"max_hp_loss":0,"event_name":"Falling","floor":37,"gold_loss":0},{"damage_healed":0,"gold_gain":222,"player_choice":"Wore Mask","damage_taken":0,"max_hp_gain":0,"max_hp_loss":0,"event_name":"Tomb of Lord Red Mask","floor":46,"gold_loss":0}],"is_beta":false,"boss_relics":[{"not_picked":["Black Blood","Fusion Hammer"],"picked":"Tiny House"},{"not_picked":["Calling Bell","Astrolabe"],"picked":"Sozu"}],"items_purged_floors":[21,30],"is_endless":false,"potions_floor_spawned":[1,8,11,12,14,16,20,25,28,29,33,35,39,41,45,48],"ascension_level":5}}