{"host":"x7xd4wkamhrqrrvw","time":1611881120,"event":{"mods":["AchievementEnabler","BaseMod","Minty Spire (QoL Compilation)","StSLib"],"gold_per_floor":[110,110,122,209,221,233,270,282,294,339,367,393,405,417,429,518,530,555,567,592,225,237,268,268,268,268,281,281,381,416,416,416,493,493,506,506,525,525,525,558,558,558,558,574,121,121,149,169,169,169,169,169,9,38,38],"floor_reached":56,"language":"ENG","playtime":2544,"items_purged":["Strike_G","Strike_G","Strike_G"],"score":2144,"play_id":"e1e13af8-e5e9-4422-9c81-79d045140043","local_time":"20210128224520","is_ascension_mode":true,"campfire_choices":[{"data":"Dash","floor":6,"key":"SMITH"},{"data":"Neutralize","floor":8,"key":"SMITH"},{"data":"Survivor","floor":13,"key":"SMITH"},{"floor":15,"key":"RECALL"},{"data":"Crippling Poison","floor":24,"key":"SMITH"},{"data":"Venomology","floor":28,"key":"SMITH"},{"data":"Noxious Fumes","floor":32,"key":"SMITH"},{"data":"Wraith Form v2","floor":42,"key":"SMITH"},{"data":"Wraith Form v2","floor":46,"key":"SMITH"},{"data":"Wraith Form v2","floor":49,"key":"SMITH"},{"data":"Sadistic Nature","floor":52,"key":"SMITH"}],"circlet_count":0,"master_deck":["AscendersBane","Strike_G","Defend_G","Defend_G","Defend_G","Defend_G","Defend_G","Survivor+1","Neutralize+1","Dash+1","PiercingWail","Heel Hook+1","Poisoned Stab+1","Glass Knife+1","Crippling Poison+1","Venomology+1","Crippling Poison","Noxious Fumes+1","Wraith Form v2+1","Riddle With Holes+1","Wraith Form v2+1","Wraith Form v2+1","Sadistic Nature+1"],"relics":["Ring of the Snake","NeowsBlessing","MawBank","Thread and Needle","Molten Egg 2","Snake Skull","Velvet Choker","Membership Card","Pocketwatch","Boot","Enchiridion","InkBottle","Calipers","Singing Bowl","Tiny Chest","Mummified Hand","Black Star","MealTicket","Gremlin Horn","Mercury Hourglass","Medical Kit","Happy Flower","StoneCalendar","Dream Catcher","Darkstone Periapt","Akabeko","Pantograph","Centennial Puzzle"],"acts_visited":["Exordium","TheCity","TheBeyond","TheEnding"],"potions_floor_usage":[16,16,23,23,27,27,29,29,29,33,40,40,40,40,44,47,50,54,55,55,55],"damage_taken":[{"damage":0,"enemies":"2 Louse","floor":1,"turns":1},{"damage":0,"enemies":"Gremlin Nob","floor":7,"turns":1},{"damage":0,"enemies":"Lagavulin","floor":10,"turns":1},{"damage":0,"enemies":"Jaw Worm","floor":11,"turns":4},{"damage":0,"enemies":"Small Slimes","floor":12,"turns":4},{"damage":40,"enemies":"Hexaghost","floor":16,"turns":16},{"damage":0,"enemies":"Chosen","floor":18,"turns":4},{"damage":0,"enemies":"3 Byrds","floor":20,"turns":5},{"damage":0,"enemies":"Cultist and Chosen","floor":22,"turns":5},{"damage":4,"enemies":"Gremlin Leader","floor":23,"turns":6},{"damage":0,"enemies":"Snecko","floor":27,"turns":5},{"damage":0,"enemies":"Colosseum Slavers","floor":29,"turns":4},{"damage":0,"enemies":"Colosseum Nobs","floor":29,"turns":4},{"damage":1,"enemies":"Book of Stabbing","floor":30,"turns":5},{"damage":0,"enemies":"Automaton","floor":33,"turns":8},{"damage":0,"enemies":"Orb Walker","floor":35,"turns":3},{"damage":0,"enemies":"3 Shapes","floor":37,"turns":3},{"damage":1,"enemies":"Nemesis","floor":40,"turns":7},{"damage":0,"enemies":"3 Darklings","floor":44,"turns":4},{"damage":0,"enemies":"Giant Head","floor":47,"turns":7},{"damage":0,"enemies":"Spire Growth","floor":48,"turns":4},{"damage":3,"enemies":"Awakened One","floor":50,"turns":9},{"damage":0,"enemies":"Shield and Spear","floor":54,"turns":6},{"damage":86,"enemies":"The Heart","floor":55,"turns":11}],"seed_played":"-6102203380246160484","potions_obtained":[{"floor":1,"key":"CunningPotion"},{"floor":12,"key":"SpeedPotion"},{"floor":20,"key":"Block Potion"},{"floor":22,"key":"Swift Potion"},{"floor":23,"key":"Fruit Juice"},{"floor":27,"key":"Fire Potion"},{"floor":37,"key":"DistilledChaos"},{"floor":40,"key":"SkillPotion"},{"floor":48,"key":"DuplicationPotion"}],"is_trial":false,"path_per_floor":["M","?","?","?","?","R","E","R","T","E","M","M","R","$","R","B",null,"M","?","M","$","M","E","R","?","T","M","R","?","E","T","R","B",null,"M","?","M","T","?","E","?","R","T","M","$","R","E","M","R","B",null,"R","$","E","B",null],"character_chosen":"THE_SILENT","items_purchased":["Membership Card","Pocketwatch","Venomology","Medical Kit","Sadistic Nature","Happy Flower","StoneCalendar","Akabeko","Strength Potion"],"campfire_rested":0,"item_purchase_floors":[21,21,21,45,45,45,45,53,53],"current_hp_per_floor":[63,51,51,40,45,45,45,45,45,45,45,45,45,45,45,5,58,58,58,58,58,58,59,59,43,43,43,43,43,42,42,42,42,71,73,73,75,75,75,74,74,74,74,76,82,82,84,86,86,83,85,85,86,88,2],"gold":38,"neow_bonus":"THREE_ENEMY_KILL","is_daily":false,"chose_seed":false,"campfire_upgraded":10,"win_rate":0.0,"timestamp":1611881120,"path_taken":["M","?","?","?","?","R","E","R","T","E","M","M","R","$","R","BOSS","M","?","M","$","M","E","R","?","T","M","R","?","E","?","R","BOSS","M","?","?","?","?","E","?","R","T","M","$","R","E","M","R","BOSS","R","$","E","BOSS"],"items_purchased_type":["Relic","Relic","Card","Relic","Card","Relic","Relic","Relic","Potion"],"build_version":"2020-12-22","purchased_purges":3,"victory":true,"max_hp_per_floor":[70,70,70,70,75,75,75,75,75,75,75,75,75,75,75,75,75,75,75,75,75,75,80,80,80,80,80,80,80,80,80,80,80,80,82,82,84,84,80,80,80,80,80,82,82,82,84,86,86,86,86,86,86,88,88],"card_choices":[{"not_picked":["Dagger Spray","Quick Slash"],"picked":"Dash","floor":1},{"not_picked":["Heel Hook","Outmaneuver"],"picked":"PiercingWail","floor":7},{"not_picked":["Underhanded Strike+1","A Thousand Cuts"],"picked":"Heel Hook+1","floor":10},{"not_picked":["Deflect","Tactician","Flying Knee+1"],"picked":"SKIP","floor":11},{"not_picked":["Quick Slash+1","Flechettes+1"],"picked":"Poisoned Stab+1","floor":12},{"not_picked":["Bullet Time","Unload+1"],"picked":"Glass Knife+1","floor":16},{"not_picked":["Infinite Blades","Predator+1","Blade Dance"],"picked":"SKIP","floor":18},{"not_picked":["Dagger Throw+1","Sucker Punch+1","Underhanded Strike+1"],"picked":"SKIP","floor":20},{"not_picked":["Prepared","Finisher+1","PiercingWail"],"picked":"SKIP","floor":22},{"not_picked":["Eviscerate+1","Infinite Blades","Setup+1"],"picked":"SKIP","floor":23},{"not_picked":["Prepared","Flying Knee+1","Storm of Steel"],"picked":"SKIP","floor":27},{"not_picked":["Prepared","Skewer+1"],"picked":"Crippling Poison","floor":29},{"not_picked":["Eviscerate+1","Bullet Time"],"picked":"Noxious Fumes","floor":30},{"not_picked":["Unload+1","Night Terror"],"picked":"Wraith Form v2","floor":33},{"not_picked":["Well Laid Plans","Backflip","Cloak And Dagger"],"picked":"Singing Bowl","floor":35},{"not_picked":["Flying Knee+1","Poisoned Stab+1","Deflect"],"picked":"Singing Bowl","floor":37},{"not_picked":["Slice+1","Backflip"],"picked":"Wraith Form v2","floor":40},{"not_picked":["Blade Dance+1","Backflip","Blur+1"],"picked":"Singing Bowl","floor":44},{"not_picked":["Dodge and Roll","Underhanded Strike+1","Backflip"],"picked":"Singing Bowl","floor":47},{"not_picked":["Bane+1","Sucker Punch+1","Acrobatics"],"picked":"Singing Bowl","floor":48},{"not_picked":["Caltrops","Escape Plan+1","Acrobatics+1"],"picked":"Singing Bowl","floor":54}],"player_experience":407324,"relics_obtained":[{"floor":7,"key":"Thread and Needle"},{"floor":9,"key":"Molten Egg 2"},{"floor":10,"key":"Snake Skull"},{"floor":23,"key":"Boot"},{"floor":25,"key":"Enchiridion"},{"floor":26,"key":"InkBottle"},{"floor":29,"key":"Calipers"},{"floor":29,"key":"Singing Bowl"},{"floor":30,"key":"Tiny Chest"},{"floor":31,"key":"Mummified Hand"},{"floor":40,"key":"MealTicket"},{"floor":40,"key":"Gremlin Horn"},{"floor":43,"key":"Mercury Hourglass"},{"floor":47,"key":"Dream Catcher"},{"floor":47,"key":"Darkstone Periapt"},{"floor":54,"key":"Pantograph"},{"floor":54,"key":"Centennial Puzzle"}],"event_choices":[{"damage_healed":0,"gold_gain":0,"player_choice":"Success","damage_taken":12,"relics_obtained":["MawBank"],"max_hp_gain":0,"max_hp_loss":0,"event_name":"Scrap Ooze","floor":2,"gold_loss":0},{"damage_healed":0,"gold_gain":0,"player_choice":"Ignored","damage_taken":0,"max_hp_gain":0,"max_hp_loss":0,"event_name":"Liars Game","floor":3,"gold_loss":0},{"damage_healed":0,"gold_gain":75,"player_choice":"Gather Gold","damage_taken":11,"max_hp_gain":0,"max_hp_loss":0,"event_name":"World of Goop","floor":4,"gold_loss":0},{"damage_healed":0,"gold_gain":0,"player_choice":"Donut","damage_taken":0,"max_hp_gain":5,"max_hp_loss":0,"event_name":"Big Fish","floor":5,"gold_loss":0},{"damage_healed":0,"gold_gain":0,"player_choice":"Read","damage_taken":0,"max_hp_gain":0,"max_hp_loss":0,"event_name":"The Library","floor":19,"gold_loss":0,"cards_obtained":["Crippling Poison"]},{"damage_healed":0,"gold_gain":0,"player_choice":"Obtained Book","damage_taken":16,"max_hp_gain":0,"max_hp_loss":0,"event_name":"Cursed Tome","floor":25,"gold_loss":0},{"damage_healed":0,"gold_gain":0,"player_choice":"Fight","damage_taken":0,"max_hp_gain":0,"max_hp_loss":0,"event_name":"Colosseum","floor":29,"gold_loss":0},{"damage_healed":0,"gold_gain":0,"player_choice":"Fought Nobs","damage_taken":0,"max_hp_gain":0,"max_hp_loss":0,"event_name":"Colosseum","floor":29,"gold_loss":0},{"damage_healed":0,"gold_gain":0,"cards_transformed":["Strike_G"],"player_choice":"Transformed","damage_taken":0,"max_hp_gain":0,"max_hp_loss":0,"event_name":"Transmorgrifier","floor":36,"gold_loss":0,"cards_obtained":["Riddle With Holes"]},{"damage_healed":0,"gold_gain":0,"player_choice":"Max HP","damage_taken":0,"max_hp_gain":0,"max_hp_loss":4,"event_name":"Winding Halls","floor":39,"gold_loss":0},{"damage_healed":0,"gold_gain":0,"player_choice":"Copied","damage_taken":0,"max_hp_gain":0,"max_hp_loss":0,"event_name":"Duplicator","floor":41,"gold_loss":0,"cards_obtained":["Wraith Form v2"]}],"is_beta":false,"boss_relics":[{"not_picked":["Coffee Dripper","Tiny House"],"picked":"Velvet Choker"},{"not_picked":["Sozu","SacredBark"],"picked":"Black Star"}],"items_purged_floors":[21,45,53],"is_endless":false,"potions_floor_spawned":[1,12,20,22,23,27,37,40,48,54],"ascension_level":13}}