{"host":"ibtxpp7hbhk6t4eo","time":1611918835,"event":{"mods":["BaseMod","Downfall","Minty Spire (QoL Compilation)","StSLib","Waifu the Spire"],"gold_per_floor":[99,115,132,132,146,176,176,208,227,264,301,341,380,418,444,557,569,381,403,515,545,568,608,608,608,627,662,662,697,708,733,743,846,846,746,766,778,533,533,633,633,663,695,721,750,58,84,100,117,117,117,147,30,30,30,30],"floor_reached":57,"language":"ZHS","playtime":3604,"items_purged":[],"score":2280,"play_id":"ed050c54-ebea-4047-a6d8-849d891c0904","local_time":"20210129191355","daily_mods":["SealedDeck","Vintage","Heirloom","Time Dilation","Flight","DeadlyEvents","Cursed Run","Elite Swarm"],"is_ascension_mode":false,"campfire_choices":[{"data":"sneckomod:SnekBeam","floor":1,"key":"SMITH"},{"data":"sneckomod:SnakeSap","floor":18,"key":"SMITH"},{"floor":28,"key":"RECALL"},{"data":"sneckomod:MorePower","floor":35,"key":"SMITH"},{"data":"1","floor":54,"key":"LIFT"}],"circlet_count":0,"master_deck":["sneckomod:UnknownUncommonSkill+1","sneckomod:Unknown1Cost+1","sneckomod:UnknownBlock+1","sneckomod:SnekBeam+1","sneckomod:SnakeSap+1","sneckomod:Nope+1","sneckomod:DefensiveFlair+1","sneckomod:ImprovisedAttack+1","sneckomod:IronFang+1","sneckomod:QuickBite+1","sneckomod:MorePower+1","Regret","sneckomod:UnknownRarePower+1","sneckomod:Unknown3Cost+1","sneckomod:SoulCleanse+1","sneckomod:SerpentMind+1","sneckomod:UnknownRareAttack+1","Pain","sneckomod:DangerNoodle+1","sneckomod:UnknownBoss+1","sneckomod:Mudshield+1","downfall:Icky","Clumsy","sneckomod:Unknown3Cost+1","hexamod:ThirdSeal","sneckomod:SoulCleanse+1","sneckomod:SoulDraw+1","sneckomod:CheapStock+1","sneckomod:UnknownCommonSkill+1","sneckomod:QuickMove+1","sneckomod:SlitherStrike+1","sneckomod:Unknown3Cost+1","sneckomod:UnknownRarePower+1","Regret","hexamod:SixthSeal","sneckomod:UnlimitedRolls+1","downfall:Haunted","sneckomod:SerpentMind+1","CurseOfTheBell","downfall:Bewildered","sneckomod:MorePower+1","downfall:Haunted","Normality","Clumsy","sneckomod:Cheat+1","sneckomod:UnknownRareAttack+1","sneckomod:UnknownRareSkill+1","sneckomod:UnknownRarePower+1","sneckomod:UnknownRareAttack+1","sneckomod:Restock+1","sneckomod:MasterEye+1","sneckomod:DiceBlock+1","Pain","sneckomod:UnknownRareAttack+1","downfall:Icky","downfall:Bewildered"],"relics":["Cursed Key","Darkstone Periapt","Du-Vu Doll","sneckomod:UnknownEgg","Guardian:GemstoneGun","Shuriken","Nunchaku","Bird Faced Urn","Frozen Egg 2","Tiny Chest","MawBank","Orichalcum","Bag of Preparation","Guardian:PocketSentry","sneckomod:BlankCard","Bronze Scales","Snecko Eye","downfall:HeartBlessingGreen","downfall:HeartBlessingBlue","Potion Belt","Turnip","Blue Candle","Omamori","Toxic Egg 2","sneckomod:LoadedDie","Art of War","sneckomod:ConfusingCodex","Lizard Tail","bronze:BronzeIdol","Gremlin Horn","Whetstone","Toy Ornithopter","Calling Bell","MealTicket","Sundial","Mango","downfall:HeartBlessingRed","Lantern","The Courier","Slimebound:StickyStick","Happy Flower","Pantograph","Unceasing Top","Ice Cream","Eternal Feather","Girya","PreservedInsect","hexamod:BolsterEngine","hexamod:CandleOfCauterizing","Vajra","Pen Nib","Meat on the Bone","Torii","Blood Vial","War Paint","Akabeko"],"acts_visited":["Exordium","TheCity","TheBeyond","TheEnding"],"potions_floor_usage":[23,23,56,56,56,56,56,56,56,56,56,56],"damage_taken":[{"damage":0,"enemies":"Jaw Worm","floor":2,"turns":2},{"damage":0,"enemies":"Cultist","floor":3,"turns":1},{"damage":0,"enemies":"Small Slimes","floor":5,"turns":1},{"damage":0,"enemies":"3 Sentries","floor":6,"turns":3},{"damage":0,"enemies":"Gremlin Nob","floor":8,"turns":2},{"damage":0,"enemies":"3 Louse","floor":9,"turns":1},{"damage":8,"enemies":"Lagavulin","floor":10,"turns":5},{"damage":7,"enemies":"Gremlin Nob","floor":12,"turns":2},{"damage":14,"enemies":"3 Sentries","floor":13,"turns":3},{"damage":0,"enemies":"Blue Slaver","floor":15,"turns":1},{"damage":9,"enemies":"SI_SHIV_ARCHETYPE","floor":16,"turns":3},{"damage":9,"enemies":"Shell Parasite","floor":19,"turns":2},{"damage":4,"enemies":"Colosseum Nobs","floor":20,"turns":2},{"damage":10,"enemies":"Shelled Parasite and Fungi","floor":21,"turns":1},{"damage":0,"enemies":"Cultist and Chosen","floor":22,"turns":2},{"damage":1,"enemies":"downfall:FleeingMerchant","floor":23,"turns":1},{"damage":0,"enemies":"Snake Plant","floor":26,"turns":1},{"damage":19,"enemies":"Slavers","floor":27,"turns":3},{"damage":20,"enemies":"Book of Stabbing","floor":29,"turns":1},{"damage":0,"enemies":"Centurion and Healer","floor":30,"turns":1},{"damage":1,"enemies":"Shelled Parasite and Fungi","floor":32,"turns":2},{"damage":0,"enemies":"WA_ARCHETYPE_CALM","floor":33,"turns":2},{"damage":0,"enemies":"3 Shapes","floor":36,"turns":1},{"damage":5,"enemies":"3 Darklings","floor":37,"turns":2},{"damage":1,"enemies":"Nemesis","floor":42,"turns":1},{"damage":22,"enemies":"Giant Head","floor":43,"turns":3},{"damage":24,"enemies":"Reptomancer","floor":44,"turns":2},{"damage":2,"enemies":"Giant Head","floor":45,"turns":4},{"damage":7,"enemies":"Reptomancer","floor":47,"turns":1},{"damage":4,"enemies":"4 Shapes","floor":48,"turns":1},{"damage":9,"enemies":"Transient","floor":49,"turns":4},{"damage":16,"enemies":"IC_BLOCK_ARCHETYPE","floor":50,"turns":1},{"damage":11,"enemies":"downfall:CharBossMerchant","floor":52,"turns":2},{"damage":36,"enemies":"downfall:NeowBoss","floor":55,"turns":6},{"damage":52,"enemies":"downfall:NeowBossFinal","floor":56,"turns":3}],"seed_played":"-8793494602163229500","potions_obtained":[{"floor":5,"key":"Dexterity Potion"},{"floor":8,"key":"Regen Potion"},{"floor":9,"key":"SpeedPotion"},{"floor":12,"key":"sneckomod:CheatPotion"},{"floor":19,"key":"EntropicBrew"},{"floor":20,"key":"Weak Potion"},{"floor":27,"key":"CultistPotion"},{"floor":29,"key":"Regen Potion"}],"is_trial":true,"path_per_floor":["R","M","M","?","M","E","T","E","M","E","T","E","E","T","M","B",null,"R","M","?","M","M","$","T","T","M","E","R","E","M","T","M","B",null,"R","M","M","$","?","?","T","E","E","E","E","$","E","M","M","B",null,"E","$","R","B","B",null],"character_chosen":"THE_SNECKO","items_purchased":["sneckomod:LoadedDie","sneckomod:QuickMove+1","sneckomod:SlitherStrike","Slimebound:StickyStick","Happy Flower","PreservedInsect","hexamod:BolsterEngine","hexamod:CandleOfCauterizing","Vajra","Pen Nib","Akabeko"],"campfire_rested":0,"item_purchase_floors":[23,23,23,38,38,46,46,46,46,46,53],"current_hp_per_floor":[90,90,90,90,90,90,96,96,96,92,98,93,85,91,93,100,114,124,123,122,114,124,124,124,124,124,113,113,112,116,122,130,136,156,156,156,156,156,156,179,185,185,182,185,184,185,182,178,185,191,191,191,191,191,185,203],"gold":30,"neow_bonus":"","is_daily":false,"chose_seed":false,"campfire_upgraded":3,"win_rate":0.0,"timestamp":1611918835,"path_taken":["R","M","M","?","?","E","T","E","?","E","?","E","?","?","M","BOSS","R","M","?","?","?","$","T","?","?","?","R","E","?","?","M","BOSS","R","M","M","$","?","?","T","E","E","E","E","$","E","?","M","BOSS","E","$","R","BOSS","BOSS"],"items_purchased_type":["Relic","Card","Card","Relic","Relic","Relic","Relic","Relic","Relic","Relic","Relic"],"build_version":"2020-12-22","purchased_purges":0,"victory":true,"max_hp_per_floor":[90,90,90,90,90,90,96,96,96,96,102,102,102,108,108,114,114,124,124,124,124,124,124,124,124,124,124,124,124,124,130,130,136,156,156,156,156,156,156,179,185,185,185,185,185,185,185,185,185,191,191,191,191,191,197,203],"card_choices":[{"not_picked":["sneckomod:SoulExchange","sneckomod:DangerNoodle"],"picked":"sneckomod:MorePower","floor":6},{"not_picked":["sneckomod:DiceCrush+1","sneckomod:SnakeSap+1"],"picked":"sneckomod:UnknownRarePower+1","floor":8},{"not_picked":["sneckomod:Restock","sneckomod:Cheat"],"picked":"sneckomod:Unknown3Cost+1","floor":8},{"not_picked":["sneckomod:QuickBite+1","sneckomod:UnknownCommonSkill+1"],"picked":"sneckomod:SoulCleanse+1","floor":10},{"not_picked":["sneckomod:UnknownDraw+1","sneckomod:UnknownCommonSkill+1"],"picked":"sneckomod:SerpentMind+1","floor":10},{"not_picked":["sneckomod:UnknownRareSkill+1","sneckomod:SoulExchange"],"picked":"sneckomod:UnknownRareAttack+1","floor":10},{"not_picked":["sneckomod:Restock","sneckomod:UnknownRareSkill+1"],"picked":"sneckomod:DangerNoodle","floor":12},{"not_picked":["sneckomod:UnknownCommonSkill+1","sneckomod:ImprovisedAttack+1"],"picked":"sneckomod:UnknownBoss+1","floor":13},{"not_picked":["sneckomod:SoulExchange","sneckomod:DangerNoodle"],"picked":"sneckomod:Mudshield+1","floor":13},{"not_picked":["sneckomod:MorePower+1","sneckomod:Restock"],"picked":"sneckomod:Unknown3Cost+1","floor":16},{"not_picked":["hexamod:FourthSeal","hexamod:SecondSeal"],"picked":"hexamod:ThirdSeal","floor":19},{"not_picked":["sneckomod:UnknownBlock+1","sneckomod:UnknownUncommonPower+1"],"picked":"sneckomod:SoulCleanse+1","floor":20},{"not_picked":["sneckomod:RainOfDice","sneckomod:UnknownClassSLIMEBOUND+1"],"picked":"sneckomod:SoulDraw+1","floor":22},{"not_picked":["sneckomod:DiceBlock+1","sneckomod:DiceBoulder+1"],"picked":"sneckomod:CheapStock+1","floor":22},{"not_picked":["sneckomod:UnknownDraw+1","sneckomod:Unknown3Cost+1"],"picked":"sneckomod:UnknownCommonSkill+1","floor":23},{"not_picked":["sneckomod:DangerNoodle","sneckomod:Mudshield+1"],"picked":"sneckomod:Unknown3Cost+1","floor":27},{"not_picked":["sneckomod:Restock+1","sneckomod:UnknownRareSkill+1"],"picked":"sneckomod:UnknownRarePower+1","floor":29},{"not_picked":["hexamod:SecondSeal","hexamod:ThirdSeal"],"picked":"hexamod:SixthSeal","floor":32},{"not_picked":["sneckomod:UnknownClassBLUE+1","sneckomod:SerpentMind+1"],"picked":"sneckomod:UnlimitedRolls+1","floor":32},{"not_picked":["sneckomod:UnlimitedRolls+1","sneckomod:SoulExchange+1"],"picked":"sneckomod:SerpentMind+1","floor":33},{"not_picked":["sneckomod:Mudshield+1","sneckomod:SoulExchange+1"],"picked":"sneckomod:Cheat+1","floor":42},{"not_picked":["sneckomod:UnknownRareSkill+1","sneckomod:MorePower+1"],"picked":"sneckomod:UnknownRareAttack+1","floor":43},{"not_picked":["sneckomod:DangerNoodle","sneckomod:MorePower+1"],"picked":"sneckomod:UnknownRareSkill+1","floor":44},{"not_picked":["sneckomod:UnknownBoss+1","sneckomod:UnknownRareSkill+1"],"picked":"sneckomod:UnknownRarePower+1","floor":44},{"not_picked":["sneckomod:UnknownBoss+1","sneckomod:Unknown3Cost+1"],"picked":"sneckomod:UnknownRareAttack+1","floor":45},{"not_picked":["sneckomod:UnlimitedRolls+1","sneckomod:UnknownBoss+1"],"picked":"sneckomod:Restock+1","floor":47},{"not_picked":["sneckomod:CheapStock+1","sneckomod:WideSting+1"],"picked":"sneckomod:MasterEye+1","floor":49},{"not_picked":["sneckomod:MorePower+1","sneckomod:RainOfDice+1"],"picked":"sneckomod:DiceBlock+1","floor":49},{"not_picked":["sneckomod:UnlimitedRolls+1","sneckomod:SerpentMind+1"],"picked":"sneckomod:UnknownRareAttack+1","floor":52},{"not_picked":["sneckomod:DangerNoodle","sneckomod:UnlimitedRolls+1","sneckomod:MorePower+1"],"picked":"SKIP","floor":52}],"player_experience":73489,"relics_obtained":[{"floor":2,"key":"Guardian:GemstoneGun"},{"floor":3,"key":"Shuriken"},{"floor":5,"key":"Nunchaku"},{"floor":6,"key":"Bird Faced Urn"},{"floor":7,"key":"Frozen Egg 2"},{"floor":8,"key":"Tiny Chest"},{"floor":9,"key":"MawBank"},{"floor":10,"key":"Orichalcum"},{"floor":12,"key":"Bag of Preparation"},{"floor":13,"key":"Guardian:PocketSentry"},{"floor":14,"key":"sneckomod:BlankCard"},{"floor":15,"key":"Bronze Scales"},{"floor":19,"key":"Potion Belt"},{"floor":20,"key":"Turnip"},{"floor":20,"key":"Blue Candle"},{"floor":21,"key":"Omamori"},{"floor":22,"key":"Toxic Egg 2"},{"floor":24,"key":"Art of War"},{"floor":25,"key":"sneckomod:ConfusingCodex"},{"floor":26,"key":"Lizard Tail"},{"floor":27,"key":"bronze:BronzeIdol"},{"floor":29,"key":"Gremlin Horn"},{"floor":31,"key":"Whetstone"},{"floor":32,"key":"Toy Ornithopter"},{"floor":34,"key":"MealTicket"},{"floor":34,"key":"Sundial"},{"floor":34,"key":"Mango"},{"floor":36,"key":"Lantern"},{"floor":37,"key":"The Courier"},{"floor":41,"key":"Pantograph"},{"floor":42,"key":"Unceasing Top"},{"floor":43,"key":"Ice Cream"},{"floor":44,"key":"Eternal Feather"},{"floor":45,"key":"Girya"},{"floor":47,"key":"Meat on the Bone"},{"floor":48,"key":"Torii"},{"floor":49,"key":"Blood Vial"},{"floor":52,"key":"War Paint"}],"event_choices":[],"is_beta":false,"boss_relics":[{"not_picked":["Runic Dome","SacredBark"],"picked":"Snecko Eye"},{"not_picked":["SlaversCollar","Tiny House"],"picked":"Calling Bell"}],"items_purged_floors":[],"is_endless":false,"potions_floor_spawned":[5,8,9,12,15,16,19,20,27,29,33,42,44,47,49],"ascension_level":0}}