{"host":"ga4s3hj9m6nkn6gp","time":1611946954,"event":{"mods":["AchievementEnabler","BaseMod","Bestiary","Colored Powertips","Highlight Path","Minty Spire (QoL Compilation)","Relic Stats","everything is the same but u backflip on backflip"],"gold_per_floor":[110,130,130,130,145,170,170,202,202,216,216,216],"floor_reached":11,"language":"ENG","playtime":686,"items_purged":[],"score":166,"play_id":"4ced45b6-69d4-48e5-b1e6-c65b6b3f730e","local_time":"20210129200234","is_ascension_mode":true,"campfire_choices":[{"data":"Crippling Poison","floor":7,"key":"SMITH"}],"circlet_count":0,"master_deck":["AscendersBane","Strike_G","Strike_G","Strike_G","Strike_G","Strike_G","Defend_G","Defend_G","Defend_G","Defend_G","Defend_G","Survivor","Neutralize","Crippling Poison+1","All Out Attack+1","Bouncing Flask","Leg Sweep"],"relics":["Ring of the Snake","Prayer Wheel","StoneCalendar","Ice Cream"],"acts_visited":["Exordium"],"potions_floor_usage":[6,11],"damage_taken":[{"damage":9,"enemies":"Small Slimes","floor":1,"turns":6},{"damage":0,"enemies":"Cultist","floor":2,"turns":5},{"damage":0,"enemies":"2 Louse","floor":5,"turns":1},{"damage":15,"enemies":"Lagavulin","floor":6,"turns":6},{"damage":27,"enemies":"Gremlin Nob","floor":8,"turns":4},{"damage":13,"enemies":"Large Slime","floor":10,"turns":7},{"damage":10,"enemies":"3 Sentries","floor":11,"turns":2}],"seed_played":"-2745489005722206090","potions_obtained":[{"floor":5,"key":"LiquidMemories"},{"floor":6,"key":"SteroidPotion"}],"is_trial":false,"path_per_floor":["M","M","?","?","M","E","R","E","T","M","E"],"character_chosen":"THE_SILENT","items_purchased":[],"campfire_rested":0,"item_purchase_floors":[],"current_hp_per_floor":[56,56,61,61,61,46,46,19,19,6,0,0],"gold":216,"neow_bonus":"TEN_PERCENT_HP_BONUS","is_daily":false,"chose_seed":false,"campfire_upgraded":1,"win_rate":0.0,"timestamp":1611946954,"path_taken":["M","M","?","?","M","E","R","E","T","M","E"],"items_purchased_type":[],"build_version":"2020-12-22","purchased_purges":0,"victory":false,"max_hp_per_floor":[72,72,77,77,77,77,77,77,77,77,77,77],"relic_stats":{"counters":[7,31],"Prayer Wheel":1,"StoneCalendar":[16],"obtain_stats":[{"Ice Cream":9,"Prayer Wheel":6,"StoneCalendar":8,"Ring of the Snake":0},{"Ice Cream":5,"Prayer Wheel":4,"StoneCalendar":5,"Ring of the Snake":0},{"Ice Cream":22,"Prayer Wheel":18,"StoneCalendar":22,"Ring of the Snake":0}],"Ring of the Snake":[14]},"card_choices":[{"not_picked":["Dagger Throw","Underhanded Strike"],"picked":"Crippling Poison","floor":1},{"not_picked":["Terror","Dodge and Roll"],"picked":"All Out Attack","floor":2},{"not_picked":["Bane","Underhanded Strike"],"picked":"Bouncing Flask","floor":5},{"not_picked":["Sucker Punch","Deflect","Choke"],"picked":"SKIP","floor":6},{"not_picked":["Eviscerate","Prepared"],"picked":"Leg Sweep","floor":8},{"not_picked":["All Out Attack","Setup","Blade Dance"],"picked":"SKIP","floor":10},{"not_picked":["Caltrops","Distraction","Bane"],"picked":"SKIP","floor":10}],"player_experience":710795,"relics_obtained":[{"floor":6,"key":"Prayer Wheel"},{"floor":8,"key":"StoneCalendar"},{"floor":9,"key":"Ice Cream"}],"event_choices":[{"damage_healed":0,"gold_gain":0,"player_choice":"Donut","damage_taken":0,"max_hp_gain":5,"max_hp_loss":0,"event_name":"Big Fish","floor":3,"gold_loss":0},{"damage_healed":0,"gold_gain":0,"player_choice":"Forge","damage_taken":0,"max_hp_gain":0,"max_hp_loss":0,"event_name":"Accursed Blacksmith","floor":4,"gold_loss":0,"cards_upgraded":["All Out Attack"]}],"is_beta":false,"boss_relics":[],"items_purged_floors":[],"is_endless":false,"potions_floor_spawned":[5,6],"killed_by":"3 Sentries","ascension_level":20}}