{"host":"q9718omregw4er46","time":1611932668,"event":{"mods":["BaseMod","Bestiary","Colored Powertips","Custom Start","Minty Spire (QoL Compilation)","Practice Mode","Quick Restart","Relic Stats"],"gold_per_floor":[109,109,109,109,123,158,158,174,174,174,249,249,261,279,279,378,378,396,440,476,519,556,556,585,585,585,585,585,585,631,687,687,820,820,869,444,459,538,579,579,579],"floor_reached":40,"language":"ENG","playtime":1622,"items_purged":["Decay"],"score":530,"play_id":"a5bc770f-5b65-48fd-bc67-3de50df410e9","local_time":"20210129200428","is_ascension_mode":false,"campfire_choices":[{"data":"Eruption","floor":7,"key":"SMITH"},{"data":"CutThroughFate","floor":10,"key":"SMITH"},{"data":"FlyingSleeves","floor":12,"key":"SMITH"},{"data":"FlurryOfBlows","floor":15,"key":"SMITH"},{"data":"Wish","floor":23,"key":"SMITH"},{"data":"Wallop","floor":27,"key":"SMITH"},{"data":"SpiritShield","floor":29,"key":"SMITH"},{"data":"Meditate","floor":32,"key":"SMITH"}],"circlet_count":0,"master_deck":["Strike_P+1","Strike_P+1","Strike_P+1","Defend_P+1","Defend_P+1","Defend_P+1","Defend_P+1","Eruption+1","Vigilance","FlyingSleeves+1","FlurryOfBlows+1","CutThroughFate+1","BattleHymn","Crescendo","Wish+1","Wallop+1","JustLucky+1","Consecrate","SpiritShield+1","Meditate+1","Halt+1","Omniscience","ThirdEye+1","FlurryOfBlows","JustLucky","TalkToTheHand","MentalFortress","EmptyMind"],"relics":["PureWater","NeowsBlessing","Singing Bowl","Shuriken","Cursed Key","War Paint","StoneCalendar","Matryoshka","VioletLotus","Orrery"],"acts_visited":["Exordium","TheCity","TheBeyond"],"potions_floor_usage":[21,21,24,31,33,40],"damage_taken":[{"damage":0.0,"enemies":"Jaw Worm","floor":1.0,"turns":1.0},{"damage":0,"enemies":"Small Slimes","floor":5,"turns":1},{"damage":0,"enemies":"3 Sentries","floor":6,"turns":1},{"damage":3,"enemies":"2 Louse","floor":8,"turns":2},{"damage":12,"enemies":"Lots of Slimes","floor":13,"turns":3},{"damage":0,"enemies":"Blue Slaver","floor":14,"turns":2},{"damage":0,"enemies":"Slime Boss","floor":16,"turns":4},{"damage":2,"enemies":"3 Byrds","floor":18,"turns":4},{"damage":0,"enemies":"Chosen","floor":19,"turns":3},{"damage":20,"enemies":"Snake Plant","floor":20,"turns":4},{"damage":9,"enemies":"3 Cultists","floor":21,"turns":6},{"damage":8,"enemies":"Cultist and Chosen","floor":22,"turns":4},{"damage":13,"enemies":"Gremlin Leader","floor":24,"turns":5},{"damage":0,"enemies":"Centurion and Healer","floor":30,"turns":4},{"damage":21,"enemies":"Book of Stabbing","floor":31,"turns":6},{"damage":4,"enemies":"Collector","floor":33,"turns":6},{"damage":26,"enemies":"3 Darklings","floor":35,"turns":4},{"damage":2,"enemies":"Orb Walker","floor":37,"turns":5},{"damage":7,"enemies":"Transient","floor":38,"turns":5},{"damage":2,"enemies":"Sphere and 2 Shapes","floor":39,"turns":5},{"damage":51,"enemies":"Nemesis","floor":40,"turns":4}],"seed_played":"-1191506816617984423","potions_obtained":[{"floor":5,"key":"Regen Potion"},{"floor":14,"key":"LiquidMemories"},{"floor":16,"key":"StancePotion"},{"floor":22,"key":"EssenceOfSteel"},{"floor":30,"key":"Block Potion"},{"floor":31,"key":"Regen Potion"},{"floor":37,"key":"EssenceOfSteel"},{"floor":39,"key":"SpeedPotion"}],"is_trial":false,"path_per_floor":["M","?","?","?","M","E","R","M","T","R","?","R","M","M","R","B",null,"M","M","M","M","M","R","E","?","T","R","?","R","M","E","R","B",null,"M","$","M","M","M","E"],"character_chosen":"WATCHER","items_purchased":["Orrery","TalkToTheHand","MentalFortress","Strength Potion"],"campfire_rested":0,"item_purchase_floors":[36,36,36,36],"current_hp_per_floor":[72,65,58,58,58,60,60,57,57,57,46,46,34,34,34,34,74,72,74,56,62,54,54,41,41,41,41,41,41,43,22,22,35,82,56,58,58,53,51,0,0],"gold":579,"neow_bonus":"THREE_ENEMY_KILL","is_daily":false,"chose_seed":false,"campfire_upgraded":8,"win_rate":0.0,"timestamp":1611932668,"path_taken":["M","?","?","?","?","E","R","M","T","R","?","R","M","M","R","BOSS","M","M","M","M","M","R","E","?","T","R","?","R","?","E","R","BOSS","M","$","M","M","M","E"],"items_purchased_type":["Relic","Card","Card","Potion"],"build_version":"2020-12-22","purchased_purges":1,"victory":false,"max_hp_per_floor":[72,72,72,72,72,74,74,74,74,74,74,74,74,74,74,74,74,74,76,78,78,78,78,78,78,78,78,78,78,80,80,80,82,82,82,84,86,88,88,88,88],"relic_stats":{"Singing Bowl":16,"counters":[21,79],"Shuriken":[49],"StoneCalendar":[0],"VioletLotus":[5],"War Paint":["Defend_P","Defend_P"],"Cursed Key":0,"obtain_stats":[{"Matryoshka":31,"NeowsBlessing":0,"Singing Bowl":3,"Shuriken":6,"Orrery":36,"StoneCalendar":28,"VioletLotus":34,"PureWater":0,"War Paint":24,"Cursed Key":17},{"Matryoshka":15,"NeowsBlessing":0,"Singing Bowl":1,"Shuriken":3,"Orrery":17,"StoneCalendar":13,"VioletLotus":16,"PureWater":0,"War Paint":13,"Cursed Key":7},{"Matryoshka":50,"NeowsBlessing":0,"Singing Bowl":1,"Shuriken":3,"Orrery":60,"StoneCalendar":40,"VioletLotus":56,"PureWater":0,"War Paint":40,"Cursed Key":14}]},"card_choices":[{"not_picked":["JustLucky","Collect"],"picked":"FlyingSleeves","floor":1.0},{"not_picked":["EmptyBody","Protect"],"picked":"FlurryOfBlows","floor":5},{"not_picked":["ReachHeaven","InnerPeace","Prostrate"],"picked":"Singing Bowl","floor":6},{"not_picked":["FollowUp","WheelKick"],"picked":"CutThroughFate","floor":8},{"not_picked":["FlyingSleeves","Pray"],"picked":"BattleHymn","floor":13},{"not_picked":["DeceiveReality","FlyingSleeves"],"picked":"Crescendo","floor":14},{"not_picked":["Scrawl","DeusExMachina"],"picked":"Wish","floor":16},{"not_picked":["Nirvana","ClearTheMind"],"picked":"Wallop","floor":18},{"not_picked":["ClearTheMind","EmptyBody","BattleHymn"],"picked":"Singing Bowl","floor":19},{"not_picked":["Perseverance+1","Crescendo","Prostrate"],"picked":"Singing Bowl","floor":20},{"not_picked":["Vengeance+1","ConjureBlade"],"picked":"JustLucky+1","floor":21},{"not_picked":["ClearTheMind","Crescendo"],"picked":"Consecrate","floor":22},{"not_picked":["BowlingBash","Indignation"],"picked":"SpiritShield","floor":24},{"not_picked":["WaveOfTheHand+1","PathToVictory","Crescendo"],"picked":"Singing Bowl","floor":30},{"not_picked":["Vengeance+1","ReachHeaven"],"picked":"Meditate","floor":31},{"not_picked":["Judgement","Alpha","Ragnarok"],"picked":"Singing Bowl","floor":33},{"not_picked":["Swivel","Prostrate"],"picked":"Halt+1","floor":35},{"not_picked":["FlurryOfBlows","Crescendo"],"picked":"Omniscience","floor":36},{"not_picked":["DeceiveReality","Brilliance"],"picked":"ThirdEye+1","floor":36},{"not_picked":["CutThroughFate","ThirdEye+1"],"picked":"FlurryOfBlows","floor":36},{"not_picked":["Blasphemy","SashWhip","BowlingBash"],"picked":"Singing Bowl","floor":36},{"not_picked":["Swivel+1","Fasting2"],"picked":"JustLucky","floor":36},{"not_picked":["FollowUp","Evaluate","CrushJoints+1"],"picked":"Singing Bowl","floor":37},{"not_picked":["ThirdEye+1","SandsOfTime","FollowUp"],"picked":"Singing Bowl","floor":38},{"not_picked":["Alpha","CrushJoints+1"],"picked":"EmptyMind","floor":39}],"player_experience":758194,"relics_obtained":[{"floor":6,"key":"Shuriken"},{"floor":24,"key":"War Paint"},{"floor":31,"key":"Matryoshka"}],"event_choices":[{"cards_removed":["Strike_P"],"damage_healed":0.0,"max_hp_gain":0.0,"max_hp_loss":0.0,"gold_gain":0.0,"event_name":"Golden Wing","player_choice":"Card Removal","floor":2.0,"gold_loss":0.0,"damage_taken":7.0},{"damage_healed":0.0,"max_hp_gain":0.0,"max_hp_loss":0.0,"gold_gain":0.0,"event_name":"Scrap Ooze","player_choice":"Success","floor":3.0,"gold_loss":0.0,"damage_taken":7.0,"relics_obtained":["Singing Bowl"]},{"damage_healed":0,"gold_gain":0,"player_choice":"Cursed","damage_taken":0,"max_hp_gain":0,"max_hp_loss":0,"event_name":"Wheel of Change","floor":4,"gold_loss":0,"cards_obtained":["Decay"]},{"damage_healed":0,"gold_gain":75,"player_choice":"Gather Gold","damage_taken":11,"max_hp_gain":0,"max_hp_loss":0,"event_name":"World of Goop","floor":11,"gold_loss":0},{"damage_healed":0,"gold_gain":0,"player_choice":"Simplicity","damage_taken":0,"max_hp_gain":0,"max_hp_loss":0,"event_name":"Back to Basics","floor":25,"gold_loss":0,"cards_upgraded":["Strike_P","Strike_P","Strike_P","Defend_P","Defend_P"]},{"damage_healed":0,"gold_gain":0,"player_choice":"Gave Potion","damage_taken":0,"relics_obtained":["StoneCalendar"],"max_hp_gain":0,"max_hp_loss":0,"event_name":"WeMeetAgain","floor":28,"gold_loss":0}],"is_beta":false,"boss_relics":[{"not_picked":["Sozu","Runic Dome"],"picked":"Cursed Key"},{"not_picked":["HolyWater","Black Star"],"picked":"VioletLotus"}],"items_purged_floors":[36],"is_endless":false,"potions_floor_spawned":[5,14,16,18,19,22,30,31,37,39],"killed_by":"Nemesis","ascension_level":0}}