{"host":"lh9qfzqeqctr28d2","time":1611922004,"event":{"mods":["BaseMod","CapriCore","Luminous","Minty Spire (QoL Compilation)","Quick Restart","Relic Stats","Remilia£®¿Ÿ√◊¿Ú—«£©","StSLib","Yakumo Yukari mod"],"gold_per_floor":[114,34,34,34,45,73,73,146,191,191,191,206,206,222,222,321,321,339,339,358,377,377,377],"floor_reached":22,"language":"ZHS","playtime":709,"items_purged":[],"score":230,"play_id":"1f580129-a03b-4ac5-ad43-6d17a543a9c3","local_time":"20210129200644","is_ascension_mode":true,"campfire_choices":[{"data":"Cloak And Dagger","floor":7,"key":"SMITH"},{"data":"Infinite Blades","floor":11,"key":"SMITH"},{"floor":15,"key":"REST"}],"circlet_count":0,"master_deck":["Strike_G","Strike_G","Strike_G","Strike_G","Defend_G+1","Defend_G","Defend_G+1","Defend_G","Defend_G","Survivor","Neutralize","Cloak And Dagger+1","Infinite Blades+1","Cloak And Dagger","Dagger Spray+1","Envenom"],"relics":["Ring of the Snake","NeowsBlessing","Bottled Lightning","Centennial Puzzle","Molten Egg 2","HoveringKite","Nloth\u0027s Gift"],"acts_visited":["Exordium","TheCity"],"potions_floor_usage":[16,20,20],"damage_taken":[{"damage":0,"enemies":"Cultist","floor":1,"turns":1},{"damage":0,"enemies":"Jaw Worm","floor":5,"turns":1},{"damage":0,"enemies":"Lagavulin","floor":6,"turns":1},{"damage":0,"enemies":"Small Slimes","floor":12,"turns":3},{"damage":5,"enemies":"Looter","floor":14,"turns":3},{"damage":60,"enemies":"Slime Boss","floor":16,"turns":16},{"damage":12,"enemies":"3 Byrds","floor":18,"turns":5},{"damage":28,"enemies":"Chosen","floor":20,"turns":7},{"damage":18,"enemies":"Snecko","floor":21,"turns":6},{"damage":20,"enemies":"Centurion and Healer","floor":22,"turns":5}],"seed_played":"-6259647043109408194","potions_obtained":[{"floor":6,"key":"Explosive Potion"},{"floor":12,"key":"SpeedPotion"},{"floor":16,"key":"DuplicationPotion"},{"floor":18,"key":"SkillPotion"},{"floor":21,"key":"DuplicationPotion"}],"is_trial":false,"path_per_floor":["M","$","?","?","M","E","R","T","T","?","R","M","?","M","R","B",null,"M","?","M","M","M"],"character_chosen":"THE_SILENT","items_purchased":["Infinite Blades"],"campfire_rested":1,"item_purchase_floors":[2],"current_hp_per_floor":[70,70,75,68,68,68,68,68,68,61,61,61,46,41,63,3,75,63,63,35,17,0,0],"gold":377,"neow_bonus":"THREE_ENEMY_KILL","is_daily":false,"chose_seed":false,"campfire_upgraded":2,"win_rate":0.0,"timestamp":1611922004,"path_taken":["M","?","?","?","M","E","R","?","T","?","R","?","?","M","R","BOSS","M","?","M","M","M"],"items_purchased_type":["Card"],"build_version":"2020-12-22","purchased_purges":0,"victory":false,"max_hp_per_floor":[70,70,75,75,75,75,75,75,75,75,75,75,75,75,75,75,75,75,75,75,75,75,75],"relic_stats":{"Centennial Puzzle":[18],"counters":[10,48],"HoveringKite":[5],"Nloth\u0027s Gift":0,"obtain_stats":[{"Centennial Puzzle":9,"NeowsBlessing":0,"HoveringKite":17,"Molten Egg 2":10,"Nloth\u0027s Gift":19,"Bottled Lightning":6,"Toxic Egg 2":8,"Ring of the Snake":0},{"Centennial Puzzle":3,"NeowsBlessing":0,"HoveringKite":6,"Molten Egg 2":3,"Nloth\u0027s Gift":7,"Bottled Lightning":3,"Toxic Egg 2":3,"Ring of the Snake":0},{"Centennial Puzzle":3,"NeowsBlessing":0,"HoveringKite":25,"Molten Egg 2":3,"Nloth\u0027s Gift":30,"Bottled Lightning":3,"Toxic Egg 2":3,"Ring of the Snake":0}],"Ring of the Snake":[20]},"card_choices":[{"not_picked":["Deadly Poison","Bane"],"picked":"Cloak And Dagger","floor":1},{"not_picked":["Footwork","Leg Sweep","Outmaneuver"],"picked":"SKIP","floor":5},{"not_picked":["Phantasmal Killer","Dagger Throw"],"picked":"Cloak And Dagger","floor":6},{"not_picked":["Poisoned Stab+1","Endless Agony+1"],"picked":"Dagger Spray+1","floor":12},{"not_picked":["Prepared+1","Dagger Spray+1","Outmaneuver+1"],"picked":"SKIP","floor":14},{"not_picked":["Night Terror+1","Unload+1"],"picked":"Envenom","floor":16},{"not_picked":["Caltrops","Predator+1","Footwork"],"picked":"SKIP","floor":18},{"not_picked":["Concentrate","Deadly Poison","Outmaneuver"],"picked":"SKIP","floor":20},{"not_picked":["Skewer+1","Underhanded Strike+1","Sucker Punch+1"],"picked":"SKIP","floor":21}],"player_experience":463065,"relics_obtained":[{"floor":6,"key":"Bottled Lightning"},{"floor":8,"key":"Toxic Egg 2"},{"floor":9,"key":"Centennial Puzzle"}],"event_choices":[{"damage_healed":0,"gold_gain":0,"player_choice":"Donut","damage_taken":0,"max_hp_gain":5,"max_hp_loss":0,"event_name":"Big Fish","floor":3,"gold_loss":0},{"cards_removed":["Strike_G"],"damage_healed":0,"gold_gain":0,"player_choice":"Card Removal","damage_taken":7,"max_hp_gain":0,"max_hp_loss":0,"event_name":"Golden Wing","floor":4,"gold_loss":0},{"damage_healed":0,"gold_gain":0,"player_choice":"Success","damage_taken":7,"relics_obtained":["Molten Egg 2"],"max_hp_gain":0,"max_hp_loss":0,"event_name":"Scrap Ooze","floor":10,"gold_loss":0},{"damage_healed":0,"gold_gain":0,"player_choice":"Entered Light","damage_taken":15,"max_hp_gain":0,"max_hp_loss":0,"event_name":"Shining Light","floor":13,"gold_loss":0,"cards_upgraded":["Defend_G","Defend_G"]},{"damage_healed":0,"gold_gain":0,"player_choice":"Traded Relic","damage_taken":0,"relics_obtained":["Nloth\u0027s Gift"],"max_hp_gain":0,"max_hp_loss":0,"event_name":"N\u0027loth","floor":19,"relics_lost":["Toxic Egg 2"],"gold_loss":0}],"is_beta":false,"boss_relics":[{"not_picked":["Cursed Key","Black Star"],"picked":"HoveringKite"}],"items_purged_floors":[],"is_endless":false,"potions_floor_spawned":[6,12,16,18,21],"killed_by":"Centurion and Healer","ascension_level":2}}