{"host":"2wp95sdfrgw3k439","time":1611897627,"event":{"mods":["BaseMod","Better Altar","Better Skull","Better Third Choice","Curses Come First","Minty Spire (QoL Compilation)","Permanent Neow","StSLib"],"gold_per_floor":[10,23,38,51,66,66,98,98,98,173,141,141,141,217,217,321,321,336,336,353,132,132,164,164,164,164,164,196,210,227,240,240,340,340,351,365,365,415,415,447,20,32,32,58,76,90,118,118,118,118],"floor_reached":51,"language":"ENG","playtime":2551,"items_purged":["Strike_G","Writhe"],"score":1068,"play_id":"7335ec38-342f-474d-8909-de3fd3216727","local_time":"20210128222027","is_ascension_mode":true,"campfire_choices":[{"floor":6,"key":"REST"},{"floor":8,"key":"REST"},{"floor":12,"key":"REST"},{"floor":15,"key":"REST"},{"floor":25,"key":"REST"},{"data":"Predator","floor":27,"key":"SMITH"},{"floor":32,"key":"REST"},{"floor":49,"key":"REST"}],"circlet_count":0,"master_deck":["Strike_G","Strike_G","Strike_G","Defend_G","Defend_G","Defend_G","Defend_G","Defend_G","Survivor","Neutralize","Terror","Predator+1","Cloak And Dagger","Crippling Poison","Backflip","Dash","Corpse Explosion","Prepared+1","Night Terror","Neutralize","Necronomicurse","Dagger Spray+1","Riddle With Holes+1","Setup+1","Phantasmal Killer+1","Terror+1","Bullet Time+1","Jack Of All Trades+1","Choke","After Image"],"relics":["Ring of the Snake","The Specimen","Du-Vu Doll","Question Card","Bottled Flame","Philosopher\u0027s Stone","Lee\u0027s Waffle","Necronomicon","Mummified Hand","MutagenicStrength","Dead Branch","Toxic Egg 2","Fusion Hammer","Tingsha","Omamori","Singing Bowl","StrikeDummy","TungstenRod","Anchor"],"acts_visited":["Exordium","TheCity","TheBeyond"],"potions_floor_usage":[2,7,16,28,33,42,45,50,50],"damage_taken":[{"damage":1,"enemies":"Cultist","floor":1,"turns":4},{"damage":8,"enemies":"Small Slimes","floor":2,"turns":6},{"damage":7,"enemies":"Jaw Worm","floor":3,"turns":4},{"damage":2,"enemies":"Exordium Wildlife","floor":4,"turns":5},{"damage":14,"enemies":"Gremlin Gang","floor":5,"turns":7},{"damage":19,"enemies":"Gremlin Nob","floor":7,"turns":5},{"damage":11,"enemies":"Exordium Thugs","floor":11,"turns":5},{"damage":18,"enemies":"The Guardian","floor":16,"turns":14},{"damage":19,"enemies":"3 Byrds","floor":18,"turns":3},{"damage":19,"enemies":"Shell Parasite","floor":20,"turns":8},{"damage":31,"enemies":"Gremlin Leader","floor":23,"turns":5},{"damage":3,"enemies":"Book of Stabbing","floor":28,"turns":3},{"damage":0,"enemies":"Snecko","floor":29,"turns":2},{"damage":10,"enemies":"Centurion and Healer","floor":30,"turns":4},{"damage":0,"enemies":"Sentry and Sphere","floor":31,"turns":2},{"damage":24,"enemies":"Automaton","floor":33,"turns":6},{"damage":8,"enemies":"3 Shapes","floor":35,"turns":2},{"damage":0,"enemies":"Orb Walker","floor":36,"turns":1},{"damage":0,"enemies":"Mind Bloom Boss Battle","floor":38,"turns":2},{"damage":4,"enemies":"Giant Head","floor":40,"turns":5},{"damage":0,"enemies":"Spire Growth","floor":42,"turns":2},{"damage":13,"enemies":"Nemesis","floor":44,"turns":3},{"damage":0,"enemies":"4 Shapes","floor":45,"turns":3},{"damage":1,"enemies":"Sphere and 2 Shapes","floor":46,"turns":3},{"damage":3,"enemies":"Giant Head","floor":47,"turns":5},{"damage":65,"enemies":"Awakened One","floor":50,"turns":9}],"seed_played":"-2067451247143882912","potions_obtained":[{"floor":1,"key":"GamblersBrew"},{"floor":5,"key":"Block Potion"},{"floor":7,"key":"Dexterity Potion"},{"floor":20,"key":"SteroidPotion"},{"floor":23,"key":"Ancient Potion"},{"floor":29,"key":"Fire Potion"},{"floor":31,"key":"Swift Potion"},{"floor":36,"key":"SneckoOil"},{"floor":42,"key":"Dexterity Potion"},{"floor":45,"key":"Dexterity Potion"},{"floor":46,"key":"Explosive Potion"}],"is_trial":false,"path_per_floor":["M","M","M","M","M","R","E","R","T","?","M","R","?","T","R","B",null,"M","?","M","$","?","E","?","R","T","R","E","M","M","M","R","B",null,"M","M","?","?","?","E","$","M","T","E","M","M","E","?","R","B",null],"character_chosen":"THE_SILENT","items_purchased":["Lee\u0027s Waffle","Singing Bowl","Jack Of All Trades+1"],"campfire_rested":7,"item_purchase_floors":[21,41,41],"current_hp_per_floor":[62,54,47,45,31,52,33,54,54,43,32,53,46,46,67,49,65,46,46,27,77,61,30,30,53,53,53,50,50,40,40,63,39,68,60,60,77,77,77,73,73,75,75,62,62,63,62,62,83,18],"gold":118,"neow_bonus":"ONE_RARE_RELIC","is_daily":false,"chose_seed":false,"campfire_upgraded":1,"win_rate":0.0,"timestamp":1611897627,"path_taken":["M","M","M","M","M","R","E","R","T","?","M","R","?","?","R","BOSS","M","?","?","$","?","E","?","R","T","R","E","M","M","M","R","BOSS","M","M","?","?","?","E","$","M","T","E","M","?","E","?","R","BOSS"],"items_purchased_type":["Relic","Relic","Card"],"build_version":"2020-12-22","purchased_purges":2,"victory":true,"max_hp_per_floor":[70,70,70,70,70,70,70,70,70,70,70,70,70,70,70,70,70,70,70,70,77,77,77,77,77,77,77,77,77,77,77,77,77,77,77,77,77,77,77,77,77,79,79,79,79,81,83,83,83,83],"card_choices":[{"not_picked":["Finisher","PiercingWail"],"picked":"Terror","floor":1},{"not_picked":["Sucker Punch","Flying Knee"],"picked":"Predator","floor":2},{"not_picked":["Concentrate","Prepared","Bouncing Flask"],"picked":"SKIP","floor":3},{"not_picked":["Flechettes","Deflect"],"picked":"Cloak And Dagger","floor":4},{"not_picked":["Underhanded Strike","Catalyst"],"picked":"Crippling Poison","floor":5},{"not_picked":["Acrobatics","Dodge and Roll"],"picked":"Backflip","floor":7},{"not_picked":["Poisoned Stab","Burst","Well Laid Plans"],"picked":"Dash","floor":11},{"not_picked":["Tools of the Trade","Storm of Steel","Phantasmal Killer"],"picked":"Corpse Explosion","floor":16},{"not_picked":["Deflect","Reflex","Setup"],"picked":"Prepared+1","floor":18},{"not_picked":["Slice","PiercingWail+1","Concentrate","Dagger Spray"],"picked":"SKIP","floor":20},{"not_picked":["Well Laid Plans","Deflect","Sucker Punch+1"],"picked":"Dagger Spray+1","floor":23},{"not_picked":["Deflect+1","Endless Agony","Poisoned Stab+1","Underhanded Strike"],"picked":"SKIP","floor":28},{"not_picked":["Acrobatics+1","Predator+1","Quick Slash"],"picked":"Riddle With Holes+1","floor":29},{"not_picked":["Quick Slash","Heel Hook","Bane","Grand Finale"],"picked":"SKIP","floor":30},{"not_picked":["Outmaneuver+1","Cloak And Dagger+1","Dagger Throw"],"picked":"Setup+1","floor":31},{"not_picked":["Venomology+1","Tools of the Trade","Grand Finale"],"picked":"Phantasmal Killer+1","floor":33},{"not_picked":["Acrobatics+1","Dagger Throw+1","PiercingWail+1"],"picked":"Terror+1","floor":35},{"not_picked":["Bane+1","Dagger Throw","Quick Slash","Dodge and Roll+1"],"picked":"SKIP","floor":36},{"not_picked":["Slice","Dodge and Roll+1","Bane+1"],"picked":"Bullet Time+1","floor":40},{"not_picked":["Dagger Throw+1","Blade Dance+1","Dagger Spray","Acrobatics+1"],"picked":"Singing Bowl","floor":42},{"not_picked":["Setup+1","Sucker Punch","Riddle With Holes"],"picked":"Choke","floor":44},{"not_picked":["Catalyst+1","Backflip+1","Prepared+1"],"picked":"After Image","floor":45},{"not_picked":["Dagger Spray+1","Acrobatics+1","Deflect+1","Deadly Poison+1"],"picked":"Singing Bowl","floor":46},{"not_picked":["Endless Agony","Slice+1","Poisoned Stab+1","Outmaneuver+1"],"picked":"Singing Bowl","floor":47}],"player_experience":492076,"relics_obtained":[{"floor":7,"key":"Du-Vu Doll"},{"floor":9,"key":"Question Card"},{"floor":14,"key":"Bottled Flame"},{"floor":22,"key":"Necronomicon"},{"floor":23,"key":"Mummified Hand"},{"floor":26,"key":"Dead Branch"},{"floor":28,"key":"Toxic Egg 2"},{"floor":38,"key":"Tingsha"},{"floor":40,"key":"Omamori"},{"floor":43,"key":"StrikeDummy"},{"floor":44,"key":"TungstenRod"},{"floor":47,"key":"Anchor"}],"event_choices":[{"damage_healed":0,"gold_gain":75,"player_choice":"Gold","damage_taken":11,"max_hp_gain":0,"max_hp_loss":0,"event_name":"betterThird:BetterGoop","floor":10,"gold_loss":0},{"cards_removed":["Strike_G"],"damage_healed":0,"gold_gain":0,"player_choice":"Card Removal","damage_taken":7,"max_hp_gain":0,"max_hp_loss":0,"event_name":"Golden Wing","floor":13,"gold_loss":0},{"damage_healed":0,"gold_gain":0,"player_choice":"2 cards matched","damage_taken":0,"max_hp_gain":0,"max_hp_loss":0,"event_name":"Match and Keep!","floor":19,"gold_loss":0,"cards_obtained":["Night Terror","Neutralize"]},{"damage_healed":0,"gold_gain":0,"player_choice":"Obtained Book","damage_taken":16,"max_hp_gain":0,"max_hp_loss":0,"event_name":"Cursed Tome","floor":22,"gold_loss":0},{"damage_healed":0,"gold_gain":0,"player_choice":"Inject Mutagens","damage_taken":0,"relics_obtained":["MutagenicStrength"],"max_hp_gain":0,"max_hp_loss":0,"event_name":"Drug Dealer","floor":24,"gold_loss":0},{"damage_healed":19,"gold_gain":0,"player_choice":"Writhe","damage_taken":0,"max_hp_gain":0,"max_hp_loss":0,"event_name":"Winding Halls","floor":37,"gold_loss":0,"cards_obtained":["Writhe"]},{"damage_healed":0,"gold_gain":0,"player_choice":"Fight","damage_taken":0,"max_hp_gain":0,"max_hp_loss":0,"event_name":"MindBloom","floor":38,"gold_loss":0},{"damage_healed":0,"gold_gain":0,"player_choice":"Bought 0 Potions","damage_taken":0,"max_hp_gain":0,"max_hp_loss":0,"event_name":"The Woman in Blue","floor":39,"gold_loss":0},{"damage_healed":0,"gold_gain":0,"player_choice":"Cursed","damage_taken":0,"max_hp_gain":0,"max_hp_loss":0,"event_name":"Wheel of Change","floor":48,"gold_loss":0,"cards_obtained":["Decay"]}],"is_beta":false,"boss_relics":[{"not_picked":["Coffee Dripper","Velvet Choker"],"picked":"Philosopher\u0027s Stone"},{"not_picked":["Calling Bell","Tiny House"],"picked":"Fusion Hammer"}],"items_purged_floors":[21,41],"is_endless":false,"potions_floor_spawned":[1,5,7,20,23,29,31,36,42,44,45,46],"ascension_level":8}}