{"host":"zrwwt1jjq0fpdjej","time":1611882312,"event":{"mods":["AchievementEnabler","BaseMod","Colored Map","Minty Spire (QoL Compilation)","StSLib","SuperFastMode"],"gold_per_floor":[119,194,194,194,119,119,144,155,227,240,250,311,339,339,339,436,436,436,436],"floor_reached":18,"language":"KOR","playtime":850,"items_purged":["Defend_P"],"score":261,"play_id":"f629365e-ce2a-4dc6-9055-807ed042dee7","local_time":"20210129100512","is_ascension_mode":true,"campfire_choices":[{"floor":6.0,"key":"REST"},{"floor":15.0,"key":"REST"}],"circlet_count":0,"master_deck":["Strike_P","Strike_P","Strike_P","Strike_P+1","Defend_P","Defend_P","Defend_P","Eruption+1","Vigilance","EmptyBody","Protect","Evaluate","LessonLearned","Vault"],"relics":["PureWater","NeowsBlessing","Dream Catcher","Vajra","Singing Bowl","Frozen Egg 2","Tiny Chest","Bottled Lightning","SlaversCollar"],"acts_visited":["Exordium","TheCity"],"potions_floor_usage":[16],"damage_taken":[{"damage":0.0,"enemies":"Jaw Worm","floor":1.0,"turns":1.0},{"damage":0.0,"enemies":"Gremlin Nob","floor":7.0,"turns":1.0},{"damage":0.0,"enemies":"2 Louse","floor":8.0,"turns":1.0},{"damage":0.0,"enemies":"Small Slimes","floor":10.0,"turns":3.0},{"damage":3.0,"enemies":"Looter","floor":11.0,"turns":3.0},{"damage":15.0,"enemies":"3 Sentries","floor":12.0,"turns":7.0},{"damage":15.0,"enemies":"Lagavulin","floor":13.0,"turns":5.0},{"damage":49,"enemies":"The Guardian","floor":16,"turns":21},{"damage":2,"enemies":"Chosen","floor":18,"turns":7}],"seed_played":"-511017595086646968","potions_obtained":[{"floor":1.0,"key":"SpeedPotion"},{"floor":8.0,"key":"Fire Potion"},{"floor":12.0,"key":"BottledMiracle"},{"floor":16,"key":"StancePotion"}],"is_trial":false,"path_per_floor":["M","?","?","?","$","R","E","M","T","M","M","?","E","T","R","B",null,"M"],"character_chosen":"WATCHER","items_purchased":[],"campfire_rested":2,"item_purchase_floors":[],"current_hp_per_floor":[65,54,47,33,33,54,54,54,54,56,55,42,29,29,53,4,61,59,59],"gold":436,"neow_bonus":"THREE_ENEMY_KILL","is_daily":false,"chose_seed":false,"campfire_upgraded":0,"win_rate":0.0,"timestamp":1611882312,"path_taken":["M","?","?","?","?","R","E","?","T","M","M","?","E","?","R","BOSS","M"],"items_purchased_type":[],"build_version":"2020-12-22","purchased_purges":1,"victory":false,"max_hp_per_floor":[72,72,72,72,72,72,72,72,72,74,76,78,80,80,80,80,80,80,80],"card_choices":[{"not_picked":["ReachHeaven","Crescendo","Sanctity"],"picked":"SKIP","floor":1.0},{"not_picked":["Collect","Meditate"],"picked":"EmptyBody","floor":6.0},{"not_picked":["FlyingSleeves","EmptyBody"],"picked":"Protect","floor":7.0},{"not_picked":["FlyingSleeves","Halt"],"picked":"Evaluate","floor":8.0},{"not_picked":["Prostrate","ClearTheMind","EmptyBody"],"picked":"Singing Bowl","floor":10.0},{"not_picked":["Crescendo","Prostrate","Study"],"picked":"Singing Bowl","floor":11.0},{"not_picked":["Crescendo","Prostrate","Evaluate"],"picked":"Singing Bowl","floor":12.0},{"not_picked":["BowlingBash","EmptyBody","SignatureMove"],"picked":"Singing Bowl","floor":13.0},{"not_picked":["Perseverance","Protect"],"picked":"LessonLearned","floor":15.0},{"not_picked":["Alpha","MasterReality+1"],"picked":"Vault","floor":16}],"player_experience":219834,"relics_obtained":[{"floor":7.0,"key":"Vajra"},{"floor":9.0,"key":"Singing Bowl"},{"floor":12.0,"key":"Frozen Egg 2"},{"floor":13.0,"key":"Tiny Chest"},{"floor":14.0,"key":"Bottled Lightning"}],"event_choices":[{"damage_healed":0.0,"max_hp_gain":0.0,"max_hp_loss":0.0,"gold_gain":75.0,"event_name":"World of Goop","player_choice":"Gather Gold","floor":2.0,"gold_loss":0.0,"damage_taken":11.0},{"damage_healed":0.0,"max_hp_gain":0.0,"max_hp_loss":0.0,"gold_gain":0.0,"event_name":"Scrap Ooze","player_choice":"Success","floor":3.0,"gold_loss":0.0,"damage_taken":7.0,"relics_obtained":["Dream Catcher"]},{"damage_healed":0.0,"max_hp_gain":0.0,"max_hp_loss":0.0,"gold_gain":0.0,"event_name":"Shining Light","player_choice":"Entered Light","floor":4.0,"gold_loss":0.0,"damage_taken":14.0,"cards_upgraded":["Eruption","Strike_P"]},{"damage_healed":0.0,"max_hp_gain":0.0,"max_hp_loss":0.0,"gold_gain":30.0,"event_name":"Dead Adventurer","player_choice":"Searched \u00272\u0027 times","floor":12.0,"gold_loss":0.0,"damage_taken":0.0}],"is_beta":false,"boss_relics":[{"not_picked":["Ectoplasm","Velvet Choker"],"picked":"SlaversCollar"}],"items_purged_floors":[5],"is_endless":false,"potions_floor_spawned":[1,8,12,16],"killed_by":"Chosen","ascension_level":7}}