{"host":"qbjtml023iza03hb","time":1611932902,"event":{"mods":["AchievementEnabler","BaseMod","Better Sensory Stone","Hermit","Minty Spire (QoL Compilation)","StSLib","The Animator","The Cursed"],"gold_per_floor":[122,27,37,53,71,71,85,85,112,112,123,123,134,147,147,249,249,264,116,116,116,127,127,143,163,209,220,247,196,212,242,242,337,337,347,74,98,98,114,114,129,161,188,188,188],"floor_reached":44,"language":"FRA","playtime":6575,"items_purged":["animator:Evileye","animator:AcuraShin"],"score":483,"play_id":"e6455c27-9e44-4ed0-b858-a0f773d2773c","local_time":"20210129160822","is_ascension_mode":false,"campfire_choices":[{"data":"animator:Zero","floor":6.0,"key":"SMITH"},{"data":"animator:Demiurge","floor":8.0,"key":"SMITH"},{"data":"animator:GoblinSlayer","floor":10.0,"key":"SMITH"},{"data":"animator:UneriGinkaku","floor":12.0,"key":"SMITH"},{"data":"animator:SirTouchMe","floor":15.0,"key":"SMITH"},{"data":"animator:GoblinSlayer","floor":23.0,"key":"SMITH"},{"data":"animator:Biyorigo","floor":32.0,"key":"SMITH"},{"data":"animator:Kagari","floor":40.0,"key":"SMITH"}],"circlet_count":0,"master_deck":["animator:Azekura","animator:Emonzaemon","animator:HigakiRinne","animator:DwarfShaman","animator:Zero+1","animator:UneriGinkaku+1","animator:GoblinSlayer+1","animator:Spearman","animator:Demiurge+1","animator:Cocytus","animator:SirTouchMe+1","animator:Albedo+1","animator:DwarfShaman","animator:Biyorigo+1","animator:Cocytus+1","animator:DwarfShaman","animator:Rider+1","animator:Shichika","animator:GoblinSlayer+1","animator:Rimuru","animator:GazelDwargon+1","animator:Priestess+1","animator:Shion","animator:TsurugaMeisai+1","animator:Sebas","animator:SwordMaiden","animator:Witch","animator:Kagari+1","animator:Fredrika+1","animator:PandorasActor+1","animator:GazelDwargon","animator:Hakurou+1"],"relics":["animator:VividPicture","animator:TheMissingPiece","Bag of Preparation","animator:CursedGlyph","Pandora\u0027s Box","Ancient Tea Set","Whetstone","Strawberry"],"acts_visited":["Exordium","TheCity","TheBeyond"],"potions_floor_usage":[],"damage_taken":[{"damage":0.0,"enemies":"Cultist","floor":1.0,"turns":3.0},{"damage":2.0,"enemies":"Small Slimes","floor":3.0,"turns":4.0},{"damage":0.0,"enemies":"2 Louse","floor":4.0,"turns":2.0},{"damage":0.0,"enemies":"2 Fungi Beasts","floor":5.0,"turns":2.0},{"damage":0.0,"enemies":"Gremlin Gang","floor":7.0,"turns":4.0},{"damage":0.0,"enemies":"3 Louse","floor":11.0,"turns":2.0},{"damage":0.0,"enemies":"Exordium Thugs","floor":13.0,"turns":3.0},{"damage":0.0,"enemies":"2 Fungi Beasts","floor":14.0,"turns":2.0},{"damage":8.0,"enemies":"The Guardian","floor":16.0,"turns":7.0},{"damage":6.0,"enemies":"Chosen","floor":18.0,"turns":5.0},{"damage":0.0,"enemies":"Spheric Guardian","floor":22.0,"turns":3.0},{"damage":4.0,"enemies":"Snake Plant","floor":24.0,"turns":4.0},{"damage":0.0,"enemies":"Snecko","floor":25.0,"turns":5.0},{"damage":0.0,"enemies":"Centurion and Healer","floor":27.0,"turns":6.0},{"damage":12.0,"enemies":"Snake Plant","floor":28.0,"turns":6.0},{"damage":0.0,"enemies":"Snecko","floor":30.0,"turns":4.0},{"damage":0.0,"enemies":"animator:HornedBat","floor":31.0,"turns":7.0},{"damage":16.0,"enemies":"Collector","floor":33.0,"turns":9.0},{"damage":29.0,"enemies":"3 Darklings","floor":35.0,"turns":8.0},{"damage":0.0,"enemies":"3 Shapes","floor":37.0,"turns":8.0},{"damage":14.0,"enemies":"Sphere and 2 Shapes","floor":39.0,"turns":5.0},{"damage":17.0,"enemies":"Writhing Mass","floor":41.0,"turns":5.0},{"damage":17.0,"enemies":"Reptomancer","floor":42.0,"turns":7.0},{"damage":26,"enemies":"Transient","floor":44,"turns":4}],"seed_played":"1056721839128467662","potions_obtained":[{"floor":4.0,"key":"FearPotion"},{"floor":5.0,"key":"AttackPotion"},{"floor":7.0,"key":"SpeedPotion"},{"floor":14.0,"key":"Swift Potion"},{"floor":18.0,"key":"SkillPotion"},{"floor":22.0,"key":"DuplicationPotion"},{"floor":27.0,"key":"Fruit Juice"},{"floor":28.0,"key":"EssenceOfSteel"},{"floor":30.0,"key":"Weak Potion"},{"floor":35.0,"key":"PowerPotion"},{"floor":37.0,"key":"Fire Potion"},{"floor":38.0,"key":"FairyPotion"},{"floor":39.0,"key":"GamblersBrew"}],"is_trial":false,"path_per_floor":["M","$","M","M","M","R","M","R","T","R","M","R","M","M","R","B",null,"M","$","?","?","M","R","M","M","T","M","M","$","M","E","R","B",null,"M","$","M","?","M","R","M","E","T","M"],"character_chosen":"THE_ANIMATOR","items_purchased":["animator:Zero","animator:Shichika","SkillPotion","animator:Kagari","animator:FalseLifePotion"],"campfire_rested":0,"item_purchase_floors":[2,19,29,36,36],"current_hp_per_floor":[60,60,59,59,59,59,59,59,59,59,59,59,59,57,57,49,57,51,51,51,51,51,51,47,47,47,52,40,40,40,40,40,24,62,33,33,33,33,19,19,2,12,12,0,0],"gold":188,"neow_bonus":"THREE_RARE_CARDS","is_daily":false,"chose_seed":false,"campfire_upgraded":8,"win_rate":0.0,"timestamp":1611932902,"path_taken":["M","$","M","M","M","R","M","R","T","R","?","R","M","M","R","BOSS","M","$","?","?","M","R","M","M","T","M","M","$","M","E","R","BOSS","M","$","M","?","M","R","M","E","T","?"],"items_purchased_type":["Card","Card","Potion","Card","Potion"],"build_version":"2020-12-22","purchased_purges":2,"victory":false,"max_hp_per_floor":[60,60,61,61,61,61,61,61,61,61,61,61,61,57,57,57,57,57,57,57,57,57,57,57,57,57,62,62,62,62,62,62,62,62,62,62,62,62,62,62,62,69,69,69,69],"card_choices":[{"not_picked":["animator:Shizu","animator:Gilgamesh"],"picked":"animator:HigakiRinne","floor":0.0},{"not_picked":["animator:Entoma","animator:EmiyaShirou"],"picked":"animator:DwarfShaman","floor":1.0},{"not_picked":["animator:LizardPriest","animator:ShinjiMatou"],"picked":"animator:UneriGinkaku","floor":3.0},{"not_picked":["animator:Illya","animator:ChaikaBohdan"],"picked":"animator:GoblinSlayer","floor":4.0},{"not_picked":["animator:Priestess","animator:GuildGirl"],"picked":"animator:Spearman","floor":5.0},{"not_picked":["animator:Gillette","animator:Gilgamesh"],"picked":"animator:Demiurge","floor":7.0},{"not_picked":["animator:Caster","animator:Emonzaemon","animator:Tatsumaki"],"picked":"SKIP","floor":11.0},{"not_picked":["animator:Shuna","animator:Emonzaemon"],"picked":"animator:Cocytus","floor":13.0},{"not_picked":["animator:Demiurge","animator:Sebas"],"picked":"animator:SirTouchMe","floor":14.0},{"not_picked":["animator:ChaikaTrabant","animator:HigakiRinne"],"picked":"animator:Albedo","floor":16.0},{"not_picked":["animator:Archer","animator:RinTohsaka"],"picked":"animator:Rider+1","floor":18.0},{"not_picked":["animator:Vesta","animator:Genos"],"picked":"animator:GazelDwargon+1","floor":22.0},{"not_picked":["animator:ShinjiMatou","animator:Caster"],"picked":"animator:Priestess+1","floor":24.0},{"not_picked":["animator:Kaijin","animator:Souei"],"picked":"animator:Shion","floor":25.0},{"not_picked":["animator:Tatsumaki","animator:Layla+1","animator:Lancer"],"picked":"SKIP","floor":27.0},{"not_picked":["animator:Benimaru","animator:ChaikaBohdan"],"picked":"animator:TsurugaMeisai+1","floor":28.0},{"not_picked":["animator:Millim","animator:Spearman","animator:Assassin"],"picked":"SKIP","floor":30.0},{"not_picked":["animator:PandorasActor","animator:Evileye"],"picked":"animator:Sebas","floor":31.0},{"not_picked":["animator:Albedo","animator:Ainz"],"picked":"animator:SwordMaiden","floor":33.0},{"not_picked":["animator:Hakurou+1","animator:Emonzaemon"],"picked":"animator:Witch","floor":35.0},{"not_picked":["animator:Guy+1","animator:Priestess"],"picked":"animator:Fredrika+1","floor":37.0},{"not_picked":["animator:ShinjiMatou+1","animator:MumenRider"],"picked":"animator:PandorasActor+1","floor":39.0},{"not_picked":["animator:Kaijin","animator:Shuna"],"picked":"animator:GazelDwargon","floor":41.0},{"not_picked":["animator:Illya+1","animator:Tatsumaki"],"picked":"animator:Hakurou+1","floor":42.0}],"player_experience":500604,"relics_obtained":[{"floor":9.0,"key":"Bag of Preparation"},{"floor":14.0,"key":"animator:CursedGlyph"},{"floor":26.0,"key":"Ancient Tea Set"},{"floor":31.0,"key":"Whetstone"},{"floor":42.0,"key":"Strawberry"}],"event_choices":[{"damage_healed":0.0,"max_hp_gain":0.0,"max_hp_loss":0.0,"gold_gain":0.0,"event_name":"The Mausoleum","player_choice":"Ignored","floor":20.0,"gold_loss":0.0,"damage_taken":0.0},{"damage_healed":0.0,"max_hp_gain":0.0,"max_hp_loss":0.0,"gold_gain":0.0,"cards_transformed":["animator:Evileye","animator:Genos"],"event_name":"Drug Dealer","player_choice":"Became Test Subject","floor":21.0,"gold_loss":0.0,"damage_taken":0.0,"cards_obtained":["animator:GoblinSlayer","animator:Rimuru"]},{"damage_healed":0.0,"max_hp_gain":0.0,"max_hp_loss":0.0,"gold_gain":0.0,"event_name":"Lab","player_choice":"Got Potions","floor":38.0,"gold_loss":0.0,"damage_taken":0.0}],"is_beta":false,"boss_relics":[{"not_picked":["animator:RacePiece","Calling Bell"],"picked":"Pandora\u0027s Box"},{"not_picked":["Tiny House","Mark of Pain"],"picked":"animator:VividPicture"}],"items_purged_floors":[19,36],"is_endless":false,"potions_floor_spawned":[4,5,7,14,18,22,27,28,30,35,37,39],"killed_by":"Transient","ascension_level":0}}