{"host":"i58uscbei3sy5089","time":1611930978,"event":{"mods":["ATMod(°¢èªMod)","Act Like it!","BaseMod","Challenge The Spire","Colored Powertips","Conspire","Gensokyo","Infinite Spire","Lobotomy","LobotomyExtend","Minty Spire (QoL Compilation)","MostiFishMod","Quick Restart","Replay The Spire","Shop Mod","Spicy Shops","StSLib","TestMod","UnlockEverythingMod","[IsaacMod]ÒÔÈö¼âËþ","¡¾¹¦ÄÜMod¡¿»ìãçÖ®»·ÐÞ¸´²¹¶¡","¡¾ÒÅÎï¿¨ÅÆ¡¿REMEMod","óô»ðÖ¸ÄÏ"],"gold_per_floor":[279,289,308,21,35,71,71,71,71,33,48,48],"floor_reached":1,"language":"ZHS","playtime":612,"items_purged":["SpecialBullet"],"score":93,"play_id":"aa4c2471-4fb9-4e95-b1a0-c7d7ba123818","local_time":"20210129223618","is_ascension_mode":true,"campfire_choices":[],"circlet_count":0,"master_deck":["SpecialBullet","SpecialBullet","SpecialBullet","SpecialBullet","SpecialBullet","SpecialBullet","SpecialBullet","MostiFishMod:404NotFound+1","SecurityCode","WallGazer","InformationCode","OSAHOGD"],"relics":["CogitoBucket","testmod-TestBox","HushsDoor","DaveBox","AT_ATBox","REME_ComplimentaryCards","testmod-DeterminationOfClimber","MostiFishMod:AdaptiveDefenses","SteamSale","SynthV:TestCard","BirthdayGift-Icosahedron","Frozen Eye","AT_DeathDance","conspire:Dentures","Moonlight_r","AspirationHeart","SynthV:TestCard","LetterFromLob"],"acts_visited":["Exordium"],"potions_floor_usage":[],"damage_taken":[{"damage":8,"enemies":"Gensokyo:Gryphon","floor":1,"turns":3},{"damage":12,"enemies":"Gensokyo:Python","floor":2,"turns":3},{"damage":7,"enemies":"Gensokyo:2_Kodama","floor":3,"turns":2},{"damage":9,"enemies":"Gensokyo:VengefulSpirit","floor":5,"turns":2},{"damage":0,"enemies":"Gensokyo:Cirno","floor":6,"turns":4},{"damage":37,"enemies":"Cultist","floor":1,"turns":5}],"seed_played":"5789018276517316945","potions_obtained":[{"floor":5,"key":"Weak Potion"}],"is_trial":false,"path_per_floor":["M","M","M","COS","M","E","R","?","T","$","E","M"],"character_chosen":"Angela","items_purchased":[],"campfire_rested":0,"item_purchase_floors":[],"current_hp_per_floor":[62,57,57,57,68,70,70,77,77,77,52,52],"gold":48,"neow_bonus":"THREE_CARDS","is_daily":false,"chose_seed":false,"campfire_upgraded":0,"win_rate":0.0,"timestamp":1611930978,"path_taken":["M","M","M","COS","M","E","R","?","T","$","E","M"],"items_purchased_type":[],"build_version":"2020-12-22","purchased_purges":1,"victory":false,"max_hp_per_floor":[70,70,70,70,70,70,70,77,77,77,87,87],"card_choices":[{"not_picked":["GrinderMk4","SomewhereSpear"],"picked":"SKIP","floor":1},{"not_picked":["Loneliness","RapturousDream","RedEyes","CUTE"],"picked":"SKIP","floor":2},{"not_picked":["Reverberation","Galaxy","SolemnVow","Penitence"],"picked":"SKIP","floor":3},{"not_picked":["FairyFestival","WhitesApple"],"picked":"WallGazer","floor":5},{"not_picked":["Lamp","Lantern","Horn","Spore"],"picked":"SKIP","floor":5},{"not_picked":["Lantern","Diffraction","Amita","CUTE"],"picked":"SKIP","floor":6},{"not_picked":["QueenBee","Wellcheers"],"picked":"OSAHOGD","floor":1}],"player_experience":613814,"relics_obtained":[{"floor":1,"key":"SynthV:TestCard"},{"floor":1,"key":"LetterFromLob"},{"floor":6,"key":"AT_DeathDance"},{"floor":9,"key":"conspire:Dentures"},{"floor":1,"key":"SynthV:TestCard"},{"floor":1,"key":"LetterFromLob"}],"event_choices":[],"is_beta":false,"boss_relics":[],"items_purged_floors":[10],"is_endless":false,"potions_floor_spawned":[5],"killed_by":"Cultist","ascension_level":9}}