{"host":"h2977v3ax51ohsow","time":1611901015,"event":{"mods":["Act Like it!","BaseMod","Colored Powertips","Downfall","Koishi","Marisa£®ÏF”Í°°ƒß¿Ì…≥£©","Minty Spire (QoL Compilation)","Remilia£®¿Ÿ√◊¿Ú—«£©","Shop Mod","StSLib","The Bug Knight","The Servant 0.9.4"],"gold_per_floor":[99,99,99,99,99,99,99,99,99,99,99,99,99,99,99,99,99,99,99,99,99,24,24,24,24,24,24,24,24,24,24,24,24,24,24,24,24,24,24,24,24,24,24,24,24,24,24,24,24,24,24,24,24,24,24,24],"floor_reached":55,"language":"ZHS","playtime":4117,"items_purged":["HollowMod:FocusHealStart"],"score":832,"play_id":"1871e176-7dab-4cbc-ab78-5569492d1739","local_time":"20210129141655","is_ascension_mode":false,"campfire_choices":[{"data":"HollowMod:DescendingDark","floor":6.0,"key":"SMITH"},{"data":"HollowMod:VengefulVoid","floor":15.0,"key":"SMITH"},{"data":"HollowMod:SlysStrikes","floor":24.0,"key":"SMITH"},{"data":"HollowMod:ShadowDash","floor":30.0,"key":"SMITH"},{"data":"HollowMod:DescendingDark","floor":32.0,"key":"SMITH"},{"data":"HollowMod:SiblingsSouls","floor":42.0,"key":"SMITH"},{"data":"HollowMod:DreamGate","floor":46.0,"key":"SMITH"},{"floor":49,"key":"RECALL"},{"floor":52,"key":"REST"}],"circlet_count":0,"master_deck":["HollowMod:NailStrikeStart+1","HollowMod:NailStrikeStart","HollowMod:NailStrikeStart","HollowMod:NailStrikeStart","HollowMod:QuickDashStart","HollowMod:QuickDashStart","HollowMod:QuickDashStart","HollowMod:QuickDashStart","HollowMod:PogoStrike","HollowMod:SharpenedShadows+1","HollowMod:DoubleDash","HollowMod:DescendingDark+1","HollowMod:DescendingDark","HollowMod:BlackTendrils","HollowMod:BlackTendrils","HollowMod:DescendingDark","HollowMod:VengefulVoid+1","HollowMod:DreamGate+1","HollowMod:PerfectDash","HollowMod:SlysStrikes+1","HollowMod:ShadowDash+1","HollowMod:SiblingsSouls+1","HollowMod:MantisMark","HollowMod:DashSlash+1","HollowMod:DescendingDark+1","HollowMod:DescendingDark","HollowMod:WraithStrike+1","HollowMod:CloakDash+1","HollowMod:Weaversong+1","HollowMod:AbyssShriek+1","HollowMod:ShadowDash+1","HollowMod:SiblingsShadow+1","HollowMod:SiblingsShadow+1","HollowMod:LifebloodCocoon+1"],"relics":["Ectoplasm","Matryoshka","Torii","ScarletDevilRocket","Mango","Black Star","Bird Faced Urn","Toy Ornithopter","Blood Vial","Omamori","Frozen Egg 2","Bottled Flame","Old Coin","Pantograph","Philosopher\u0027s Stone","Question Card","Dream Catcher","HollowMod:LumaflyLanternRelic","AntiCross","Bag of Preparation","Kunai"],"acts_visited":["Exordium","TheCity","TheBeyond","TheEnding"],"potions_floor_usage":[50,50,54],"damage_taken":[{"damage":0.0,"enemies":"Cultist","floor":1.0,"turns":3.0},{"damage":1.0,"enemies":"Jaw Worm","floor":2.0,"turns":3.0},{"damage":3.0,"enemies":"Small Slimes","floor":3.0,"turns":4.0},{"damage":0.0,"enemies":"2 Fungi Beasts","floor":4.0,"turns":3.0},{"damage":3.0,"enemies":"Lots of Slimes","floor":5.0,"turns":2.0},{"damage":18.0,"enemies":"HollowMod:MossKnight","floor":7.0,"turns":9.0},{"damage":17.0,"enemies":"Exordium Wildlife","floor":8.0,"turns":2.0},{"damage":0.0,"enemies":"Blue Slaver","floor":10.0,"turns":2.0},{"damage":20.0,"enemies":"Lagavulin","floor":11.0,"turns":5.0},{"damage":0.0,"enemies":"3 Louse","floor":12.0,"turns":2.0},{"damage":1.0,"enemies":"Exordium Wildlife","floor":13.0,"turns":2.0},{"damage":31.0,"enemies":"HollowMod:FalseKnight","floor":16.0,"turns":6.0},{"damage":11.0,"enemies":"Chosen","floor":18.0,"turns":5.0},{"damage":8.0,"enemies":"Spheric Guardian","floor":19.0,"turns":3.0},{"damage":26.0,"enemies":"Shelled Parasite and Fungi","floor":20.0,"turns":5.0},{"damage":8.0,"enemies":"Centurion and Healer","floor":21.0,"turns":5.0},{"damage":14.0,"enemies":"HollowMod:Nosk","floor":23.0,"turns":6.0},{"damage":2.0,"enemies":"Sentry and Sphere","floor":25.0,"turns":5.0},{"damage":17.0,"enemies":"Book of Stabbing","floor":27.0,"turns":5.0},{"damage":0.0,"enemies":"Snecko","floor":28.0,"turns":2.0},{"damage":12.0,"enemies":"Cultist and Chosen","floor":29.0,"turns":3.0},{"damage":0.0,"enemies":"Slavers","floor":31.0,"turns":3.0},{"damage":32.0,"enemies":"Collector","floor":33.0,"turns":8.0},{"damage":13.0,"enemies":"3 Darklings","floor":35.0,"turns":2.0},{"damage":0.0,"enemies":"Orb Walker","floor":37.0,"turns":2.0},{"damage":49.0,"enemies":"HollowMod:SlobberingHusk","floor":39.0,"turns":5.0},{"damage":0.0,"enemies":"HollowMod:StalkingDevout","floor":40.0,"turns":4.0},{"damage":0.0,"enemies":"Writhing Mass","floor":41.0,"turns":4.0},{"damage":13.0,"enemies":"Giant Head","floor":44.0,"turns":5.0},{"damage":16.0,"enemies":"Transient","floor":45.0,"turns":5.0},{"damage":83,"enemies":"Time Eater","floor":50,"turns":7},{"damage":61,"enemies":"Shield and Spear","floor":54,"turns":4},{"damage":88,"enemies":"The Heart","floor":55,"turns":2}],"seed_played":"113557234569886367","potions_obtained":[{"floor":1.0,"key":"bronze:BurnAndBuffPotion"},{"floor":8.0,"key":"SpeedPotion"},{"floor":10.0,"key":"Ancient Potion"},{"floor":13.0,"key":"SkillPotion"},{"floor":16.0,"key":"EssenceOfSteel"},{"floor":18.0,"key":"LiquidBronze"},{"floor":21.0,"key":"Block Potion"},{"floor":29.0,"key":"DuplicationPotion"},{"floor":31.0,"key":"ColorlessPotion"},{"floor":33.0,"key":"Explosive Potion"},{"floor":36.0,"key":"Guardian:BlockOnCardUsePotion"},{"floor":36.0,"key":"ColorlessPotion"},{"floor":39.0,"key":"Ancient Potion"},{"floor":40.0,"key":"Explosive Potion"},{"floor":41.0,"key":"Weak Potion"},{"floor":45.0,"key":"Swift Potion"}],"is_trial":false,"path_per_floor":["M","M","M","M","M","R","E","M","T","M","E","M","M","?","R","B",null,"M","M","M","M","$","E","R","M","T","E","M","M","R","E","R","B",null,"M","?","M","?","M","E","M","R","T","E","M","R","$","$","R","B",null,"R","$","E","B"],"character_chosen":"THE_BUGKNIGHT","items_purchased":[],"campfire_rested":1,"item_purchase_floors":[],"current_hp_per_floor":[75,74,71,71,68,68,52,41,41,43,46,53,59,41,41,19,89,79,73,55,56,56,50,50,56,56,61,65,62,62,73,73,66,89,80,80,89,89,54,64,84,84,84,89,89,89,89,89,89,29,89,89,89,30,0,0],"gold":24,"neow_bonus":"BOSS_RELIC","is_daily":false,"chose_seed":false,"campfire_upgraded":7,"win_rate":0.0,"timestamp":1611901015,"path_taken":["M","M","M","?","M","R","E","M","T","M","E","M","M","?","R","BOSS","M","M","M","M","$","E","R","M","T","E","M","M","R","E","R","BOSS","M","?","?","?","M","E","M","R","T","E","?","R","?","$","R","BOSS","R","$","E","BOSS"],"items_purchased_type":[],"build_version":"2020-12-22","purchased_purges":1,"victory":false,"max_hp_per_floor":[75,75,75,75,75,75,75,75,75,75,89,89,89,89,89,89,89,89,89,89,89,89,89,89,89,89,89,89,89,89,89,89,89,89,89,89,89,89,89,89,89,89,89,89,89,89,89,89,89,89,89,89,89,89,89,89],"card_choices":[{"not_picked":["HollowMod:SoulStrike","HollowMod:CornifersMapStart"],"picked":"HollowMod:SharpenedShadows","floor":1.0},{"not_picked":["HollowMod:SiblingsSouls","HollowMod:ChannelNail"],"picked":"HollowMod:DoubleDash","floor":2.0},{"not_picked":["HollowMod:CornifersMapStart","HollowMod:WraithStrike"],"picked":"HollowMod:DescendingDark","floor":3.0},{"not_picked":["HollowMod:SoulStrike","HollowMod:TaintedHusks"],"picked":"HollowMod:DescendingDark","floor":4.0},{"not_picked":["HollowMod:CoiledNail","HollowMod:theNailsmith"],"picked":"HollowMod:BlackTendrils","floor":5.0},{"not_picked":["HollowMod:CloakDash","HollowMod:WraithStrike"],"picked":"HollowMod:BlackTendrils","floor":7.0},{"not_picked":["HollowMod:InfectedAttack","HollowMod:HowlingWraiths"],"picked":"HollowMod:DescendingDark","floor":8.0},{"not_picked":["HollowMod:NewLittleFool","HollowMod:SharpenedNail"],"picked":"HollowMod:VengefulVoid","floor":10.0},{"not_picked":["HollowMod:NewJinnsSoul","HollowMod:InfectionAssault","HollowMod:MidwifesHunger"],"picked":"SKIP","floor":11.0},{"not_picked":["HollowMod:HowlingWraiths","HollowMod:NewGlowingWomb"],"picked":"HollowMod:DreamGate","floor":12.0},{"not_picked":["HollowMod:SharpenedNail","HollowMod:SoulSplash"],"picked":"HollowMod:PerfectDash","floor":13.0},{"not_picked":["HollowMod:NewInfectedGuardian","HollowMod:theNailsmith"],"picked":"HollowMod:SlysStrikes","floor":16.0},{"not_picked":["HollowMod:DashSlash","HollowMod:VengefulVoid"],"picked":"HollowMod:ShadowDash","floor":18.0},{"not_picked":["HollowMod:SharpenedNail","HollowMod:BaldurShell+1","HollowMod:PureVessel"],"picked":"SKIP","floor":19.0},{"not_picked":["HollowMod:SharpenedNail","HollowMod:MothsMistake+1","HollowMod:FallenFury+1"],"picked":"SKIP","floor":20.0},{"not_picked":["HollowMod:DashSlash","HollowMod:CoiledNail"],"picked":"HollowMod:SiblingsSouls","floor":21.0},{"not_picked":["HollowMod:InfectedCysts","HollowMod:SoulEater"],"picked":"HollowMod:MantisMark","floor":23.0},{"not_picked":["HollowMod:InfectionAssault","HollowMod:LifebloodCocoon"],"picked":"HollowMod:DashSlash+1","floor":25.0},{"not_picked":["HollowMod:MantisMark+1","HollowMod:DungDefenderAura+1"],"picked":"HollowMod:DescendingDark","floor":27.0},{"not_picked":["HollowMod:SoulSplash","HollowMod:ShapeofUnn+1"],"picked":"HollowMod:DescendingDark","floor":28.0},{"not_picked":["HollowMod:SoulStrike","HollowMod:HornetsHelp"],"picked":"HollowMod:WraithStrike+1","floor":29.0},{"not_picked":["HollowMod:InfectedCysts","HollowMod:GreatSlash+1"],"picked":"HollowMod:CloakDash+1","floor":31.0},{"not_picked":["HollowMod:ElderbugsWisdom+1","HollowMod:theNailsmith"],"picked":"HollowMod:Weaversong+1","floor":33.0},{"not_picked":["HollowMod:GrimmsGift+1","HollowMod:PerfectDash+1"],"picked":"HollowMod:AbyssShriek+1","floor":35.0},{"not_picked":["HollowMod:SoulStrike","HollowMod:GreatSlash","HollowMod:ChannelNail+1"],"picked":"SKIP","floor":37.0},{"not_picked":["HollowMod:VengefulSpirit","HollowMod:InfectedAttack"],"picked":"HollowMod:ShadowDash+1","floor":39.0},{"not_picked":["HollowMod:HowlingWraiths","HollowMod:FallenFury+1","HollowMod:TaintedHusks"],"picked":"SKIP","floor":40.0},{"not_picked":["HollowMod:HeavyBlow","HollowMod:BrokenVessel+1","HollowMod:WraithStrike+1"],"picked":"HollowMod:SiblingsShadow+1","floor":41.0},{"not_picked":["HollowMod:SoulSplash+1","HollowMod:LifebloodCocoon","HollowMod:BrokenVessel+1","HollowMod:QuirrelsAssistance"],"picked":"SKIP","floor":44.0},{"not_picked":["HollowMod:DesolateDive","HollowMod:NewGlowingWomb+1","HollowMod:SoulEater+1"],"picked":"HollowMod:SiblingsShadow+1","floor":45.0},{"not_picked":["HollowMod:DescendingDark","HollowMod:LifebloodCore","HollowMod:Grubsong+1"],"picked":"HollowMod:LifebloodCocoon+1","floor":54}],"player_experience":107091,"relics_obtained":[{"floor":7.0,"key":"Matryoshka"},{"floor":9.0,"key":"Torii"},{"floor":9.0,"key":"ScarletDevilRocket"},{"floor":11.0,"key":"Mango"},{"floor":23.0,"key":"Bird Faced Urn"},{"floor":23.0,"key":"Toy Ornithopter"},{"floor":26.0,"key":"Blood Vial"},{"floor":26.0,"key":"Omamori"},{"floor":27.0,"key":"Frozen Egg 2"},{"floor":27.0,"key":"Bottled Flame"},{"floor":31.0,"key":"Old Coin"},{"floor":31.0,"key":"Pantograph"},{"floor":40.0,"key":"Question Card"},{"floor":40.0,"key":"Dream Catcher"},{"floor":44.0,"key":"HollowMod:LumaflyLanternRelic"},{"floor":44.0,"key":"AntiCross"},{"floor":54,"key":"Bag of Preparation"},{"floor":54,"key":"Kunai"}],"event_choices":[{"damage_healed":0.0,"max_hp_gain":0.0,"max_hp_loss":0.0,"gold_gain":0.0,"event_name":"Shining Light","player_choice":"Entered Light","floor":14.0,"gold_loss":0.0,"damage_taken":18.0,"cards_upgraded":["HollowMod:SharpenedShadows","HollowMod:NailStrikeStart"]},{"damage_healed":0.0,"max_hp_gain":0.0,"max_hp_loss":0.0,"gold_gain":0.0,"event_name":"Lab","player_choice":"Got Potions","floor":36.0,"gold_loss":0.0,"damage_taken":0.0},{"damage_healed":0.0,"max_hp_gain":0.0,"max_hp_loss":0.0,"gold_gain":0.0,"event_name":"Wheel of Change","player_choice":"Full Heal","floor":38.0,"gold_loss":0.0,"damage_taken":0.0}],"is_beta":false,"boss_relics":[{"not_picked":["Astrolabe","Runic Dome"],"picked":"Black Star"},{"not_picked":["SacredBark","Velvet Choker"],"picked":"Philosopher\u0027s Stone"}],"items_purged_floors":[22],"is_endless":false,"potions_floor_spawned":[1,8,10,13,16,18,21,29,31,33,39,40,41,45],"killed_by":"The Heart","ascension_level":0}}