{"host":"m4pe905ae9bldoe7","time":1611949670,"event":{"mods":["BaseMod","Bestiary","Block Reminder","Downfall","Minty Spire (QoL Compilation)","StSLib"],"gold_per_floor":[99,116,116,116,132,143,211,386,386,486,486,497,254,265,275,373,373,373,373,648,667,679,420,420,40,40,75,75,75,86,100,119,214,214,14,30,43,88,140,140,140,140],"floor_reached":40,"language":"ENG","playtime":3715,"items_purged":["Doubt","Regret","Injury","Slimebound:CheckThePlaybook"],"score":421,"play_id":"15374ecc-b6f3-4d27-a3a6-d9c6a8c5f4f6","local_time":"20210129204750","is_ascension_mode":false,"campfire_choices":[{"data":"Slimebound:FirmFortitude","floor":1,"key":"SMITH"},{"data":"Slimebound:Split","floor":9,"key":"SMITH"},{"data":"Slimebound:SplitLeeching","floor":11,"key":"SMITH"},{"data":"Slimebound:MassRepurpose","floor":18,"key":"SMITH"},{"data":"Slimebound:LeadByExample","floor":26,"key":"SMITH"},{"data":"Slimebound:LevelUp","floor":29,"key":"SMITH"},{"floor":35,"key":"RECALL"}],"circlet_count":0,"master_deck":["Slimebound:Tackle","Slimebound:Defend_Slimebound","Slimebound:Defend_Slimebound","Slimebound:Defend_Slimebound","Slimebound:Defend_Slimebound","Slimebound:Split+1","Slimebound:CorrosiveSpit","Slimebound:FirmFortitude+1","Slimebound:SpikyOuterGoop","Slimebound:GoopSpray","Slimebound:SplitLeeching+1","Slimebound:SplitMire","Slimebound:SlimeBrawl","Slimebound:RollThrough","Slimebound:LeadByExample+1","Slimebound:MinionMaster","Slimebound:SplitSpecialist","Slimebound:MassRepurpose+1","Slimebound:SplitSpecialist+1","Slimebound:ForwardTackle","Slimebound:Teamwork","Slimebound:LevelUp+1","Slimebound:Overexert","Slimebound:SlimeBarrage","Slimebound:Darklings","Slimebound:Replication"],"relics":["Slimebound:AbsorbEndCombat","Sundial","Potion Belt","Medical Kit","bronze:MakeshiftBattery","OrangePellets","White Beast Statue","Philosopher\u0027s Stone","downfall:HeartBlessingGreen","downfall:HeartBlessingBlue","Chemical X","Bird Faced Urn"],"acts_visited":["Exordium","TheCity","TheBeyond"],"potions_floor_usage":[16,16,16,16,16,39,39,40],"damage_taken":[{"damage":4,"enemies":"Cultist","floor":2,"turns":4},{"damage":3,"enemies":"Small Slimes","floor":5,"turns":3},{"damage":8,"enemies":"2 Louse","floor":6,"turns":4},{"damage":15,"enemies":"downfall:LadyInBlue","floor":10,"turns":9},{"damage":11,"enemies":"Gremlin Gang","floor":12,"turns":3},{"damage":0,"enemies":"downfall:FleeingMerchant","floor":13,"turns":4},{"damage":12,"enemies":"3 Louse","floor":14,"turns":3},{"damage":8,"enemies":"Lots of Slimes","floor":15,"turns":2},{"damage":17,"enemies":"SI_SHIV_ARCHETYPE","floor":16,"turns":5},{"damage":0,"enemies":"Chosen","floor":19,"turns":1},{"damage":13,"enemies":"Shelled Parasite and Fungi","floor":21,"turns":7},{"damage":6,"enemies":"Centurion and Healer","floor":22,"turns":5},{"damage":2,"enemies":"downfall:FleeingMerchant","floor":23,"turns":4},{"damage":0,"enemies":"downfall:FleeingMerchant","floor":25,"turns":4},{"damage":16,"enemies":"Book of Stabbing","floor":27,"turns":6},{"damage":0,"enemies":"Sentry and Sphere","floor":30,"turns":4},{"damage":0,"enemies":"Snecko","floor":31,"turns":5},{"damage":3,"enemies":"Centurion and Healer","floor":32,"turns":6},{"damage":53,"enemies":"DF_ARCHETYPE_CLAW","floor":33,"turns":8},{"damage":28,"enemies":"3 Shapes","floor":36,"turns":4},{"damage":15,"enemies":"Orb Walker","floor":37,"turns":2},{"damage":0,"enemies":"downfall:FleeingMerchant","floor":38,"turns":4},{"damage":29,"enemies":"2 Orb Walkers","floor":39,"turns":4},{"damage":20,"enemies":"Transient","floor":40,"turns":1}],"seed_played":"-8091196765758022140","potions_obtained":[{"floor":5,"key":"Slimebound:SpawnSlimePotion"},{"floor":10,"key":"EssenceOfSteel"},{"floor":10,"key":"SkillPotion"},{"floor":10,"key":"Strength Potion"},{"floor":10,"key":"ColorlessPotion"},{"floor":14,"key":"Weak Potion"},{"floor":21,"key":"Slimebound:ThreeZeroPotion"},{"floor":22,"key":"Slimebound:SpawnSlimePotion"},{"floor":28,"key":"Regen Potion"},{"floor":28,"key":"EssenceOfSteel"},{"floor":28,"key":"Energy Potion"},{"floor":39,"key":"SkillPotion"}],"is_trial":false,"path_per_floor":["R","M","?","?","M","M","T","?","R","?","R","M","$","M","M","B",null,"R","M","?","M","M","$","T","$","R","E","?","R","M","M","M","B",null,"R","M","M","$","?","M"],"character_chosen":"SLIMEBOUND","items_purchased":["Medical Kit","OrangePellets","Slimebound:Teamwork","Slimebound:LevelUp","Chemical X"],"campfire_rested":0,"item_purchase_floors":[13,23,25,25,38],"current_hp_per_floor":[65,61,61,61,60,54,54,54,54,47,47,44,48,42,40,46,65,65,65,65,56,58,58,58,62,62,50,50,50,50,50,55,10,65,75,53,40,42,17,0,0,0],"gold":140,"neow_bonus":"ONE_RANDOM_RARE_CARD","is_daily":false,"chose_seed":false,"campfire_upgraded":6,"win_rate":0.0,"timestamp":1611949670,"path_taken":["R","M","?","?","?","M","T","?","R","?","R","M","$","?","M","BOSS","R","M","?","?","M","$","T","?","R","E","?","R","?","M","M","BOSS","R","M","M","$","?","M"],"items_purchased_type":["Relic","Relic","Card","Card","Relic"],"build_version":"2020-12-22","purchased_purges":4,"victory":false,"max_hp_per_floor":[65,65,65,65,65,65,65,65,65,65,65,65,65,65,65,65,65,65,65,65,65,65,65,65,65,65,65,65,65,65,65,65,65,65,75,75,75,75,75,75,75,75],"card_choices":[{"not_picked":["Slimebound:RollThrough","Slimebound:GoopSpray"],"picked":"Slimebound:SpikyOuterGoop","floor":2},{"not_picked":["Slimebound:TongueLash","Slimebound:RollThrough"],"picked":"Slimebound:SplitMire","floor":5},{"not_picked":["Slimebound:TongueLash","Slimebound:SplitLeeching"],"picked":"Slimebound:SlimeBrawl","floor":6},{"not_picked":["Slimebound:SplitBruiser","Slimebound:HauntingLick"],"picked":"Slimebound:RollThrough","floor":10},{"not_picked":["Slimebound:SplitAcid","Slimebound:DisruptingSlam"],"picked":"Slimebound:LeadByExample","floor":12},{"not_picked":["Slimebound:GoopSpray","Slimebound:ProtectTheBoss"],"picked":"Slimebound:MinionMaster","floor":13},{"not_picked":["Slimebound:Dissolve","Slimebound:GrowthPunch","Slimebound:MegaLick"],"picked":"SKIP","floor":14},{"not_picked":["Slimebound:SlimeSpikes","Slimebound:SplitMire"],"picked":"Slimebound:SplitSpecialist","floor":15},{"not_picked":["Slimebound:SlimeSlap","Slimebound:FirmFortitude"],"picked":"Slimebound:MassRepurpose","floor":16},{"not_picked":["Slimebound:Schlurp","Slimebound:PressTheAttack+1"],"picked":"Slimebound:SplitSpecialist+1","floor":19},{"not_picked":["Slimebound:RejuvenatingLick","Slimebound:GoopTackle+1"],"picked":"Slimebound:ForwardTackle","floor":21},{"not_picked":["Slimebound:FinishingTackle","Slimebound:SplitBruiser","Slimebound:SlimeSpikes"],"picked":"SKIP","floor":22},{"not_picked":["Slimebound:FinishingTackle+1","Slimebound:ComboTackle+1","Slimebound:SplitBruiser"],"picked":"SKIP","floor":23},{"not_picked":["Slimebound:SpikyOuterGoop+1","Slimebound:Equalize","Slimebound:Grow"],"picked":"SKIP","floor":25},{"not_picked":["Slimebound:SplitSpecialist+1","Slimebound:SamplingLick","Slimebound:AcidTongue"],"picked":"SKIP","floor":27},{"not_picked":["Slimebound:RainOfGoop","Slimebound:Chomp","Slimebound:SplitSpecialist+1"],"picked":"SKIP","floor":30},{"not_picked":["Slimebound:SplitBruiser","Slimebound:Nibble","Slimebound:SplitLeeching"],"picked":"SKIP","floor":31},{"not_picked":["Slimebound:MinionMaster","Slimebound:LeechEnergy","Slimebound:BestDefense"],"picked":"SKIP","floor":32},{"not_picked":["Slimebound:DuplicatedForm","Slimebound:SlimeSlap"],"picked":"Slimebound:Overexert","floor":33},{"not_picked":["Slimebound:GoopSpray+1","Slimebound:SplitAcid"],"picked":"Slimebound:SlimeBarrage","floor":36},{"not_picked":["Slimebound:SplitLeeching","Slimebound:LeechEnergy","Slimebound:SplitBruiser+1"],"picked":"SKIP","floor":37},{"not_picked":["Slimebound:MegaLick+1","Slimebound:LivingWall"],"picked":"Slimebound:Darklings","floor":38},{"not_picked":["Slimebound:SlimeTap+1","Slimebound:GoopTackle"],"picked":"Slimebound:Replication","floor":39}],"player_experience":505118,"relics_obtained":[{"floor":7,"key":"Sundial"},{"floor":10,"key":"Potion Belt"},{"floor":27,"key":"White Beast Statue"},{"floor":39,"key":"Bird Faced Urn"}],"event_choices":[{"damage_healed":0,"gold_gain":0,"player_choice":"Got Potions","damage_taken":0,"max_hp_gain":0,"max_hp_loss":0,"event_name":"Lab","floor":28,"gold_loss":0},{"damage_healed":0,"gold_gain":0,"player_choice":"Fight","damage_taken":0,"max_hp_gain":0,"max_hp_loss":0,"event_name":"Mysterious Sphere","floor":39,"gold_loss":0}],"is_beta":false,"boss_relics":[{"not_picked":["Busted Crown","Fusion Hammer"],"picked":"bronze:MakeshiftBattery"},{"not_picked":["Runic Dome","Velvet Choker"],"picked":"Philosopher\u0027s Stone"}],"items_purged_floors":[13,23,25,38],"is_endless":false,"potions_floor_spawned":[5,10,12,14,21,22,30,31,32,33,36,37,38,39],"killed_by":"Transient","ascension_level":0}}