{"host":"vx9g5eyuglzorf3u","time":1611909735,"event":{"mods":["2.2 Compatiblity","BaseMod","DeckTracker","Keyboard Shortcuts","Minty Spire (QoL Compilation)","Relic Stats","StSLib","SuperFastMode","everything is the same but u backflip on backflip"],"gold_per_floor":[110,35,35,46,57,57,96,96,123,136,136,169,183,208,208,304,313,336,49,96,96,96,96],"floor_reached":22,"language":"KOR","playtime":617,"items_purged":["Strike_G"],"score":372,"play_id":"808f97f6-d870-4b50-a043-06df875ae44e","local_time":"20210129174215","is_ascension_mode":true,"campfire_choices":[{"data":"Noxious Fumes","floor":6,"key":"SMITH"},{"data":"Neutralize","floor":8,"key":"SMITH"},{"floor":15,"key":"REST"}],"circlet_count":0,"master_deck":["AscendersBane","Strike_G","Strike_G","Strike_G","Defend_G","Defend_G","Defend_G","Defend_G","Survivor","Neutralize+1","After Image","Poisoned Stab","Noxious Fumes+1","Accuracy","Grand Finale","Bouncing Flask","Blade Dance","CurseOfTheBell","Burst","Catalyst","Footwork","Well Laid Plans"],"relics":["Ring of the Snake","CeramicFish","Snake Skull","Golden Idol","Calling Bell","Omamori","Eternal Feather","Mango","Red Mask","Sundial"],"acts_visited":["Exordium","TheCity"],"potions_floor_usage":[16,16,16,20,20,22],"damage_taken":[{"damage":0,"enemies":"Jaw Worm","floor":1,"turns":5},{"damage":0,"enemies":"2 Louse","floor":4,"turns":4},{"damage":0,"enemies":"Cultist","floor":5,"turns":4},{"damage":28,"enemies":"Lagavulin","floor":7,"turns":9},{"damage":9,"enemies":"Blue Slaver","floor":10,"turns":4},{"damage":4,"enemies":"Looter","floor":12,"turns":4},{"damage":10,"enemies":"Exordium Wildlife","floor":13,"turns":4},{"damage":10,"enemies":"3 Louse","floor":14,"turns":3},{"damage":1,"enemies":"The Guardian","floor":16,"turns":9},{"damage":21,"enemies":"Spheric Guardian","floor":18,"turns":6},{"damage":58,"enemies":"Masked Bandits","floor":20,"turns":6},{"damage":6,"enemies":"Shell Parasite","floor":22,"turns":2}],"seed_played":"8931185463565770724","potions_obtained":[{"floor":7,"key":"Weak Potion"},{"floor":10,"key":"Swift Potion"},{"floor":13,"key":"BlessingOfTheForge"},{"floor":14,"key":"EntropicBrew"},{"floor":16,"key":"Regen Potion"},{"floor":20,"key":"SkillPotion"}],"is_trial":false,"path_per_floor":["M","?","?","M","M","R","E","R","T","M","?","M","M","M","R","B",null,"M","$","?","T","M"],"character_chosen":"THE_SILENT","items_purchased":["Burst","Catalyst","Footwork"],"campfire_rested":1,"item_purchase_floors":[19,19,19],"current_hp_per_floor":[59,59,66,66,66,66,38,38,38,29,29,25,15,5,23,22,65,44,44,1,1,0,0],"gold":96,"neow_bonus":"TRANSFORM_CARD","is_daily":false,"chose_seed":false,"campfire_upgraded":2,"win_rate":0.0,"timestamp":1611909735,"path_taken":["M","?","?","M","?","R","E","R","T","M","?","M","M","M","R","BOSS","M","$","?","?","M"],"items_purchased_type":["Card","Card","Card"],"build_version":"2020-12-22","purchased_purges":1,"victory":false,"max_hp_per_floor":[66,66,66,66,66,66,66,66,66,66,60,60,60,60,60,60,74,74,74,74,74,74,74],"relic_stats":{"counters":[12,60],"Golden Idol":43,"Sundial":[0],"CeramicFish":72,"Eternal Feather":0,"Snake Skull":[49],"obtain_stats":[{"Calling Bell":17,"Golden Idol":11,"Sundial":21,"CeramicFish":7,"Eternal Feather":17,"Mango":17,"Snake Skull":9,"Omamori":17,"Red Mask":20,"Ring of the Snake":0},{"Calling Bell":9,"Golden Idol":5,"Sundial":11,"CeramicFish":4,"Eternal Feather":9,"Mango":9,"Snake Skull":4,"Omamori":9,"Red Mask":11,"Ring of the Snake":0},{"Calling Bell":46,"Golden Idol":26,"Sundial":58,"CeramicFish":22,"Eternal Feather":46,"Mango":46,"Snake Skull":22,"Omamori":46,"Red Mask":58,"Ring of the Snake":0}],"Ring of the Snake":[24]},"card_choices":[{"not_picked":["PiercingWail","Riddle With Holes"],"picked":"Poisoned Stab","floor":1},{"not_picked":["Outmaneuver","PiercingWail"],"picked":"Noxious Fumes","floor":4},{"not_picked":["Dodge and Roll","PiercingWail"],"picked":"Accuracy","floor":5},{"not_picked":["Concentrate","Eviscerate"],"picked":"Grand Finale","floor":7},{"not_picked":["Dagger Spray","Riddle With Holes","Masterful Stab"],"picked":"SKIP","floor":10},{"not_picked":["Dodge and Roll","Escape Plan"],"picked":"Bouncing Flask","floor":12},{"not_picked":["Bane","Dodge and Roll","Sucker Punch"],"picked":"SKIP","floor":13},{"not_picked":["Sucker Punch","Flechettes"],"picked":"Blade Dance","floor":14},{"not_picked":["Bane","Dagger Throw","Deadly Poison"],"picked":"SKIP","floor":18},{"not_picked":["Flying Knee","Sucker Punch+1"],"picked":"Well Laid Plans","floor":20}],"player_experience":1504803,"relics_obtained":[{"floor":7,"key":"CeramicFish"},{"floor":9,"key":"Snake Skull"},{"floor":17,"key":"Omamori"},{"floor":17,"key":"Eternal Feather"},{"floor":17,"key":"Mango"},{"floor":20,"key":"Red Mask"},{"floor":21,"key":"Sundial"}],"event_choices":[{"cards_removed":["Strike_G"],"damage_healed":0,"gold_gain":0,"player_choice":"Card Removal","damage_taken":0,"max_hp_gain":0,"max_hp_loss":0,"event_name":"The Cleric","floor":2,"gold_loss":75},{"damage_healed":7,"gold_gain":0,"player_choice":"Full Heal","damage_taken":0,"max_hp_gain":0,"max_hp_loss":0,"event_name":"Wheel of Change","floor":3,"gold_loss":0},{"damage_healed":0,"gold_gain":0,"player_choice":"Lose Max HP","damage_taken":0,"relics_obtained":["Golden Idol"],"max_hp_gain":0,"max_hp_loss":6,"event_name":"Golden Idol","floor":11,"gold_loss":0},{"damage_healed":0,"gold_gain":0,"player_choice":"Fought Bandits","damage_taken":0,"max_hp_gain":0,"max_hp_loss":0,"event_name":"Masked Bandits","floor":20,"gold_loss":0}],"is_beta":false,"boss_relics":[{"not_picked":["Coffee Dripper","Cursed Key"],"picked":"Calling Bell"}],"items_purged_floors":[19],"is_endless":false,"potions_floor_spawned":[7,10,13,14,16,18,20],"killed_by":"Shell Parasite","ascension_level":20}}