{"host":"3jpwrwmmgyabjceh","time":1611927582,"event":{"mods":["AchievementEnabler","BaseMod","Colored Map","Colored Powertips","Highlight Path","Minty Spire (QoL Compilation)","Quick Restart","Relic Stats","StSLib","SuperFastMode"],"gold_per_floor":[117,136,153,153,153,197,220,220,220,260,260,276,50,50,50,170,170,194,212,16,41,64,95,95,135,135,170,170,211,211,226,226,354,354,377,8,8,21,36,36,69,90,113,113,193,193,206,224,224,224,224,224,14,50,50],"floor_reached":56,"language":"ENG","playtime":2010,"items_purged":["Strike_G","Strike_G","Strike_G+1"],"score":1849,"play_id":"26980e1f-c6a1-490a-9c5a-92b793c795b5","local_time":"20210129163942","is_ascension_mode":true,"campfire_choices":[{"floor":11.0,"key":"REST"},{"data":"Footwork","floor":15.0,"key":"SMITH"},{"data":"Footwork","floor":24.0,"key":"SMITH"},{"data":"Cloak And Dagger","floor":28.0,"key":"SMITH"},{"data":"Neutralize","floor":32.0,"key":"SMITH"},{"data":"Wraith Form v2","floor":40.0,"key":"SMITH"},{"floor":44.0,"key":"RECALL"},{"floor":46.0,"key":"REST"},{"floor":49.0,"key":"REST"},{"floor":52.0,"key":"REST"}],"circlet_count":0,"master_deck":["Defend_G+1","Defend_G+1","Defend_G+1","Defend_G+1","Defend_G+1","Survivor+1","Neutralize+1","All Out Attack+1","Poisoned Stab+1","Backstab+1","Footwork+1","Caltrops+1","Crippling Poison+1","Dagger Spray+1","Backflip+1","Footwork+1","Corpse Explosion+1","Adrenaline+1","Deflect+1","Deflect+1","Dodge and Roll+1","PiercingWail+1","Terror+1","Prepared+1","Cloak And Dagger+1","Expertise+1","Backflip+1","Deflect+1","Wraith Form v2+1","Footwork+1","Deflect+1"],"relics":["Ring of the Snake","NeowsBlessing","Golden Idol","Meat on the Bone","Letter Opener","Paper Crane","Bronze Scales","FaceOfCleric","Sozu","TwistedFunnel","Ancient Tea Set","Torii","Kunai","Mango","Bottled Tornado","Runic Pyramid","Mercury Hourglass","Mark of the Bloom","Snake Skull","StrikeDummy","Membership Card","White Beast Statue"],"acts_visited":["Exordium","TheCity","TheBeyond","TheEnding"],"potions_floor_usage":[55],"damage_taken":[{"damage":0.0,"enemies":"Small Slimes","floor":1.0,"turns":1.0},{"damage":0.0,"enemies":"Cultist","floor":2.0,"turns":1.0},{"damage":0.0,"enemies":"Jaw Worm","floor":3.0,"turns":1.0},{"damage":10.0,"enemies":"Lagavulin","floor":6.0,"turns":7.0},{"damage":9.0,"enemies":"Gremlin Gang","floor":7.0,"turns":5.0},{"damage":17.0,"enemies":"Gremlin Nob","floor":10.0,"turns":5.0},{"damage":1.0,"enemies":"Blue Slaver","floor":12.0,"turns":3.0},{"damage":0.0,"enemies":"The Guardian","floor":16.0,"turns":10.0},{"damage":1.0,"enemies":"Spheric Guardian","floor":18.0,"turns":5.0},{"damage":7.0,"enemies":"2 Thieves","floor":19.0,"turns":2.0},{"damage":1.0,"enemies":"Centurion and Healer","floor":21.0,"turns":6.0},{"damage":14.0,"enemies":"Snake Plant","floor":22.0,"turns":4.0},{"damage":1.0,"enemies":"Gremlin Leader","floor":23.0,"turns":6.0},{"damage":0.0,"enemies":"Book of Stabbing","floor":25.0,"turns":5.0},{"damage":20.0,"enemies":"Gremlin Leader","floor":27.0,"turns":7.0},{"damage":1.0,"enemies":"Slavers","floor":29.0,"turns":3.0},{"damage":1.0,"enemies":"Chosen and Byrds","floor":31.0,"turns":5.0},{"damage":20.0,"enemies":"Automaton","floor":33.0,"turns":9.0},{"damage":0.0,"enemies":"3 Darklings","floor":35.0,"turns":2.0},{"damage":0.0,"enemies":"Orb Walker","floor":38.0,"turns":3.0},{"damage":1.0,"enemies":"Spire Growth","floor":39.0,"turns":5.0},{"damage":0.0,"enemies":"Nemesis","floor":41.0,"turns":5.0},{"damage":0.0,"enemies":"Jaw Worm Horde","floor":42.0,"turns":2.0},{"damage":0.0,"enemies":"3 Darklings","floor":47.0,"turns":2.0},{"damage":0.0,"enemies":"Sphere and 2 Shapes","floor":48.0,"turns":3.0},{"damage":18.0,"enemies":"Time Eater","floor":50.0,"turns":13.0},{"damage":0.0,"enemies":"Shield and Spear","floor":54.0,"turns":5.0},{"damage":5,"enemies":"The Heart","floor":55,"turns":10}],"seed_played":"-529359281167894406","potions_obtained":[{"floor":1.0,"key":"BlessingOfTheForge"},{"floor":3.0,"key":"Weak Potion"},{"floor":16.0,"key":"Ancient Potion"}],"is_trial":false,"path_per_floor":["M","M","M","?","?","E","M","?","T","E","R","M","$","?","R","B",null,"M","M","$","M","M","E","R","E","T","E","R","E","?","M","R","B",null,"M","$","?","M","M","R","E","M","T","R","T","R","M","M","R","B",null,"R","$","E","B",null],"character_chosen":"THE_SILENT","items_purchased":["Footwork","Corpse Explosion","TwistedFunnel","Deflect","Mercury Hourglass","Deflect","Membership Card"],"campfire_rested":4,"item_purchase_floors":[13,13,20,20,36,36,53],"current_hp_per_floor":[63,63,63,63,63,53,44,19,19,14,33,44,44,44,44,45,61,61,55,55,55,42,42,42,43,43,50,50,50,50,50,50,43,78,79,79,79,79,78,78,78,78,78,78,78,78,78,78,78,60,60,60,60,60,55],"gold":50,"neow_bonus":"THREE_ENEMY_KILL","is_daily":false,"chose_seed":false,"campfire_upgraded":5,"win_rate":0.0,"timestamp":1611927582,"path_taken":["M","M","M","?","?","E","M","?","T","E","R","M","$","?","R","BOSS","M","M","$","M","M","E","R","E","T","E","R","E","?","?","R","BOSS","M","$","?","M","M","R","E","M","T","R","?","R","?","M","R","BOSS","R","$","E","BOSS"],"items_purchased_type":["Card","Card","Relic","Card","Relic","Card","Relic"],"build_version":"2020-12-22","purchased_purges":3,"victory":true,"max_hp_per_floor":[70,70,70,70,65,65,65,65,65,65,65,65,65,65,65,66,66,67,68,68,69,70,71,71,72,72,87,87,88,88,89,89,90,90,91,91,91,92,93,93,94,95,95,95,95,95,96,97,97,98,98,98,98,99,100],"relic_stats":{"Mark of the Bloom":124,"Torii":1,"counters":[28,135],"Golden Idol":211,"Snake Skull":[45],"Letter Opener":[400],"Mercury Hourglass":[120],"Sozu":7,"FaceOfCleric":21,"Bronze Scales":[470],"Kunai":[13],"obtain_stats":[{"TwistedFunnel":20,"Mark of the Bloom":37,"NeowsBlessing":0,"Torii":25,"Golden Idol":5,"Mango":27,"Snake Skull":41,"Letter Opener":8,"Paper Crane":9,"Bottled Tornado":29,"Ancient Tea Set":23,"White Beast Statue":54,"Mercury Hourglass":36,"Sozu":17,"FaceOfCleric":14,"Bronze Scales":10,"Kunai":26,"Membership Card":53,"StrikeDummy":45,"Ring of the Snake":0,"Meat on the Bone":6,"Runic Pyramid":34},{"TwistedFunnel":10,"Mark of the Bloom":19,"NeowsBlessing":0,"Torii":14,"Golden Idol":3,"Mango":15,"Snake Skull":22,"Letter Opener":5,"Paper Crane":5,"Bottled Tornado":16,"Ancient Tea Set":13,"White Beast Statue":27,"Mercury Hourglass":19,"Sozu":8,"FaceOfCleric":7,"Bronze Scales":6,"Kunai":14,"Membership Card":26,"StrikeDummy":23,"Ring of the Snake":0,"Meat on the Bone":4,"Runic Pyramid":18},{"TwistedFunnel":40,"Mark of the Bloom":87,"NeowsBlessing":0,"Torii":61,"Golden Idol":3,"Mango":68,"Snake Skull":100,"Letter Opener":15,"Paper Crane":15,"Bottled Tornado":71,"Ancient Tea Set":56,"White Beast Statue":125,"Mercury Hourglass":87,"Sozu":33,"FaceOfCleric":23,"Bronze Scales":20,"Kunai":61,"Membership Card":120,"StrikeDummy":102,"Ring of the Snake":0,"Meat on the Bone":10,"Runic Pyramid":85}],"Ring of the Snake":[56],"Meat on the Bone":48},"card_choices":[{"not_picked":["Riddle With Holes","Flechettes"],"picked":"All Out Attack","floor":1.0},{"not_picked":["Dagger Spray","Backflip"],"picked":"Poisoned Stab","floor":2.0},{"not_picked":["Catalyst","PiercingWail"],"picked":"Backstab","floor":3.0},{"not_picked":["Poisoned Stab","Cloak And Dagger"],"picked":"Caltrops","floor":6.0},{"not_picked":["Masterful Stab","Slice"],"picked":"Crippling Poison","floor":7.0},{"not_picked":["Grand Finale","Heel Hook"],"picked":"Dagger Spray","floor":10.0},{"not_picked":["Outmaneuver","Slice"],"picked":"Backflip","floor":12.0},{"not_picked":["Venomology","Envenom"],"picked":"Adrenaline","floor":16.0},{"not_picked":["Choke+1","Flying Knee","Quick Slash"],"picked":"SKIP","floor":18.0},{"not_picked":["Cloak And Dagger+1","Deadly Poison"],"picked":"Deflect","floor":19.0},{"not_picked":["Backstab","Endless Agony"],"picked":"Dodge and Roll","floor":21.0},{"not_picked":["Dodge and Roll+1","Cloak And Dagger+1"],"picked":"PiercingWail","floor":22.0},{"not_picked":["Prepared","Escape Plan+1"],"picked":"Terror+1","floor":23.0},{"not_picked":["Bullet Time","Crippling Poison"],"picked":"Prepared+1","floor":25.0},{"not_picked":["Backflip","Outmaneuver"],"picked":"Cloak And Dagger","floor":27.0},{"not_picked":["Choke","Endless Agony","Accuracy"],"picked":"SKIP","floor":29.0},{"not_picked":["Reflex","Slice","Well Laid Plans"],"picked":"SKIP","floor":31.0},{"not_picked":["Acrobatics","Underhanded Strike+1"],"picked":"Backflip+1","floor":35.0},{"not_picked":["Slice","Riddle With Holes+1"],"picked":"Wraith Form v2","floor":38.0},{"not_picked":["Outmaneuver","Dagger Throw","Acrobatics"],"picked":"SKIP","floor":39.0},{"not_picked":["Dash+1","Bane","Reflex+1"],"picked":"SKIP","floor":41.0},{"not_picked":["Slice","Blur"],"picked":"Footwork+1","floor":42.0},{"not_picked":["Endless Agony","Underhanded Strike","Expertise+1"],"picked":"SKIP","floor":47.0},{"not_picked":["Masterful Stab","Heel Hook"],"picked":"Deflect+1","floor":48.0},{"not_picked":["Backstab+1","Bane","Terror+1"],"picked":"SKIP","floor":54.0}],"player_experience":296065,"relics_obtained":[{"floor":6.0,"key":"Meat on the Bone"},{"floor":9.0,"key":"Paper Crane"},{"floor":10.0,"key":"Bronze Scales"},{"floor":23.0,"key":"Ancient Tea Set"},{"floor":25.0,"key":"Torii"},{"floor":26.0,"key":"Kunai"},{"floor":27.0,"key":"Mango"},{"floor":29.0,"key":"Bottled Tornado"},{"floor":41.0,"key":"Snake Skull"},{"floor":45.0,"key":"StrikeDummy"},{"floor":54.0,"key":"White Beast Statue"}],"event_choices":[{"damage_healed":0.0,"max_hp_gain":0.0,"max_hp_loss":0.0,"gold_gain":0.0,"cards_transformed":["Strike_G"],"event_name":"Living Wall","player_choice":"Change","floor":4.0,"gold_loss":0.0,"damage_taken":0.0,"cards_obtained":["Footwork"]},{"damage_healed":0.0,"max_hp_gain":0.0,"max_hp_loss":5.0,"gold_gain":0.0,"event_name":"Golden Idol","player_choice":"Lose Max HP","floor":5.0,"gold_loss":0.0,"damage_taken":0.0,"relics_obtained":["Golden Idol"]},{"damage_healed":0.0,"max_hp_gain":0.0,"max_hp_loss":0.0,"gold_gain":0.0,"event_name":"Scrap Ooze","player_choice":"Success","floor":8.0,"gold_loss":0.0,"damage_taken":25.0,"relics_obtained":["Letter Opener"]},{"damage_healed":0.0,"max_hp_gain":0.0,"max_hp_loss":0.0,"gold_gain":0.0,"event_name":"FaceTrader","player_choice":"Trade","floor":14.0,"gold_loss":0.0,"damage_taken":0.0,"relics_obtained":["FaceOfCleric"]},{"damage_healed":0.0,"max_hp_gain":0.0,"max_hp_loss":0.0,"gold_gain":0.0,"cards_transformed":["Strike_G"],"event_name":"Transmorgrifier","player_choice":"Transformed","floor":30.0,"gold_loss":0.0,"damage_taken":0.0,"cards_obtained":["Expertise"]},{"damage_healed":0.0,"max_hp_gain":0.0,"max_hp_loss":0.0,"gold_gain":0.0,"event_name":"MindBloom","player_choice":"Upgrade","floor":37.0,"gold_loss":0.0,"damage_taken":0.0,"cards_upgraded":["Strike_G","Defend_G","Defend_G","Defend_G","Defend_G","Defend_G","Survivor","All Out Attack","Poisoned Stab","Backstab","Caltrops","Crippling Poison","Dagger Spray","Backflip","Corpse Explosion","Adrenaline","Deflect","Deflect","Dodge and Roll","PiercingWail","Expertise","Deflect"],"relics_obtained":["Mark of the Bloom"]}],"is_beta":false,"boss_relics":[{"not_picked":["Philosopher\u0027s Stone","Cursed Key"],"picked":"Sozu"},{"not_picked":["SacredBark","Pandora\u0027s Box"],"picked":"Runic Pyramid"}],"items_purged_floors":[13,36,53],"is_endless":false,"potions_floor_spawned":[1,3,16,19,21,25,29,31,35,48],"ascension_level":7}}