{"host":"yd6hhqps9de4qmof","time":1611951939,"event":{"mods":["BaseMod","Downfall","Hermit","Highlight Path","Minty Spire (QoL Compilation)","Relic Stats","Robot Space Explorer","StSLib"],"gold_per_floor":[99,109,284,301,55,68,68,93,93,108,8,83,99,132,146,248,248,248,266,282,282,33,33,33,66,66,90,106,17,17,33,53,158,158,58,69,85,115,115,165,213,213,245,245,258,276,176,195,218,218,218,218,218],"floor_reached":52,"language":"ENG","playtime":13758,"items_purged":["Doubt"],"score":902,"play_id":"ece3f029-e070-4268-af73-6b056a819a7f","local_time":"20210129212539","is_ascension_mode":true,"campfire_choices":[{"data":"Slimebound:Split","floor":1,"key":"SMITH"},{"data":"Slimebound:MinionMaster","floor":9,"key":"SMITH"},{"data":"Slimebound:SpikyOuterGoop","floor":11,"key":"SMITH"},{"floor":18,"key":"RECALL"},{"data":"Slimebound:Overexert","floor":26,"key":"SMITH"},{"data":"Slimebound:LevelUp","floor":30,"key":"SMITH"},{"data":"Slimebound:MassRepurpose","floor":35,"key":"SMITH"},{"data":"Slimebound:LeadByExample","floor":47,"key":"SMITH"}],"circlet_count":0,"master_deck":["Slimebound:Tackle+1","Slimebound:Defend_Slimebound","Slimebound:Defend_Slimebound","Slimebound:Defend_Slimebound","Slimebound:Defend_Slimebound","Slimebound:Split+1","Slimebound:CorrosiveSpit","Slimebound:PressTheAttack","Slimebound:SplitBruiser","Slimebound:GoopSpray","Slimebound:SpikyOuterGoop+1","Slimebound:LeechEnergy","Slimebound:MinionMaster+1","Slimebound:LeechEnergy","Slimebound:SplitSpecialist","Slimebound:Schlurp","Slimebound:LivingWall","Slimebound:Overexert+1","Bite","Bite+1","Bite","Bite","Bite","Slimebound:TongueLash","Slimebound:SlimeTap","Slimebound:AcidTongue","Slimebound:SplitMire","Slimebound:Repurpose","Slimebound:LevelUp+1","Slimebound:MassRepurpose+1","Slimebound:RejuvenatingLick","Slimebound:ViciousTackle+1","Slimebound:LeadByExample+1","Slimebound:TongueLash+1","Slimebound:PressTheAttack+1","Slimebound:SplitLeeching"],"relics":["Slimebound:AbsorbEndCombat","hexamod:BolsterEngine","Centennial Puzzle","Slimebound:MaxSlimesRelic","downfall:HeartBlessingGreen","Meat on the Bone","Busted Crown","Matryoshka","Pear","Bottled Tornado","Sozu","downfall:HeartBlessingRed","Mercury Hourglass","Peace Pipe","Frozen Egg 2","Whetstone","CeramicFish","Mummified Hand","downfall:HeartBlessingBlue"],"acts_visited":["Exordium","TheCity","TheBeyond","TheEnding"],"potions_floor_usage":[8,10,13,16,29,33,50],"damage_taken":[{"damage":7,"enemies":"Jaw Worm","floor":2,"turns":4},{"damage":8,"enemies":"Small Slimes","floor":4,"turns":3},{"damage":0,"enemies":"downfall:FleeingMerchant","floor":5,"turns":4},{"damage":3,"enemies":"2 Louse","floor":6,"turns":3},{"damage":20,"enemies":"Gremlin Nob","floor":8,"turns":3},{"damage":0,"enemies":"Exordium Wildlife","floor":10,"turns":4},{"damage":12,"enemies":"Lots of Slimes","floor":13,"turns":2},{"damage":6,"enemies":"Lagavulin","floor":14,"turns":6},{"damage":0,"enemies":"2 Fungi Beasts","floor":15,"turns":3},{"damage":45,"enemies":"SI_SHIV_ARCHETYPE","floor":16,"turns":13},{"damage":16,"enemies":"3 Byrds","floor":19,"turns":4},{"damage":4,"enemies":"Snake Plant","floor":20,"turns":4},{"damage":0,"enemies":"downfall:FleeingMerchant","floor":22,"turns":4},{"damage":0,"enemies":"Gremlin Leader","floor":25,"turns":7},{"damage":11,"enemies":"Snecko","floor":28,"turns":3},{"damage":17,"enemies":"downfall:FleeingMerchant","floor":29,"turns":4},{"damage":0,"enemies":"Centurion and Healer","floor":31,"turns":5},{"damage":12,"enemies":"Shelled Parasite and Fungi","floor":32,"turns":4},{"damage":38,"enemies":"DF_ARCHETYPE_CLAW","floor":33,"turns":6},{"damage":5,"enemies":"3 Shapes","floor":36,"turns":4},{"damage":11,"enemies":"3 Darklings","floor":37,"turns":4},{"damage":8,"enemies":"downfall:FleeingMerchant","floor":38,"turns":3},{"damage":39,"enemies":"downfall:FleeingMerchant","floor":39,"turns":3},{"damage":0,"enemies":"downfall:FleeingMerchant","floor":40,"turns":4},{"damage":21,"enemies":"Reptomancer","floor":43,"turns":5},{"damage":19,"enemies":"Spire Growth","floor":45,"turns":4},{"damage":1,"enemies":"Maw","floor":46,"turns":6},{"damage":0,"enemies":"Transient","floor":48,"turns":5},{"damage":30,"enemies":"Sphere and 2 Shapes","floor":49,"turns":4},{"damage":23,"enemies":"WA_ARCHETYPE_DIVINITY","floor":50,"turns":10},{"damage":108,"enemies":"downfall:CharBossMerchant","floor":52,"turns":6}],"seed_played":"6144327148339137154","potions_obtained":[{"floor":0,"key":"SpeedPotion"},{"floor":0,"key":"ColorlessPotion"},{"floor":0,"key":"Block Potion"},{"floor":8,"key":"SkillPotion"},{"floor":10,"key":"Slimebound:SpawnSlimePotion"},{"floor":13,"key":"SkillPotion"},{"floor":16,"key":"sneckomod:MuddlingPotion"},{"floor":32,"key":"Dexterity Potion"}],"is_trial":false,"path_per_floor":["R","M","?","M","$","M","T","E","R","M","R","?","M","E","M","B",null,"R","M","M","?","$","?","T","E","R","T","M","$","R","M","M","B",null,"R","M","M","$","?","?","T","?","E","?","M","M","R","M","M","B",null,"E"],"character_chosen":"SLIMEBOUND","items_purchased":["hexamod:BolsterEngine","Slimebound:SpikyOuterGoop","Slimebound:TongueLash","Slimebound:SlimeTap","Slimebound:LevelUp","Mercury Hourglass","Slimebound:LeadByExample"],"campfire_rested":0,"item_purchase_floors":[5,5,22,22,29,38,38],"current_hp_per_floor":[65,64,64,58,64,64,64,50,50,54,54,54,46,48,52,27,65,65,55,55,45,45,45,45,55,55,55,46,41,41,55,53,36,55,55,55,52,51,30,40,40,40,36,36,38,55,65,65,39,37,65,0,0],"gold":218,"neow_bonus":"THREE_SMALL_POTIONS","is_daily":false,"chose_seed":false,"campfire_upgraded":7,"win_rate":0.0,"timestamp":1611951939,"path_taken":["R","M","?","M","$","M","T","E","R","M","R","?","?","E","M","BOSS","R","M","M","?","$","?","T","E","R","?","M","?","R","?","M","BOSS","R","M","M","$","?","?","T","?","E","?","M","?","R","M","M","BOSS","E"],"items_purchased_type":["Relic","Card","Card","Card","Card","Relic","Card"],"build_version":"2020-12-22","purchased_purges":1,"victory":false,"max_hp_per_floor":[65,65,65,65,65,65,65,65,65,65,65,65,65,65,65,65,65,65,65,65,45,45,45,45,55,55,55,55,55,55,55,55,55,55,55,55,55,55,55,55,55,55,55,55,55,55,65,65,65,65,65,65,65],"relic_stats":{"Sozu":6,"Peace Pipe":0,"Centennial Puzzle":[60],"Busted Crown":38,"counters":[31,140],"Mummified Hand":[29],"CeramicFish":9,"Whetstone":["Slimebound:Tackle","Bite"],"obtain_stats":[{"Pear":25,"downfall:HeartBlessingRed":35,"CeramicFish":43,"downfall:HeartBlessingGreen":11,"Whetstone":41,"Bottled Tornado":27,"Frozen Egg 2":41,"Mercury Hourglass":38,"Sozu":34,"Peace Pipe":40,"Centennial Puzzle":7,"Slimebound:MaxSlimesRelic":8,"Busted Crown":17,"Matryoshka":24,"Mummified Hand":44,"downfall:HeartBlessingBlue":47,"Slimebound:AbsorbEndCombat":0,"hexamod:BolsterEngine":5,"Meat on the Bone":14},{"Pear":14,"downfall:HeartBlessingRed":19,"CeramicFish":25,"downfall:HeartBlessingGreen":6,"Whetstone":24,"Bottled Tornado":14,"Frozen Egg 2":24,"Mercury Hourglass":22,"Sozu":19,"Peace Pipe":24,"Centennial Puzzle":4,"Slimebound:MaxSlimesRelic":5,"Busted Crown":10,"Matryoshka":13,"Mummified Hand":25,"downfall:HeartBlessingBlue":27,"Slimebound:AbsorbEndCombat":0,"hexamod:BolsterEngine":3,"Meat on the Bone":8},{"Pear":61,"downfall:HeartBlessingRed":83,"CeramicFish":106,"downfall:HeartBlessingGreen":20,"Whetstone":101,"Bottled Tornado":61,"Frozen Egg 2":101,"Mercury Hourglass":94,"Sozu":83,"Peace Pipe":101,"Centennial Puzzle":14,"Slimebound:MaxSlimesRelic":17,"Busted Crown":44,"Matryoshka":54,"Mummified Hand":106,"downfall:HeartBlessingBlue":116,"Slimebound:AbsorbEndCombat":0,"hexamod:BolsterEngine":11,"Meat on the Bone":28}],"Meat on the Bone":48,"Mercury Hourglass":[142]},"card_choices":[{"not_picked":["Slimebound:GoopTackle","Slimebound:ItLooksTasty"],"picked":"Slimebound:PressTheAttack","floor":2},{"not_picked":["Slimebound:SamplingLick","Slimebound:SplitLeeching"],"picked":"Slimebound:SplitBruiser","floor":4},{"not_picked":["Slimebound:LeechingTouch","Slimebound:PressTheAttack"],"picked":"Slimebound:GoopSpray","floor":5},{"not_picked":["Slimebound:ComboTackle","Slimebound:SplitMire"],"picked":"Slimebound:LeechEnergy","floor":6},{"not_picked":["Slimebound:Prepare","Slimebound:LeechingTouch"],"picked":"Slimebound:MinionMaster","floor":8},{"not_picked":["Slimebound:MegaLick","Slimebound:FinishingTackle"],"picked":"Slimebound:LeechEnergy","floor":10},{"not_picked":["Slimebound:LivingWall","Slimebound:SplitAcid"],"picked":"Slimebound:SplitSpecialist","floor":13},{"not_picked":["Slimebound:LeechingTouch","Slimebound:ComboTackle"],"picked":"Slimebound:Schlurp","floor":14},{"not_picked":["Slimebound:ViciousTackle","Slimebound:GoopTackle"],"picked":"Slimebound:LivingWall","floor":15},{"not_picked":["Slimebound:OozeBath","Slimebound:WasteNot"],"picked":"Slimebound:Overexert","floor":16},{"not_picked":["Slimebound:SplitBruiser"],"picked":"SKIP","floor":19},{"not_picked":["Slimebound:GoopTackle"],"picked":"SKIP","floor":20},{"not_picked":["Slimebound:SamplingLick"],"picked":"SKIP","floor":22},{"not_picked":[],"picked":"Slimebound:AcidTongue","floor":25},{"not_picked":[],"picked":"Slimebound:SplitMire","floor":28},{"not_picked":[],"picked":"Slimebound:Repurpose","floor":29},{"not_picked":["Slimebound:SlimeBrawl"],"picked":"SKIP","floor":31},{"not_picked":[],"picked":"Slimebound:HauntingLick","floor":32},{"not_picked":[],"picked":"Slimebound:MassRepurpose","floor":33},{"not_picked":["Slimebound:FlameTackle+1"],"picked":"SKIP","floor":36},{"not_picked":[],"picked":"Slimebound:RejuvenatingLick","floor":37},{"not_picked":[],"picked":"Slimebound:ViciousTackle+1","floor":38},{"not_picked":[],"picked":"Slimebound:TongueLash+1","floor":39},{"not_picked":[],"picked":"Slimebound:PressTheAttack+1","floor":40},{"not_picked":["Slimebound:WasteNot"],"picked":"SKIP","floor":43},{"not_picked":["Slimebound:GoopTackle"],"picked":"SKIP","floor":45},{"not_picked":["Slimebound:HungryTackle+1"],"picked":"SKIP","floor":46},{"not_picked":["Slimebound:LeechEnergy"],"picked":"SKIP","floor":48},{"not_picked":[],"picked":"Slimebound:SplitLeeching","floor":49}],"player_experience":1157432,"relics_obtained":[{"floor":7,"key":"Centennial Puzzle"},{"floor":8,"key":"Slimebound:MaxSlimesRelic"},{"floor":14,"key":"Meat on the Bone"},{"floor":24,"key":"Matryoshka"},{"floor":25,"key":"Pear"},{"floor":27,"key":"Bottled Tornado"},{"floor":40,"key":"Peace Pipe"},{"floor":41,"key":"Frozen Egg 2"},{"floor":41,"key":"Whetstone"},{"floor":43,"key":"CeramicFish"},{"floor":44,"key":"Mummified Hand"}],"event_choices":[{"damage_healed":0,"gold_gain":0,"player_choice":"Became a vampire","damage_taken":0,"max_hp_gain":0,"max_hp_loss":20,"event_name":"Vampires","floor":21,"gold_loss":0,"cards_obtained":["Bite","Bite","Bite","Bite","Bite"]},{"damage_healed":0,"gold_gain":0,"player_choice":"Ignored","damage_taken":0,"max_hp_gain":0,"max_hp_loss":0,"event_name":"Ghosts","floor":23,"gold_loss":0},{"cards_removed":["Slimebound:HauntingLick"],"damage_healed":0,"gold_gain":0,"player_choice":"Removed Skill","damage_taken":0,"max_hp_gain":0,"max_hp_loss":0,"event_name":"Falling","floor":42,"gold_loss":0}],"is_beta":false,"boss_relics":[{"not_picked":["Empty Cage","Calling Bell"],"picked":"Busted Crown"},{"not_picked":["bronze:MakeshiftBattery","Coffee Dripper"],"picked":"Sozu"}],"items_purged_floors":[22],"is_endless":false,"potions_floor_spawned":[2,8,10,13,14,16,19,28,32,36,37,40,43,48,49],"killed_by":"downfall:CharBossMerchant","ascension_level":4}}