{"host":"uq7kwkliedruvd5s","time":1611894492,"event":{"mods":["BaseMod","Downfall","Duelist Mod","Minty Spire (QoL Compilation)","Quick Restart","Replay The Spire","Spicy Shops","StSLib","The Mystic"],"gold_per_floor":[114,114,308,308,308,308,336,356,356,356,370,387,387,405,405,405,405],"floor_reached":16,"language":"ENG","playtime":740,"items_purged":[],"score":100,"play_id":"d68947ad-c104-432d-bb9c-bffe1ec84a0c","local_time":"20210128232812","is_ascension_mode":false,"campfire_choices":[{"data":"Coolheaded","floor":6,"key":"SMITH"},{"data":"Cold Snap","floor":10,"key":"SMITH"},{"data":"Double Energy","floor":13,"key":"SMITH"},{"data":"Chill","floor":15,"key":"SMITH"}],"circlet_count":0,"master_deck":["Strike_B","Strike_B","Strike_B","Defend_B","Defend_B","Defend_B","Defend_B","Zap","Dualcast","Beam Cell","Streamline","CommonCold","Coolheaded+1","Cold Snap","Cold Snap+1","Chill+1","Double Energy+1","Coolheaded"],"relics":["Cracked Core","Ring of Peace","ReplayTheSpireMod:Ring of Challenge","Smiling Mask","Strawberry"],"acts_visited":["Exordium"],"potions_floor_usage":[16,16,16],"damage_taken":[{"damage":2,"enemies":"Jaw Worm","floor":1,"turns":4},{"damage":5,"enemies":"Lagavulin","floor":7,"turns":6},{"damage":0,"enemies":"2 Louse","floor":8,"turns":3},{"damage":0,"enemies":"Small Slimes","floor":11,"turns":3},{"damage":0,"enemies":"Red Slaver","floor":12,"turns":3},{"damage":0,"enemies":"2 Fungi Beasts","floor":14,"turns":5},{"damage":77,"enemies":"Hexaghost","floor":16,"turns":18}],"seed_played":"8986707551054093979","potions_obtained":[{"floor":5,"key":"Ancient Potion"},{"floor":5,"key":"bronze:BurnAndBuffPotion"},{"floor":5,"key":"PowerPotion"},{"floor":8,"key":"Block Potion"},{"floor":14,"key":"PowerPotion"}],"is_trial":false,"path_per_floor":["M","?","?","?","?","R","E","M","T","R","M","M","R","M","R","B"],"character_chosen":"DEFECT","items_purchased":[],"campfire_rested":0,"item_purchase_floors":[],"current_hp_per_floor":[73,73,73,73,73,73,68,68,75,75,75,75,75,75,75,0,0],"gold":405,"neow_bonus":"RANDOM_EVENT","is_daily":false,"chose_seed":false,"campfire_upgraded":4,"win_rate":0.0,"timestamp":1611894492,"path_taken":["M","?","?","?","?","R","E","M","T","R","M","?","R","M","R","BOSS"],"items_purchased_type":[],"build_version":"2020-12-22","purchased_purges":0,"victory":false,"max_hp_per_floor":[75,75,75,75,75,75,75,75,82,82,82,82,82,82,82,82,82],"card_choices":[{"not_picked":["Redo","Go for the Eyes"],"picked":"Streamline","floor":1},{"not_picked":["Turbo","Conserve Battery"],"picked":"Coolheaded","floor":3},{"not_picked":["Amplify","Sweeping Beam"],"picked":"Cold Snap","floor":7},{"not_picked":["Rebound","Redo"],"picked":"Cold Snap","floor":8},{"not_picked":["ReplayTheSpireMod:Fabricate Wheel","Stack"],"picked":"Chill","floor":11},{"not_picked":["Conserve Battery","Go for the Eyes"],"picked":"Double Energy","floor":12},{"not_picked":["Rip and Tear","ReplaySolidLightProjector"],"picked":"Coolheaded","floor":14}],"player_experience":62235,"relics_obtained":[{"floor":2,"key":"Ring of Peace"},{"floor":2,"key":"ReplayTheSpireMod:Ring of Challenge"},{"floor":7,"key":"Smiling Mask"},{"floor":9,"key":"Strawberry"}],"event_choices":[{"damage_healed":0,"gold_gain":0,"cards_transformed":["Strike_B"],"player_choice":"Change","damage_taken":0,"max_hp_gain":0,"max_hp_loss":0,"event_name":"Living Wall","floor":0,"gold_loss":0,"cards_obtained":["Beam Cell"]},{"damage_healed":0,"gold_gain":0,"player_choice":"Ignored","damage_taken":0,"max_hp_gain":0,"max_hp_loss":0,"event_name":"Liars Game","floor":4,"gold_loss":0},{"damage_healed":0,"gold_gain":0,"player_choice":"Got Potions","damage_taken":0,"max_hp_gain":0,"max_hp_loss":0,"event_name":"Lab","floor":5,"gold_loss":0}],"is_beta":false,"boss_relics":[],"items_purged_floors":[],"is_endless":false,"potions_floor_spawned":[8,12,14],"killed_by":"Hexaghost","ascension_level":0}}