{"host":"bg8va46pgqgvtzim","time":1611927385,"event":{"mods":["BaseMod","Minty Spire (QoL Compilation)","Quick Restart","StSLib","SuperFastMode"],"gold_per_floor":[51,105,4,36,89,89,89,89,138,138,213,305,255,278,278,278,278,413,413,413,521,521,521,521,724,724,762,555,591,661,661,598,636,743,743,812,868,908,962,962,962,998,998,998,998,1054,1115,1115,1115,1244,1244,1282,1322,1146,1146,1221,1263,1175,1175,1233,1233,1292,1292,1292,1411,1411,1447,1447,1483,1568,1568,1593,1593,1593,1225,1257,1257],"floor_reached":78,"language":"ZHS","playtime":2028,"items_purged":["Strike_G","Defend_G","Defend_G","Defend_G","Distraction+1","HandOfGreed+1"],"score":1764,"play_id":"7ea9f2d9-7a4c-4266-a6a8-0a5688220789","local_time":"20210129213625","is_ascension_mode":true,"campfire_choices":[{"data":"Accuracy","floor":8.0,"key":"SMITH"},{"data":"HandOfGreed","floor":17.0,"key":"SMITH"},{"floor":20.0,"key":"REST"},{"data":"Tactician","floor":23.0,"key":"SMITH"},{"data":"Prepared","floor":24.0,"key":"SMITH"},{"data":"Expertise","floor":35.0,"key":"SMITH"},{"data":"Blade Dance","floor":41.0,"key":"SMITH"},{"data":"Terror","floor":43.0,"key":"SMITH"},{"data":"Adrenaline","floor":45.0,"key":"SMITH"},{"data":"Neutralize","floor":48.0,"key":"SMITH"},{"floor":49.0,"key":"RECALL"},{"data":"Well Laid Plans","floor":59.0,"key":"SMITH"},{"floor":61.0,"key":"REST"},{"floor":64.0,"key":"REST"},{"floor":68.0,"key":"REST"},{"floor":71,"key":"REST"},{"floor":74,"key":"REST"}],"circlet_count":0,"master_deck":["Neutralize+1","Accuracy+1","Tactician+1","Blade Dance+1","Terror+1","Prepared+1","Adrenaline+1","Blur+1","Tactician+1","Eviscerate+1","Well Laid Plans+1","Expertise+1","Well Laid Plans+1","Backflip+1","Acrobatics+1","Setup+1","Concentrate+1","Prepared+1","Acrobatics+1","Escape Plan+1","Backflip+1"],"relics":["Ring of the Snake","Juzu Bracelet","Blood Vial","Question Card","Potion Belt","Centennial Puzzle","Astrolabe","Membership Card","Toxic Egg 2","Matryoshka","Orichalcum","Toy Ornithopter","Snake Skull","Oddly Smooth Stone","Cursed Key","Bag of Preparation","Lizard Tail","Pen Nib","Boot","Anchor","Art of War","Toolbox","Strawberry"],"acts_visited":["Exordium","TheCity","TheBeyond","TheEnding"],"potions_floor_usage":[77,77,77,77,77],"damage_taken":[{"damage":0.0,"enemies":"Small Slimes","floor":1.0,"turns":3.0},{"damage":0.0,"enemies":"2 Louse","floor":2.0,"turns":4.0},{"damage":0.0,"enemies":"Cultist","floor":4.0,"turns":3.0},{"damage":2.0,"enemies":"Large Slime","floor":5.0,"turns":8.0},{"damage":7.0,"enemies":"Gremlin Nob","floor":9.0,"turns":3.0},{"damage":7.0,"enemies":"Gremlin Gang","floor":12.0,"turns":7.0},{"damage":17.0,"enemies":"Lots of Slimes","floor":18.0,"turns":10.0},{"damage":15.0,"enemies":"3 Sentries","floor":21.0,"turns":8.0},{"damage":12.0,"enemies":"Slime Boss","floor":25.0,"turns":14.0},{"damage":1.0,"enemies":"Chosen","floor":27.0,"turns":2.0},{"damage":0.0,"enemies":"Spheric Guardian","floor":29.0,"turns":3.0},{"damage":4.0,"enemies":"Centurion and Healer","floor":30.0,"turns":4.0},{"damage":0.0,"enemies":"Snecko","floor":33.0,"turns":2.0},{"damage":29.0,"enemies":"Slavers","floor":34.0,"turns":5.0},{"damage":0.0,"enemies":"Chosen and Byrds","floor":36.0,"turns":3.0},{"damage":0.0,"enemies":"Book of Stabbing","floor":37.0,"turns":3.0},{"damage":0.0,"enemies":"Snake Plant","floor":38.0,"turns":2.0},{"damage":7.0,"enemies":"Snecko","floor":42.0,"turns":3.0},{"damage":0.0,"enemies":"Gremlin Leader","floor":46.0,"turns":2.0},{"damage":0.0,"enemies":"Shelled Parasite and Fungi","floor":47.0,"turns":2.0},{"damage":0.0,"enemies":"Champ","floor":50.0,"turns":3.0},{"damage":0.0,"enemies":"Orb Walker","floor":52.0,"turns":1.0},{"damage":0.0,"enemies":"3 Darklings","floor":53.0,"turns":2.0},{"damage":0.0,"enemies":"Mind Bloom Boss Battle","floor":56.0,"turns":1.0},{"damage":0.0,"enemies":"Spire Growth","floor":57.0,"turns":1.0},{"damage":0.0,"enemies":"Nemesis","floor":60.0,"turns":1.0},{"damage":0.0,"enemies":"Giant Head","floor":62.0,"turns":1.0},{"damage":0.0,"enemies":"4 Shapes","floor":65.0,"turns":1.0},{"damage":0.0,"enemies":"Transient","floor":67.0,"turns":1.0},{"damage":0.0,"enemies":"Spire Growth","floor":69.0,"turns":1.0},{"damage":0,"enemies":"Sphere and 2 Shapes","floor":70,"turns":1},{"damage":15,"enemies":"Time Eater","floor":72,"turns":8},{"damage":0,"enemies":"Shield and Spear","floor":76,"turns":1},{"damage":0,"enemies":"The Heart","floor":77,"turns":3}],"seed_played":"6263411242931906996","potions_obtained":[{"floor":1.0,"key":"DuplicationPotion"},{"floor":4.0,"key":"Fire Potion"},{"floor":18.0,"key":"Strength Potion"},{"floor":27.0,"key":"AttackPotion"},{"floor":30.0,"key":"Strength Potion"},{"floor":33.0,"key":"Explosive Potion"},{"floor":36.0,"key":"Regen Potion"},{"floor":47.0,"key":"Energy Potion"},{"floor":50.0,"key":"Strength Potion"},{"floor":52.0,"key":"Ancient Potion"}],"is_trial":false,"path_per_floor":["M","M","$","M","M","?","$","R","E","?","?","M","?","T","T","?","R","M","?","R","E","?","R","R","B",null,"M","$","M","M","?","$","M","E","R","M","E","M","T","T","R","M","R","?","R","E","M","R","R","B",null,"M","M","$","?","?","M","$","R","E","R","E","T","R","M","?","M","R","M","M","R","B",null,"R","$","E","B",null],"character_chosen":"THE_SILENT","items_purchased":["Blade Dance","Membership Card","Bag of Preparation","Acrobatics+1","Anchor","Art of War","Toolbox","GhostInAJar"],"campfire_rested":6,"item_purchase_floors":[3,28,54,54,75,75,75,75],"current_hp_per_floor":[70,70,70,70,68,61,61,61,54,59,48,41,41,41,41,41,41,26,26,48,35,28,28,28,18,75,74,74,75,71,71,71,73,46,46,48,50,52,52,52,52,47,47,47,47,49,51,51,51,53,75,75,75,75,75,75,75,75,75,75,75,75,75,75,75,71,71,71,71,71,71,56,71,71,71,78,78],"gold":1257,"neow_bonus":"RANDOM_COLORLESS_2","is_daily":false,"chose_seed":false,"campfire_upgraded":10,"win_rate":0.0,"timestamp":1611927385,"path_taken":["M","M","$","M","M","?","$","R","E","?","?","M","?","T","T","?","R","M","?","R","E","?","R","R","BOSS","M","$","M","M","?","$","M","E","R","M","E","M","T","T","R","M","R","?","R","E","M","R","R","BOSS","M","M","$","?","?","M","$","R","E","R","E","T","R","M","?","M","R","M","M","R","BOSS","R","$","E","BOSS"],"items_purchased_type":["Card","Relic","Relic","Card","Relic","Relic","Relic","Potion"],"build_version":"2020-12-22","purchased_purges":6,"victory":true,"max_hp_per_floor":[70,70,70,70,70,70,70,70,70,75,75,75,75,75,75,75,75,75,75,75,75,75,75,75,75,75,75,75,75,75,75,75,75,75,75,75,75,75,75,75,75,75,75,75,75,75,75,75,75,75,75,75,75,75,75,75,75,75,75,75,75,75,75,75,75,71,71,71,71,71,71,71,71,71,71,78,78],"card_choices":[{"not_picked":["Mayhem","Secret Technique"],"picked":"HandOfGreed","floor":0.0},{"not_picked":["Quick Slash","Concentrate"],"picked":"Accuracy","floor":1.0},{"not_picked":["Predator","Deflect"],"picked":"Tactician","floor":2.0},{"not_picked":["Flying Knee","All Out Attack","Bane"],"picked":"SKIP","floor":4.0},{"not_picked":["Bane","Endless Agony"],"picked":"Terror","floor":5.0},{"not_picked":["Distraction","PiercingWail","Die Die Die"],"picked":"SKIP","floor":9.0},{"not_picked":["Deadly Poison","Poisoned Stab","Dodge and Roll"],"picked":"SKIP","floor":12.0},{"not_picked":["Dodge and Roll","Quick Slash","Dash","PiercingWail"],"picked":"SKIP","floor":18.0},{"not_picked":["PiercingWail","Dagger Spray","Unload"],"picked":"Prepared","floor":21.0},{"not_picked":["Envenom","Phantasmal Killer","Glass Knife"],"picked":"Adrenaline","floor":25.0},{"not_picked":["Bane","Dagger Throw","Cloak And Dagger","Dash+1"],"picked":"SKIP","floor":27.0},{"not_picked":["Sucker Punch","Poisoned Stab","Prepared+1"],"picked":"Well Laid Plans+1","floor":29.0},{"not_picked":["Prepared","Poisoned Stab","PiercingWail"],"picked":"Expertise","floor":30.0},{"not_picked":["Backstab","Poisoned Stab+1","Bouncing Flask","Storm of Steel"],"picked":"SKIP","floor":33.0},{"not_picked":["Dagger Throw","Backstab+1","Dodge and Roll+1","Infinite Blades+1"],"picked":"SKIP","floor":34.0},{"not_picked":["Sucker Punch","Bane","Prepared+1"],"picked":"Backflip+1","floor":36.0},{"not_picked":["Outmaneuver+1","Masterful Stab+1","Blade Dance+1","Quick Slash+1"],"picked":"SKIP","floor":37.0},{"not_picked":["Glass Knife","Sucker Punch+1","Well Laid Plans","Backflip+1"],"picked":"SKIP","floor":38.0},{"not_picked":["Outmaneuver+1","Calculated Gamble+1","Underhanded Strike"],"picked":"Acrobatics+1","floor":42.0},{"not_picked":["Underhanded Strike","Malaise+1","Poisoned Stab","Slice"],"picked":"SKIP","floor":46.0},{"not_picked":["Footwork","Flying Knee","PiercingWail+1"],"picked":"Setup+1","floor":47.0},{"not_picked":["Noxious Fumes+1","PiercingWail+1","Dash"],"picked":"Concentrate+1","floor":52.0},{"not_picked":["Blade Dance+1","Underhanded Strike","Outmaneuver+1"],"picked":"Prepared+1","floor":53.0},{"not_picked":["Slice+1","Tactician+1","Skewer+1","Bane+1"],"picked":"SKIP","floor":57.0},{"not_picked":["Blade Dance+1","Glass Knife","Dagger Throw"],"picked":"Escape Plan+1","floor":60.0},{"not_picked":["Escape Plan+1","Tactician+1","Deadly Poison+1","Flechettes"],"picked":"SKIP","floor":62.0},{"not_picked":["Deflect+1","Quick Slash+1","Leg Sweep+1","Prepared+1"],"picked":"SKIP","floor":65.0},{"not_picked":["Dagger Throw+1","Quick Slash+1","Slice","Dagger Spray"],"picked":"SKIP","floor":67.0},{"not_picked":["Predator","Deadly Poison+1","Dagger Throw","Outmaneuver+1"],"picked":"SKIP","floor":69.0},{"not_picked":["Flying Knee+1","Eviscerate+1","Deadly Poison+1","Grand Finale"],"picked":"SKIP","floor":70},{"not_picked":["Outmaneuver+1","Underhanded Strike+1","Quick Slash+1"],"picked":"Backflip+1","floor":76}],"player_experience":2338843,"relics_obtained":[{"floor":9.0,"key":"Juzu Bracelet"},{"floor":14.0,"key":"Blood Vial"},{"floor":15.0,"key":"Question Card"},{"floor":21.0,"key":"Potion Belt"},{"floor":34.0,"key":"Toxic Egg 2"},{"floor":37.0,"key":"Matryoshka"},{"floor":39.0,"key":"Orichalcum"},{"floor":39.0,"key":"Toy Ornithopter"},{"floor":40.0,"key":"Snake Skull"},{"floor":46.0,"key":"Oddly Smooth Stone"},{"floor":56.0,"key":"Lizard Tail"},{"floor":60.0,"key":"Pen Nib"},{"floor":62.0,"key":"Boot"},{"floor":76,"key":"Strawberry"}],"event_choices":[{"cards_removed":["Strike_G"],"damage_healed":0.0,"max_hp_gain":0.0,"max_hp_loss":0.0,"gold_gain":0.0,"event_name":"Golden Wing","player_choice":"Card Removal","floor":6.0,"gold_loss":0.0,"damage_taken":7.0},{"damage_healed":0.0,"max_hp_gain":5.0,"max_hp_loss":0.0,"gold_gain":0.0,"event_name":"Big Fish","player_choice":"Donut","floor":10.0,"gold_loss":0.0,"damage_taken":0.0},{"damage_healed":0.0,"max_hp_gain":0.0,"max_hp_loss":0.0,"gold_gain":75.0,"event_name":"World of Goop","player_choice":"Gather Gold","floor":11.0,"gold_loss":0.0,"damage_taken":11.0},{"cards_removed":["Strike_G"],"damage_healed":0.0,"max_hp_gain":0.0,"max_hp_loss":0.0,"gold_gain":0.0,"event_name":"The Cleric","player_choice":"Card Removal","floor":13.0,"gold_loss":50.0,"damage_taken":0.0},{"damage_healed":0.0,"max_hp_gain":0.0,"max_hp_loss":0.0,"gold_gain":0.0,"cards_transformed":["Strike_G"],"event_name":"Transmorgrifier","player_choice":"Transformed","floor":16.0,"gold_loss":0.0,"damage_taken":0.0,"cards_obtained":["Predator"]},{"damage_healed":0.0,"max_hp_gain":0.0,"max_hp_loss":0.0,"gold_gain":0.0,"cards_transformed":["Strike_G"],"event_name":"Living Wall","player_choice":"Change","floor":19.0,"gold_loss":0.0,"damage_taken":0.0,"cards_obtained":["Dagger Throw"]},{"damage_healed":0.0,"max_hp_gain":0.0,"max_hp_loss":0.0,"gold_gain":0.0,"event_name":"Scrap Ooze","player_choice":"Success","floor":22.0,"gold_loss":0.0,"damage_taken":7.0,"relics_obtained":["Centennial Puzzle"]},{"damage_healed":0.0,"max_hp_gain":0.0,"max_hp_loss":0.0,"gold_gain":0.0,"cards_transformed":["Defend_G"],"event_name":"Transmorgrifier","player_choice":"Transformed","floor":31.0,"gold_loss":0.0,"damage_taken":0.0,"cards_obtained":["Well Laid Plans"]},{"damage_healed":0.0,"max_hp_gain":0.0,"max_hp_loss":0.0,"gold_gain":0.0,"event_name":"Ghosts","player_choice":"Ignored","floor":44.0,"gold_loss":0.0,"damage_taken":0.0},{"damage_healed":0.0,"max_hp_gain":0.0,"max_hp_loss":0.0,"gold_gain":0.0,"cards_transformed":["Survivor"],"event_name":"Transmorgrifier","player_choice":"Transformed","floor":55.0,"gold_loss":0.0,"damage_taken":0.0,"cards_obtained":["Distraction"]},{"damage_healed":0.0,"max_hp_gain":0.0,"max_hp_loss":0.0,"gold_gain":0.0,"event_name":"MindBloom","player_choice":"Fight","floor":56.0,"gold_loss":0.0,"damage_taken":0.0},{"damage_healed":0.0,"max_hp_gain":0.0,"max_hp_loss":4.0,"gold_gain":0.0,"event_name":"Winding Halls","player_choice":"Max HP","floor":66.0,"gold_loss":0.0,"damage_taken":0.0}],"is_beta":false,"boss_relics":[{"not_picked":["Busted Crown","Ectoplasm"],"picked":"Astrolabe"},{"not_picked":["Sozu","Velvet Choker"],"picked":"Cursed Key"}],"items_purged_floors":[3,28,32,54,58,75],"is_endless":false,"potions_floor_spawned":[1,4,18,27,30,33,36,47,50,52,56,62,69,76],"ascension_level":1}}