{"host":"7v5hyrhprwh0garb","time":1611892674,"event":{"mods":["BaseMod","Downfall","Minty Spire (QoL Compilation)","StSLib"],"gold_per_floor":[99,99,118,132,132,132,132,42,53,63,63,77,77,62,77,176,176,176,187,187,36,36,36,36,36],"floor_reached":23,"language":"ENG","playtime":1486,"items_purged":["Slimebound:Strike_Slimebound","Slimebound:Strike_Slimebound"],"score":179,"play_id":"2fb6cbcb-4c0e-4113-98cd-eefad827b77b","local_time":"20210128225754","is_ascension_mode":false,"campfire_choices":[{"data":"Slimebound:CorrosiveSpit","floor":1,"key":"SMITH"},{"data":"Slimebound:GoopSpray","floor":6,"key":"SMITH"},{"data":"Slimebound:Equalize","floor":13,"key":"SMITH"},{"data":"Slimebound:LevelUp","floor":18,"key":"SMITH"}],"circlet_count":0,"master_deck":["Slimebound:Strike_Slimebound","Slimebound:Tackle","Slimebound:Defend_Slimebound","Slimebound:Defend_Slimebound","Slimebound:Defend_Slimebound","Slimebound:Split","Slimebound:CorrosiveSpit+1","Slimebound:PressTheAttack","Slimebound:GoopSpray+1","Slimebound:Equalize+1","Slimebound:SlimeSpikes","Slimebound:LevelUp+1","Slimebound:PressTheAttack","Slimebound:Schlurp","Slimebound:LevelUp+1","Slimebound:LeechLife","Slimebound:LeechEnergy","Slimebound:MegaLick+1","Slimebound:RejuvenatingLick"],"relics":["Slimebound:AbsorbEndCombat","Slimebound:MaxSlimesRelic"],"acts_visited":["Exordium","TheCity"],"potions_floor_usage":[23,23,23,23,23],"damage_taken":[{"damage":7,"enemies":"Jaw Worm","floor":3,"turns":3},{"damage":1,"enemies":"Cultist","floor":4,"turns":3},{"damage":5,"enemies":"downfall:FleeingMerchant","floor":8,"turns":4},{"damage":3,"enemies":"Small Slimes","floor":9,"turns":2},{"damage":1,"enemies":"Exordium Wildlife","floor":10,"turns":4},{"damage":4,"enemies":"Large Slime","floor":12,"turns":6},{"damage":5,"enemies":"downfall:FleeingMerchant","floor":14,"turns":4},{"damage":0,"enemies":"2 Fungi Beasts","floor":15,"turns":3},{"damage":29,"enemies":"SI_SHIV_ARCHETYPE","floor":16,"turns":10},{"damage":2,"enemies":"Shell Parasite","floor":19,"turns":7},{"damage":15,"enemies":"downfall:FleeingMerchant","floor":21,"turns":4},{"damage":82,"enemies":"Gremlin Leader","floor":23,"turns":8}],"seed_played":"6718560471807057913","potions_obtained":[{"floor":4,"key":"DuplicationPotion"},{"floor":9,"key":"Weak Potion"},{"floor":10,"key":"Dexterity Potion"},{"floor":16,"key":"EntropicBrew"}],"is_trial":false,"path_per_floor":["R","?","M","M","?","R","T","$","M","M","?","M","R","$","M","B",null,"R","M","?","$","?","E"],"character_chosen":"SLIMEBOUND","items_purchased":["Slimebound:RejuvenatingLick"],"campfire_rested":0,"item_purchase_floors":[21],"current_hp_per_floor":[71,71,66,69,69,69,69,70,71,71,71,70,70,69,71,51,71,71,71,71,71,71,0,0,0],"gold":36,"neow_bonus":"TEN_PERCENT_HP_BONUS","is_daily":false,"chose_seed":false,"campfire_upgraded":4,"win_rate":0.0,"timestamp":1611892674,"path_taken":["R","?","?","M","?","R","T","$","M","M","?","M","R","?","M","BOSS","R","M","?","$","?","E"],"items_purchased_type":["Card"],"build_version":"2020-12-22","purchased_purges":2,"victory":false,"max_hp_per_floor":[71,71,71,71,71,71,71,71,71,71,71,71,71,71,71,71,71,71,71,71,71,71,71,71,71],"card_choices":[{"not_picked":["Slimebound:LeechingTouch","Slimebound:GoopTackle"],"picked":"Slimebound:PressTheAttack","floor":3},{"not_picked":["Slimebound:SplitAcid","Slimebound:ItLooksTasty"],"picked":"Slimebound:GoopSpray","floor":4},{"not_picked":["Slimebound:Gluttony","Slimebound:ComboTackle"],"picked":"Slimebound:Equalize","floor":8},{"not_picked":["Slimebound:SplitMire","Slimebound:ItLooksTasty"],"picked":"Slimebound:SlimeSpikes","floor":9},{"not_picked":["Slimebound:SamplingLick","Slimebound:Replication"],"picked":"Slimebound:LevelUp","floor":10},{"not_picked":["Slimebound:SlimeBarrage","Slimebound:HauntingLick"],"picked":"Slimebound:PressTheAttack","floor":12},{"not_picked":["Slimebound:Equalize","Slimebound:SplitLeeching"],"picked":"Slimebound:Schlurp","floor":14},{"not_picked":["Slimebound:Nibble","Slimebound:PressTheAttack"],"picked":"Slimebound:LevelUp","floor":15},{"not_picked":["Slimebound:DouseInSlime","Slimebound:DuplicatedForm"],"picked":"Slimebound:LeechLife","floor":16},{"not_picked":["Slimebound:LevelUp+1","Slimebound:RainOfGoop"],"picked":"Slimebound:LeechEnergy","floor":19},{"not_picked":["Slimebound:PressTheAttack","Slimebound:BestDefense+1"],"picked":"Slimebound:MegaLick+1","floor":21}],"player_experience":126781,"relics_obtained":[{"floor":7,"key":"Slimebound:MaxSlimesRelic"}],"event_choices":[{"damage_healed":0,"gold_gain":0,"player_choice":"Ignored","damage_taken":0,"max_hp_gain":0,"max_hp_loss":0,"event_name":"NoteForYourself","floor":2,"gold_loss":0},{"damage_healed":0,"gold_gain":0,"player_choice":"Grow","damage_taken":0,"max_hp_gain":0,"max_hp_loss":0,"event_name":"Living Wall","floor":11,"gold_loss":0,"cards_upgraded":["Slimebound:LevelUp"]}],"is_beta":false,"boss_relics":[{"not_picked":["Snecko Eye","Sozu","Velvet Choker"]}],"items_purged_floors":[8,21],"is_endless":false,"potions_floor_spawned":[4,9,10,16],"killed_by":"Gremlin Leader","ascension_level":0}}