{"host":"wha9hktbkslqvblg","time":1611924042,"event":{"mods":["BaseMod","Colored Map","Minty Spire (QoL Compilation)","Relic Stats","SuperFastMode","everything is the same but u backflip on backflip"],"gold_per_floor":[117,42,42,42,13,43,61,96,96,128,139,139,139],"floor_reached":12,"language":"KOR","playtime":160,"items_purged":[],"score":242,"play_id":"4be5a23b-5dbb-4300-bab6-ae857063642e","local_time":"20210129214042","is_ascension_mode":true,"campfire_choices":[],"circlet_count":0,"master_deck":["AscendersBane","Strike_R","Strike_R","Strike_R","Defend_R","Defend_R","Defend_R","Defend_R","Bash","Wild Strike","Hemokinesis","Anger","Blood for Blood","Flame Barrier","Rage","Shrug It Off"],"relics":["Burning Blood","NeowsBlessing","Art of War","Juzu Bracelet","Letter Opener","Incense Burner"],"acts_visited":["Exordium"],"potions_floor_usage":[10],"damage_taken":[{"damage":0,"enemies":"2 Louse","floor":1,"turns":1},{"damage":0,"enemies":"Gremlin Nob","floor":6,"turns":1},{"damage":0,"enemies":"Small Slimes","floor":7,"turns":1},{"damage":27,"enemies":"3 Sentries","floor":8,"turns":8},{"damage":34,"enemies":"Gremlin Nob","floor":10,"turns":4},{"damage":5,"enemies":"Jaw Worm","floor":11,"turns":4},{"damage":0,"enemies":"3 Sentries","floor":12,"turns":1}],"seed_played":"-1670269280842985659","potions_obtained":[{"floor":8,"key":"Swift Potion"}],"is_trial":false,"path_per_floor":["M","?","?","?","$","E","M","E","T","E","M","E"],"character_chosen":"IRONCLAD","items_purchased":["Anger"],"campfire_rested":0,"item_purchase_floors":[5],"current_hp_per_floor":[74,74,74,74,74,75,75,54,54,26,27,27,27],"gold":139,"neow_bonus":"THREE_ENEMY_KILL","is_daily":false,"chose_seed":false,"campfire_upgraded":0,"win_rate":0.0,"timestamp":1611924042,"path_taken":["M","?","?","?","?","E","M","E","T","E","M","E"],"items_purchased_type":["Card"],"build_version":"2020-12-22","purchased_purges":0,"victory":false,"max_hp_per_floor":[75,75,75,75,75,75,75,75,75,75,75,75,75],"relic_stats":{"counters":[7,20],"Art of War":[0],"Juzu Bracelet":0,"Letter Opener":[0],"obtain_stats":[{"NeowsBlessing":0,"Art of War":6,"Juzu Bracelet":8,"Incense Burner":10,"Letter Opener":9,"Burning Blood":0},{"NeowsBlessing":0,"Art of War":2,"Juzu Bracelet":4,"Incense Burner":5,"Letter Opener":4,"Burning Blood":0},{"NeowsBlessing":0,"Art of War":2,"Juzu Bracelet":11,"Incense Burner":15,"Letter Opener":11,"Burning Blood":0}],"Burning Blood":25},"card_choices":[{"not_picked":["Rupture","True Grit"],"picked":"Wild Strike","floor":1},{"not_picked":["Sever Soul","Shrug It Off"],"picked":"Blood for Blood","floor":6},{"not_picked":["Warcry","Body Slam"],"picked":"Flame Barrier","floor":7},{"not_picked":["Wild Strike","Berserk"],"picked":"Rage","floor":8},{"not_picked":["Headbutt","Intimidate"],"picked":"Shrug It Off","floor":10},{"not_picked":["Perfected Strike","Whirlwind","Warcry"],"picked":"SKIP","floor":11}],"player_experience":990348,"relics_obtained":[{"floor":6,"key":"Art of War"},{"floor":8,"key":"Juzu Bracelet"},{"floor":9,"key":"Letter Opener"},{"floor":10,"key":"Incense Burner"}],"event_choices":[{"cards_removed":["Strike_R"],"damage_healed":0,"gold_gain":0,"player_choice":"Card Removal","damage_taken":0,"max_hp_gain":0,"max_hp_loss":0,"event_name":"The Cleric","floor":2,"gold_loss":75},{"damage_healed":0,"gold_gain":0,"player_choice":"Ignored","damage_taken":0,"max_hp_gain":0,"max_hp_loss":0,"event_name":"Liars Game","floor":3,"gold_loss":0},{"damage_healed":0,"gold_gain":0,"cards_transformed":["Strike_R"],"player_choice":"Change","damage_taken":0,"max_hp_gain":0,"max_hp_loss":0,"event_name":"Living Wall","floor":4,"gold_loss":0,"cards_obtained":["Hemokinesis"]}],"is_beta":false,"boss_relics":[],"items_purged_floors":[],"is_endless":false,"potions_floor_spawned":[8],"killed_by":"3 Sentries","ascension_level":20}}