{"host":"jpzdg3po3tjxdjri","time":1611879030,"event":{"mods":["BaseMod","Better Third Choice","Colored Map","Colored Powertips","Minty Spire (QoL Compilation)","StSLib"],"gold_per_floor":[364,374,84,111,51,51,95,110,162,196,271,300,300,323,323,409,409,428,428,428],"floor_reached":19,"language":"ENG","playtime":600,"items_purged":["Writhe"],"score":287,"play_id":"2c57c2f1-3b17-49c9-9f5e-819b04ca1f8d","local_time":"20210129001030","is_ascension_mode":true,"campfire_choices":[{"data":"Noxious Fumes","floor":6,"key":"SMITH"},{"floor":15,"key":"REST"}],"circlet_count":0,"master_deck":["AscendersBane","Strike_G","Strike_G","Strike_G","Strike_G","Strike_G","Defend_G","Defend_G","Defend_G","Defend_G","Defend_G","Survivor","Neutralize","Dagger Spray","Bouncing Flask","Footwork","Dagger Throw","Noxious Fumes+1","Infinite Blades","Dash","Deadly Poison","PiercingWail","Burst","Poisoned Stab"],"relics":["Ring of the Snake","CeramicFish","Ninja Scroll","Boot","Odd Mushroom","CultistMask","SlaversCollar"],"acts_visited":["Exordium","TheCity"],"potions_floor_usage":[8,10],"damage_taken":[{"damage":4,"enemies":"Small Slimes","floor":1,"turns":5},{"damage":0,"enemies":"Cultist","floor":2,"turns":4},{"damage":2,"enemies":"Jaw Worm","floor":4,"turns":5},{"damage":23,"enemies":"Gremlin Nob","floor":7,"turns":4},{"damage":3,"enemies":"Looter","floor":8,"turns":4},{"damage":1,"enemies":"The Mushroom Lair","floor":10,"turns":3},{"damage":0,"enemies":"Large Slime","floor":12,"turns":3},{"damage":0,"enemies":"2 Fungi Beasts","floor":14,"turns":3},{"damage":40,"enemies":"The Guardian","floor":16,"turns":9},{"damage":46,"enemies":"Spheric Guardian","floor":18,"turns":6},{"damage":11,"enemies":"Shell Parasite","floor":19,"turns":6}],"seed_played":"3104856775382904312","potions_obtained":[{"floor":1,"key":"Regen Potion"},{"floor":7,"key":"Fire Potion"},{"floor":8,"key":"Fruit Juice"},{"floor":12,"key":"SmokeBomb"},{"floor":16,"key":"Weak Potion"}],"is_trial":false,"path_per_floor":["M","M","$","M","$","R","E","M","T","?","?","M","?","M","R","B",null,"M","M"],"character_chosen":"THE_SILENT","items_purchased":["Footwork","CeramicFish","Noxious Fumes"],"campfire_rested":1,"item_purchase_floors":[3,3,5],"current_hp_per_floor":[55,55,55,53,53,53,30,32,32,31,20,20,20,20,41,1,54,8,0,0],"gold":428,"neow_bonus":"TWO_FIFTY_GOLD","is_daily":false,"chose_seed":false,"campfire_upgraded":1,"win_rate":0.0,"timestamp":1611879030,"path_taken":["M","M","$","M","$","R","E","M","T","?","?","M","?","?","R","BOSS","M","M"],"items_purchased_type":["Card","Relic","Card"],"build_version":"2020-12-22","purchased_purges":1,"victory":false,"max_hp_per_floor":[66,66,66,66,66,66,66,71,71,71,71,71,71,71,71,71,71,71,71,71],"card_choices":[{"not_picked":["Deflect","Dagger Throw"],"picked":"Dagger Spray","floor":1},{"not_picked":["Well Laid Plans","Prepared"],"picked":"Bouncing Flask","floor":2},{"not_picked":["Blade Dance","Expertise"],"picked":"Dagger Throw","floor":4},{"not_picked":["Flying Knee","Acrobatics"],"picked":"Infinite Blades","floor":7},{"not_picked":["Grand Finale","Flying Knee","Concentrate"],"picked":"SKIP","floor":8},{"not_picked":["Choke","All Out Attack"],"picked":"Dash","floor":10},{"not_picked":["Underhanded Strike","Flying Knee"],"picked":"Deadly Poison","floor":12},{"not_picked":["Endless Agony","Accuracy"],"picked":"PiercingWail","floor":14},{"not_picked":["Grand Finale","Bullet Time"],"picked":"Burst","floor":16},{"not_picked":["Blade Dance","Calculated Gamble"],"picked":"Poisoned Stab","floor":18}],"player_experience":870884,"relics_obtained":[{"floor":7,"key":"Ninja Scroll"},{"floor":9,"key":"Boot"},{"floor":10,"key":"Odd Mushroom"}],"event_choices":[{"damage_healed":0,"gold_gain":0,"player_choice":"Fought Mushrooms","damage_taken":0,"max_hp_gain":0,"max_hp_loss":0,"event_name":"Mushrooms","floor":10,"gold_loss":0},{"damage_healed":0,"gold_gain":75,"player_choice":"Gold","damage_taken":11,"max_hp_gain":0,"max_hp_loss":0,"event_name":"betterThird:BetterGoop","floor":11,"gold_loss":0},{"damage_healed":0,"gold_gain":0,"player_choice":"Trade","damage_taken":0,"relics_obtained":["CultistMask"],"max_hp_gain":0,"max_hp_loss":0,"event_name":"FaceTrader","floor":13,"gold_loss":0}],"is_beta":false,"boss_relics":[{"not_picked":["Ectoplasm","Runic Pyramid"],"picked":"SlaversCollar"}],"items_purged_floors":[3],"is_endless":false,"potions_floor_spawned":[1,7,8,12,16],"killed_by":"Shell Parasite","ascension_level":14}}