{"host":"2brg86hfzr3u5cix","time":1611948456,"event":{"mods":["AchievementEnabler","Ascension Unlocker","BaseMod","CapriCore","DeckTracker","Highlight Path","Keyboard Shortcuts","Minty Spire (QoL Compilation)","Permanent Neow","Relic Stats","StSLib","Twitch Utils","Uncapped","UnlockEverythingMod"],"gold_per_floor":[109,124,124,140,154,154,170,170,170,95,95,5,31,42,42,42,42],"floor_reached":16,"language":"KOR","playtime":359,"items_purged":["Strike_P"],"score":204,"play_id":"1e092837-9cd4-4c4c-a184-311266b8303c","local_time":"20210130042736","is_ascension_mode":true,"campfire_choices":[{"data":"Eruption","floor":6.0,"key":"SMITH"},{"data":"Vigilance","floor":11.0,"key":"SMITH"},{"floor":15.0,"key":"REST"}],"circlet_count":0,"master_deck":["AscendersBane","Strike_P","Strike_P","Defend_P","Defend_P","Defend_P","Eruption+1","Vigilance+1","CrushJoints","ThirdEye+1","CrushJoints","BowlingBash","FearNoEvil","FlyingSleeves","LessonLearned","Devotion","Tantrum"],"relics":["PureWater","NeowsBlessing","Question Card"],"acts_visited":["Exordium"],"potions_floor_usage":[16],"damage_taken":[{"damage":0.0,"enemies":"2 Louse","floor":1.0,"turns":1.0},{"damage":0.0,"enemies":"Cultist","floor":2.0,"turns":1.0},{"damage":0.0,"enemies":"Small Slimes","floor":4.0,"turns":1.0},{"damage":6.0,"enemies":"3 Louse","floor":5.0,"turns":3.0},{"damage":7.0,"enemies":"Large Slime","floor":7.0,"turns":4.0},{"damage":32.0,"enemies":"Gremlin Nob","floor":13.0,"turns":4.0},{"damage":5.0,"enemies":"Blue Slaver","floor":14.0,"turns":5.0},{"damage":36,"enemies":"Hexaghost","floor":16,"turns":2}],"seed_played":"3992356540152184441","potions_obtained":[{"floor":4.0,"key":"StancePotion"},{"floor":13.0,"key":"Ancient Potion"},{"floor":14.0,"key":"ColorlessPotion"}],"is_trial":false,"path_per_floor":["M","M","?","M","M","R","M","?","T","$","R","$","E","M","R","B"],"character_chosen":"WATCHER","items_purchased":["LessonLearned"],"campfire_rested":1,"item_purchase_floors":[12],"current_hp_per_floor":[61,61,61,61,55,55,48,48,48,48,48,48,16,11,31,0,0],"gold":42,"neow_bonus":"THREE_ENEMY_KILL","is_daily":false,"chose_seed":false,"campfire_upgraded":2,"win_rate":0.0,"timestamp":1611948456,"path_taken":["M","M","?","M","M","R","?","?","T","$","R","$","E","M","R","BOSS"],"items_purchased_type":["Card"],"build_version":"2020-12-22","purchased_purges":1,"victory":false,"max_hp_per_floor":[68,68,68,68,68,68,68,68,68,68,68,68,68,68,68,68,68],"relic_stats":{"counters":[8,21],"Question Card":1,"obtain_stats":[{"NeowsBlessing":0,"PureWater":0,"Question Card":13},{"NeowsBlessing":0,"PureWater":0,"Question Card":6},{"NeowsBlessing":0,"PureWater":0,"Question Card":14}]},"card_choices":[{"not_picked":["BowlingBash","ForeignInfluence"],"picked":"CrushJoints","floor":1.0},{"not_picked":["Protect","Crescendo"],"picked":"ThirdEye","floor":2.0},{"not_picked":["Wireheading","FlurryOfBlows"],"picked":"BowlingBash","floor":4.0},{"not_picked":["FlurryOfBlows","ThirdEye"],"picked":"FearNoEvil","floor":5.0},{"not_picked":["Crescendo","Fasting2"],"picked":"FlyingSleeves","floor":7.0},{"not_picked":["SashWhip","ThirdEye"],"picked":"Devotion","floor":13.0},{"not_picked":["FollowUp","Prostrate","FlyingSleeves"],"picked":"Tantrum","floor":14.0}],"player_experience":340335,"relics_obtained":[{"floor":13.0,"key":"Question Card"}],"event_choices":[{"damage_healed":0.0,"max_hp_gain":0.0,"max_hp_loss":0.0,"gold_gain":0.0,"cards_transformed":["Defend_P"],"event_name":"Transmorgrifier","player_choice":"Transformed","floor":3.0,"gold_loss":0.0,"damage_taken":0.0,"cards_obtained":["CrushJoints"]},{"cards_removed":["Strike_P"],"damage_healed":0.0,"max_hp_gain":0.0,"max_hp_loss":0.0,"gold_gain":0.0,"event_name":"Bonfire Elementals","player_choice":"Offered Basic","floor":8.0,"gold_loss":0.0,"damage_taken":0.0}],"is_beta":false,"boss_relics":[],"items_purged_floors":[10],"is_endless":false,"potions_floor_spawned":[4,13,14],"killed_by":"Hexaghost","ascension_level":20}}