{"host":"me30ioratabihv4r","time":1611928452,"event":{"mods":["AchievementEnabler","Act Like it!","BaseMod","Hallownest","Minty Spire (QoL Compilation)","StSLib","The Bug Knight","UnlockEverythingMod","everything is the same but u backflip on backflip"],"gold_per_floor":[112,126,126,301,1,1,16,16,16,16,16,16,16,27,27,130,130,140,158,177,20,20,20],"floor_reached":22,"language":"ENG","playtime":933,"items_purged":["Doubt"],"score":183,"play_id":"d592c170-43b2-47dc-b728-91d08f73bbc8","local_time":"20210129095412","is_ascension_mode":true,"campfire_choices":[{"data":"HollowMod:FocusHealStart","floor":6.0,"key":"SMITH"},{"data":"HollowMod:DesolateDive","floor":8.0,"key":"SMITH"},{"data":"HollowMod:HeavyBlow","floor":11.0,"key":"SMITH"},{"data":"HollowMod:Grubsong","floor":13.0,"key":"SMITH"},{"data":"HollowMod:SlysStrikes","floor":15.0,"key":"SMITH"}],"circlet_count":0,"master_deck":["HollowMod:NailStrikeStart","HollowMod:NailStrikeStart","HollowMod:NailStrikeStart","HollowMod:NailStrikeStart+1","HollowMod:QuickDashStart","HollowMod:QuickDashStart","HollowMod:QuickDashStart","HollowMod:QuickDashStart","HollowMod:FocusHealStart+1","HollowMod:PogoStrike+1","HollowMod:ChannelNail+1","HollowMod:HeavyBlow+1","HollowMod:Grubsong+1","HollowMod:DesolateDive+1","HollowMod:SlysStrikes+1","HollowMod:Weaversong","HollowMod:SoulStrike","HollowMod:SoulShaman","HollowMod:MawleksShell"],"relics":["HollowMod:VesselMask","Whetstone","HandDrill","Question Card","Sozu","Oddly Smooth Stone"],"acts_visited":["Exordium","TheCity"],"potions_floor_usage":[],"damage_taken":[{"damage":3.0,"enemies":"2 Louse","floor":1.0,"turns":3.0},{"damage":0.0,"enemies":"Jaw Worm","floor":2.0,"turns":4.0},{"damage":0.0,"enemies":"Cultist","floor":7.0,"turns":2.0},{"damage":8.0,"enemies":"Gremlin Gang","floor":14.0,"turns":3.0},{"damage":35.0,"enemies":"HollowMod:FalseKnight","floor":16.0,"turns":8.0},{"damage":19.0,"enemies":"Spheric Guardian","floor":18.0,"turns":4.0},{"damage":25.0,"enemies":"2 Thieves","floor":19.0,"turns":3.0},{"damage":40.0,"enemies":"3 Cultists","floor":20.0,"turns":5.0},{"damage":12,"enemies":"Cultist and Chosen","floor":22,"turns":4}],"seed_played":"1688742742739973262","potions_obtained":[{"floor":2.0,"key":"SpeedPotion"},{"floor":7.0,"key":"SmokeBomb"},{"floor":14.0,"key":"Explosive Potion"}],"is_trial":false,"path_per_floor":["M","M","$","?","$","R","M","R","T","?","R","$","R","M","R","B",null,"M","M","M","$","M"],"character_chosen":"THE_BUGKNIGHT","items_purchased":["HandDrill","HollowMod:Grubsong","Oddly Smooth Stone"],"campfire_rested":0,"item_purchase_floors":[5,5,21],"current_hp_per_floor":[75,75,75,75,75,75,75,75,75,75,75,75,75,67,67,38,75,61,42,8,8,2,2],"gold":20,"neow_bonus":"RANDOM_COMMON_RELIC","is_daily":false,"chose_seed":false,"campfire_upgraded":5,"win_rate":0.0,"timestamp":1611928452,"path_taken":["M","M","$","?","$","R","M","R","T","?","R","?","R","M","R","BOSS","M","?","?","$","M"],"items_purchased_type":["Relic","Card","Relic"],"build_version":"2020-12-22","purchased_purges":1,"victory":false,"max_hp_per_floor":[75,75,75,75,75,75,75,75,75,75,75,75,75,75,75,75,75,75,75,75,75,75,75],"card_choices":[{"not_picked":["HollowMod:VengefulVoid","HollowMod:InfectedAttack"],"picked":"HollowMod:ChannelNail","floor":1.0},{"not_picked":["HollowMod:SharpenedNail","HollowMod:InfectedCysts"],"picked":"HollowMod:HeavyBlow","floor":2.0},{"not_picked":["HollowMod:HeavyBlow","HollowMod:Grubsong"],"picked":"HollowMod:DesolateDive","floor":7.0},{"not_picked":["HollowMod:HeavyBlow","HollowMod:WraithStrike","HollowMod:CloakDash"],"picked":"HollowMod:SlysStrikes","floor":14.0},{"not_picked":["HollowMod:VoidDash","HollowMod:LordofShades","HollowMod:theNailsmith"],"picked":"HollowMod:Weaversong","floor":16.0},{"not_picked":["HollowMod:MawleksShell+1","HollowMod:NewGlowingWomb+1","HollowMod:InfectedCysts"],"picked":"HollowMod:SoulStrike","floor":18.0},{"not_picked":["HollowMod:DashSlash","HollowMod:SoulSplash","HollowMod:HeavyBlow"],"picked":"HollowMod:SoulShaman","floor":19.0},{"not_picked":["HollowMod:ShapeofUnn","HollowMod:NewLittleFool","HollowMod:WraithStrike"],"picked":"HollowMod:MawleksShell","floor":20.0}],"player_experience":45000,"relics_obtained":[{"floor":9.0,"key":"Question Card"}],"event_choices":[{"damage_healed":0.0,"max_hp_gain":0.0,"max_hp_loss":0.0,"gold_gain":175.0,"event_name":"Liars Game","player_choice":"AGREE","floor":4.0,"gold_loss":0.0,"damage_taken":0.0,"cards_obtained":["Doubt"]},{"damage_healed":0.0,"max_hp_gain":0.0,"max_hp_loss":0.0,"gold_gain":0.0,"event_name":"Living Wall","player_choice":"Grow","floor":10.0,"gold_loss":0.0,"damage_taken":0.0,"cards_upgraded":["HollowMod:ChannelNail"]}],"is_beta":false,"boss_relics":[{"not_picked":["Empty Cage","Coffee Dripper"],"picked":"Sozu"}],"items_purged_floors":[5],"is_endless":false,"potions_floor_spawned":[2,7,14,19],"killed_by":"Cultist and Chosen","ascension_level":1}}