{"host":"w4b7hmige5bnqipq","time":1611932494,"event":{"mods":["2.2 Compatiblity","BaseMod","Colored Map","DeckTracker","Keyboard Shortcuts","Minty Spire (QoL Compilation)","Permanent Neow","Rare Cards Sparkle","SuperFastMode","everything is the same but u backflip on backflip","slay the spire mod where everything is the same but ironclad has a cowboy hat"],"gold_per_floor":[113,113,133,133,8,37,37,53,103,103,103,103,129,146,146,246,246,256,256,276,276,276,276,307,307,307,307,307,370,370,404,404,508,508,525,575,675,725,740,758,758,789,863,913,939,206,206,241,241,241,241,241,84,110,110],"floor_reached":56,"language":"KOR","playtime":2856,"items_purged":["Zap"],"score":1675,"play_id":"5b2b4bab-0505-49a5-8dc8-7b7a440ad49f","local_time":"20210130000134","is_ascension_mode":true,"campfire_choices":[{"floor":7.0,"key":"REST"},{"data":"Sunder","floor":10.0,"key":"SMITH"},{"data":"Turbo","floor":12.0,"key":"SMITH"},{"data":"Machine Learning","floor":15.0,"key":"SMITH"},{"data":"Reinforced Body","floor":23.0,"key":"SMITH"},{"data":"Fusion","floor":27.0,"key":"SMITH"},{"data":"Meteor Strike","floor":30.0,"key":"SMITH"},{"data":"Seek","floor":32.0,"key":"SMITH"},{"data":"Coolheaded","floor":41.0,"key":"SMITH"},{"floor":47.0,"key":"RECALL"},{"data":"Fission","floor":49.0,"key":"SMITH"},{"data":"Heatsinks","floor":52.0,"key":"SMITH"}],"circlet_count":0,"master_deck":["Dualcast","Rebound+1","Self Repair","Meteor Strike+1","Turbo+1","Sunder+1","Cold Snap","Machine Learning+1","Fission+1","Seek+1","Reinforced Body+1","Darkness","Heatsinks+1","Meteor Strike","Meteor Strike","Coolheaded+1","Necronomicurse","Fusion+1","Double Energy+1","Hologram+1","Auto Shields+1","Leap+1","Turbo+1","Beam Cell+1","Hologram"],"relics":["Philosopher\u0027s Stone","PreservedInsect","Ornamental Fan","Toy Ornithopter","Mercury Hourglass","Pandora\u0027s Box","Necronomicon","Akabeko","Letter Opener","SsserpentHead","Pen Nib","Runic Pyramid","Emotion Chip","Sundial","Symbiotic Virus","Molten Egg 2","Centennial Puzzle","Chemical X","Lizard Tail","Blood Vial","Shuriken","Medical Kit","Eternal Feather"],"acts_visited":["Exordium","TheCity","TheBeyond","TheEnding"],"potions_floor_usage":[55],"damage_taken":[{"damage":1.0,"enemies":"Cultist","floor":1.0,"turns":4.0},{"damage":5.0,"enemies":"2 Louse","floor":3.0,"turns":3.0},{"damage":36.0,"enemies":"Lagavulin","floor":6.0,"turns":8.0},{"damage":0.0,"enemies":"Small Slimes","floor":8.0,"turns":3.0},{"damage":17.0,"enemies":"Gremlin Nob","floor":13.0,"turns":3.0},{"damage":9.0,"enemies":"Blue Slaver","floor":14.0,"turns":2.0},{"damage":26.0,"enemies":"The Guardian","floor":16.0,"turns":7.0},{"damage":29.0,"enemies":"2 Thieves","floor":18.0,"turns":4.0},{"damage":0.0,"enemies":"Spheric Guardian","floor":20.0,"turns":2.0},{"damage":0.0,"enemies":"Gremlin Leader","floor":24.0,"turns":3.0},{"damage":23.0,"enemies":"Centurion and Healer","floor":29.0,"turns":3.0},{"damage":0.0,"enemies":"Book of Stabbing","floor":31.0,"turns":2.0},{"damage":0.0,"enemies":"Champ","floor":33.0,"turns":4.0},{"damage":17.0,"enemies":"Orb Walker","floor":35.0,"turns":2.0},{"damage":0.0,"enemies":"Mind Bloom Boss Battle","floor":37.0,"turns":7.0},{"damage":19.0,"enemies":"3 Shapes","floor":39.0,"turns":2.0},{"damage":0.0,"enemies":"Sphere and 2 Shapes","floor":40.0,"turns":2.0},{"damage":9.0,"enemies":"Giant Head","floor":42.0,"turns":3.0},{"damage":10.0,"enemies":"Reptomancer","floor":45.0,"turns":4.0},{"damage":10.0,"enemies":"Giant Head","floor":48.0,"turns":2.0},{"damage":14.0,"enemies":"Awakened One","floor":50.0,"turns":6.0},{"damage":0.0,"enemies":"Shield and Spear","floor":54.0,"turns":2.0},{"damage":54,"enemies":"The Heart","floor":55,"turns":6}],"seed_played":"-2765588561523397765","potions_obtained":[{"floor":13.0,"key":"AttackPotion"},{"floor":14.0,"key":"Weak Potion"},{"floor":29.0,"key":"SkillPotion"},{"floor":31.0,"key":"DuplicationPotion"},{"floor":37.0,"key":"AttackPotion"},{"floor":45.0,"key":"SteroidPotion"}],"is_trial":false,"path_per_floor":["M","?","M","?","$","E","R","M","T","R","?","R","E","M","R","B",null,"M","?","M","?","?","R","E","T","T","R","?","M","R","E","R","B",null,"M","?","?","?","M","M","R","E","T","T","E","$","R","E","R","B",null,"R","$","E","B",null],"character_chosen":"DEFECT","items_purchased":["Meteor Strike","FocusPotion","Chemical X","Lizard Tail","Blood Vial","LiquidMemories","Medical Kit"],"campfire_rested":1,"item_purchase_floors":[5,5,46,46,46,46,53],"current_hp_per_floor":[74,56,51,56,56,27,51,58,58,58,42,42,25,23,23,14,64,42,68,68,52,52,52,52,52,52,52,52,36,36,43,43,55,74,57,57,64,64,52,59,59,57,57,57,59,59,59,51,51,46,72,72,72,74,33],"gold":110,"neow_bonus":"BOSS_RELIC","is_daily":false,"chose_seed":false,"campfire_upgraded":10,"win_rate":0.0,"timestamp":1611932494,"path_taken":["M","?","M","?","$","E","R","M","T","R","?","R","E","M","R","BOSS","M","?","M","?","?","R","E","?","T","R","?","?","R","E","R","BOSS","M","?","?","?","M","M","R","E","T","?","E","$","R","E","R","BOSS","R","$","E","BOSS"],"items_purchased_type":["Card","Potion","Relic","Relic","Relic","Potion","Relic"],"build_version":"2020-12-22","purchased_purges":1,"victory":true,"max_hp_per_floor":[75,75,75,80,80,80,80,80,80,80,80,80,80,80,80,80,80,80,80,80,80,80,80,80,80,80,80,80,80,80,80,80,80,80,80,80,80,80,80,80,80,80,80,80,80,80,80,80,80,80,80,80,80,80,80],"card_choices":[{"not_picked":["Turbo","Redo"],"picked":"Rebound","floor":1.0},{"not_picked":["Rebound","Go for the Eyes"],"picked":"Self Repair","floor":3.0},{"not_picked":["Tempest","Rip and Tear"],"picked":"Turbo","floor":6.0},{"not_picked":["Chaos","BootSequence"],"picked":"Sunder","floor":8.0},{"not_picked":["Storm","Ball Lightning"],"picked":"Cold Snap","floor":13.0},{"not_picked":["Static Discharge","Hologram"],"picked":"Machine Learning","floor":14.0},{"not_picked":["Hyperbeam","All For One"],"picked":"Fission","floor":16.0},{"not_picked":["Stack","Compile Driver+1","Static Discharge"],"picked":"SKIP","floor":18.0},{"not_picked":["Aggregate","Chaos"],"picked":"Coolheaded","floor":20.0},{"not_picked":["Redo","Darkness+1"],"picked":"Fusion","floor":24.0},{"not_picked":["Rebound","Leap"],"picked":"Double Energy+1","floor":29.0},{"not_picked":["Go for the Eyes+1","Fusion"],"picked":"Hologram+1","floor":31.0},{"not_picked":["Heatsinks+1","Chill"],"picked":"Auto Shields+1","floor":35.0},{"not_picked":["Go for the Eyes","Blizzard+1"],"picked":"Leap+1","floor":39.0},{"not_picked":["Compile Driver","Ball Lightning+1"],"picked":"Turbo+1","floor":40.0},{"not_picked":["Storm+1","Force Field+1","Aggregate"],"picked":"SKIP","floor":42.0},{"not_picked":["Biased Cognition","Coolheaded"],"picked":"Beam Cell+1","floor":45.0},{"not_picked":["Aggregate+1","Lockon+1","Multi-Cast"],"picked":"SKIP","floor":48.0},{"not_picked":["Self Repair+1","Steam+1"],"picked":"Hologram","floor":54.0}],"player_experience":662108,"relics_obtained":[{"floor":6.0,"key":"Ornamental Fan"},{"floor":9.0,"key":"Toy Ornithopter"},{"floor":13.0,"key":"Mercury Hourglass"},{"floor":21.0,"key":"Necronomicon"},{"floor":24.0,"key":"Akabeko"},{"floor":25.0,"key":"Letter Opener"},{"floor":31.0,"key":"Pen Nib"},{"floor":37.0,"key":"Emotion Chip"},{"floor":42.0,"key":"Sundial"},{"floor":43.0,"key":"Symbiotic Virus"},{"floor":44.0,"key":"Molten Egg 2"},{"floor":45.0,"key":"Centennial Puzzle"},{"floor":48.0,"key":"Shuriken"},{"floor":54.0,"key":"Eternal Feather"}],"event_choices":[{"damage_healed":0.0,"max_hp_gain":0.0,"max_hp_loss":0.0,"gold_gain":0.0,"event_name":"Scrap Ooze","player_choice":"Success","floor":2.0,"gold_loss":0.0,"damage_taken":18.0,"relics_obtained":["PreservedInsect"]},{"damage_healed":0.0,"max_hp_gain":5.0,"max_hp_loss":0.0,"gold_gain":0.0,"event_name":"Big Fish","player_choice":"Donut","floor":4.0,"gold_loss":0.0,"damage_taken":0.0},{"damage_healed":0.0,"max_hp_gain":0.0,"max_hp_loss":0.0,"gold_gain":0.0,"event_name":"Shining Light","player_choice":"Entered Light","floor":11.0,"gold_loss":0.0,"damage_taken":16.0,"cards_upgraded":["Strike_B","Rebound"]},{"damage_healed":26.0,"max_hp_gain":0.0,"max_hp_loss":0.0,"gold_gain":0.0,"event_name":"The Library","player_choice":"Heal","floor":19.0,"gold_loss":0.0,"damage_taken":0.0},{"damage_healed":0.0,"max_hp_gain":0.0,"max_hp_loss":0.0,"gold_gain":0.0,"event_name":"Cursed Tome","player_choice":"Obtained Book","floor":21.0,"gold_loss":0.0,"damage_taken":16.0},{"cards_removed":["Rainbow"],"damage_healed":0.0,"max_hp_gain":0.0,"max_hp_loss":0.0,"gold_gain":0.0,"event_name":"Back to Basics","player_choice":"Elegance","floor":22.0,"gold_loss":0.0,"damage_taken":0.0},{"damage_healed":0.0,"max_hp_gain":0.0,"max_hp_loss":0.0,"gold_gain":0.0,"event_name":"FaceTrader","player_choice":"Trade","floor":28.0,"gold_loss":0.0,"damage_taken":0.0,"relics_obtained":["SsserpentHead"]},{"damage_healed":0.0,"max_hp_gain":0.0,"max_hp_loss":0.0,"gold_gain":0.0,"event_name":"Tomb of Lord Red Mask","player_choice":"Ignored","floor":36.0,"gold_loss":0.0,"damage_taken":0.0},{"damage_healed":0.0,"max_hp_gain":0.0,"max_hp_loss":0.0,"gold_gain":0.0,"event_name":"MindBloom","player_choice":"Fight","floor":37.0,"gold_loss":0.0,"damage_taken":0.0},{"cards_removed":["Cold Snap"],"damage_healed":0.0,"max_hp_gain":0.0,"max_hp_loss":0.0,"gold_gain":0.0,"event_name":"Falling","player_choice":"Removed Attack","floor":38.0,"gold_loss":0.0,"damage_taken":0.0}],"is_beta":false,"boss_relics":[{"not_picked":["Busted Crown","Runic Dome"],"picked":"Pandora\u0027s Box"},{"not_picked":["Velvet Choker","Tiny House"],"picked":"Runic Pyramid"}],"items_purged_floors":[46],"is_endless":false,"potions_floor_spawned":[13,14,29,31,37,45],"ascension_level":5}}