{"host":"6bsan6hkua32tfq7","time":1611893420,"event":{"mods":["BaseMod","Better Third Choice","Colored Map","Highlight Path","Minty Spire (QoL Compilation)","StSLib"],"gold_per_floor":[112,112,63,63,88,88,115,115,115,143,167,179,192,9,9,107,107,126,126,169,94,144,144,194,194,194,194,232,232,58,81,81,158,158,176,13,13,25,89,117,117,117,117],"floor_reached":42,"language":"ENG","playtime":954,"items_purged":["Defend_B"],"score":956,"play_id":"ae3c5481-4539-4aab-9000-1900fbd2e8ab","local_time":"20210129051020","is_ascension_mode":true,"campfire_choices":[{"data":"Zap","floor":6.0,"key":"SMITH"},{"data":"Streamline","floor":8.0,"key":"SMITH"},{"data":"HandOfGreed","floor":15.0,"key":"SMITH"},{"data":"1","floor":23.0,"key":"LIFT"},{"data":"2","floor":27.0,"key":"LIFT"},{"data":"3","floor":29.0,"key":"LIFT"},{"floor":32,"key":"REST"},{"floor":41,"key":"RECALL"}],"circlet_count":0,"master_deck":["AscendersBane","Strike_B","Strike_B","Strike_B","Strike_B","Defend_B","Defend_B","Zap+1","Dualcast+1","BootSequence","Streamline+1","Steam","Undo","Streamline","HandOfGreed+1","Reboot+1","Go for the Eyes+1","Steam","Creative AI","Reboot","Buffer"],"relics":["Cracked Core","NeowsBlessing","betterThird:SlimedRelic","Akabeko","Tiny Chest","Gremlin Horn","Incense Burner","Odd Mushroom","Sozu","Girya","Oddly Smooth Stone","MutagenicStrength","PreservedInsect","Fusion Hammer","Medical Kit","War Paint"],"acts_visited":["Exordium","TheCity","TheBeyond"],"potions_floor_usage":[33],"damage_taken":[{"damage":0.0,"enemies":"Jaw Worm","floor":1.0,"turns":1.0},{"damage":0.0,"enemies":"Lagavulin","floor":7.0,"turns":1.0},{"damage":0.0,"enemies":"Gremlin Nob","floor":10.0,"turns":1.0},{"damage":14.0,"enemies":"The Mushroom Lair","floor":11.0,"turns":3.0},{"damage":0.0,"enemies":"2 Louse","floor":12.0,"turns":1.0},{"damage":0.0,"enemies":"Small Slimes","floor":13.0,"turns":4.0},{"damage":7.0,"enemies":"The Guardian","floor":16.0,"turns":12.0},{"damage":9.0,"enemies":"3 Byrds","floor":18.0,"turns":4.0},{"damage":14.0,"enemies":"Spheric Guardian","floor":20.0,"turns":4.0},{"damage":0.0,"enemies":"Snake Plant","floor":28.0,"turns":5.0},{"damage":21,"enemies":"Collector","floor":33,"turns":8},{"damage":21,"enemies":"Orb Walker","floor":35,"turns":4},{"damage":0,"enemies":"3 Darklings","floor":38,"turns":7},{"damage":0,"enemies":"Jaw Worm Horde","floor":39,"turns":6},{"damage":4,"enemies":"Nemesis","floor":40,"turns":5},{"damage":91,"enemies":"Giant Head","floor":42,"turns":8}],"seed_played":"-2373398662634837350","potions_obtained":[{"floor":1.0,"key":"Block Potion"},{"floor":10.0,"key":"PowerPotion"},{"floor":12.0,"key":"PowerPotion"}],"is_trial":false,"path_per_floor":["M","?","?","?","T","R","E","R","T","E","?","M","M","$","R","B",null,"M","T","M","$","T","R","?","?","T","R","M","R","$","T","R","B",null,"M","$","?","M","M","E","R","E"],"character_chosen":"DEFECT","items_purchased":["HandOfGreed","Creative AI","Medical Kit"],"campfire_rested":1,"item_purchase_floors":[14,30,36],"current_hp_per_floor":[64,57,46,51,51,51,51,51,51,51,37,37,37,37,37,30,65,56,56,42,42,42,42,42,42,42,42,42,42,42,42,64,43,68,47,47,76,76,76,72,72,0,0],"gold":117,"neow_bonus":"THREE_ENEMY_KILL","is_daily":false,"chose_seed":false,"campfire_upgraded":3,"win_rate":0.0,"timestamp":1611893420,"path_taken":["M","?","?","?","?","R","E","R","T","E","?","M","M","?","R","BOSS","M","?","M","$","?","R","?","?","T","R","?","R","$","?","R","BOSS","M","$","?","M","?","E","R","E"],"items_purchased_type":["Card","Card","Relic"],"build_version":"2020-12-22","purchased_purges":1,"victory":false,"max_hp_per_floor":[71,71,71,76,76,76,76,76,76,76,76,76,76,76,76,76,76,76,76,76,76,76,76,76,76,76,76,76,76,76,76,76,76,76,76,76,76,76,76,76,76,76,76],"card_choices":[{"not_picked":["Beam Cell","Hello World"],"picked":"BootSequence","floor":1.0},{"not_picked":["Gash","Capacitor"],"picked":"Streamline","floor":7.0},{"not_picked":["Streamline","Fusion"],"picked":"Steam","floor":10.0},{"not_picked":["Doom and Gloom","Cold Snap"],"picked":"Undo","floor":11.0},{"not_picked":["Turbo","Chaos"],"picked":"Streamline","floor":12.0},{"not_picked":["Doom and Gloom","Beam Cell","Reprogram"],"picked":"SKIP","floor":13.0},{"not_picked":["Thunder Strike","Seek"],"picked":"Reboot","floor":16.0},{"not_picked":["Storm","Reprogram"],"picked":"Go for the Eyes+1","floor":18.0},{"not_picked":["Scrape","Rebound"],"picked":"Steam","floor":20.0},{"not_picked":["White Noise+1","Sunder","Self Repair"],"picked":"SKIP","floor":28.0},{"not_picked":["Biased Cognition","All For One"],"picked":"Reboot","floor":33},{"not_picked":["Steam","Ball Lightning+1","Hello World+1"],"picked":"SKIP","floor":35},{"not_picked":["Fusion+1","Storm","Sweeping Beam+1"],"picked":"SKIP","floor":38},{"not_picked":["Fusion+1","Storm","Sweeping Beam+1"],"picked":"SKIP","floor":38},{"not_picked":["Tempest","Gash","Sweeping Beam"],"picked":"SKIP","floor":39},{"not_picked":["Go for the Eyes+1","Compile Driver"],"picked":"Buffer","floor":40}],"player_experience":5347040,"relics_obtained":[{"floor":5.0,"key":"Akabeko"},{"floor":7.0,"key":"Tiny Chest"},{"floor":9.0,"key":"Gremlin Horn"},{"floor":10.0,"key":"Incense Burner"},{"floor":11.0,"key":"Odd Mushroom"},{"floor":19.0,"key":"Girya"},{"floor":22.0,"key":"Oddly Smooth Stone"},{"floor":31,"key":"PreservedInsect"},{"floor":40,"key":"War Paint"}],"event_choices":[{"cards_removed":["Defend_B"],"damage_healed":0.0,"max_hp_gain":0.0,"max_hp_loss":0.0,"gold_gain":0.0,"event_name":"Golden Wing","player_choice":"Card Removal","floor":2.0,"gold_loss":0.0,"damage_taken":7.0},{"damage_healed":0.0,"max_hp_gain":0.0,"max_hp_loss":0.0,"gold_gain":0.0,"event_name":"betterThird:BetterGoop","player_choice":"Slimed","floor":3.0,"gold_loss":49.0,"damage_taken":11.0},{"damage_healed":0.0,"max_hp_gain":5.0,"max_hp_loss":0.0,"gold_gain":0.0,"event_name":"Big Fish","player_choice":"Donut","floor":4.0,"gold_loss":0.0,"damage_taken":0.0},{"damage_healed":0.0,"max_hp_gain":0.0,"max_hp_loss":0.0,"gold_gain":0.0,"event_name":"Mushrooms","player_choice":"Fought Mushrooms","floor":11.0,"gold_loss":0.0,"damage_taken":0.0},{"damage_healed":0.0,"max_hp_gain":0.0,"max_hp_loss":0.0,"gold_gain":50.0,"event_name":"betterThird:BetterNest","player_choice":"Steal","floor":24.0,"gold_loss":0.0,"damage_taken":0.0},{"damage_healed":0.0,"max_hp_gain":0.0,"max_hp_loss":0.0,"gold_gain":0.0,"event_name":"Drug Dealer","player_choice":"Inject Mutagens","floor":25.0,"gold_loss":0.0,"damage_taken":0.0,"relics_obtained":["MutagenicStrength"]},{"damage_healed":29,"gold_gain":0,"player_choice":"Full Heal","damage_taken":0,"max_hp_gain":0,"max_hp_loss":0,"event_name":"Wheel of Change","floor":37,"gold_loss":0}],"is_beta":false,"boss_relics":[{"not_picked":["Coffee Dripper","Nuclear Battery"],"picked":"Sozu"},{"not_picked":["Runic Dome","Calling Bell"],"picked":"Fusion Hammer"}],"items_purged_floors":[21],"is_endless":false,"potions_floor_spawned":[1,10,11,12,18,33,35,40],"killed_by":"Giant Head","ascension_level":20}}