{"host":"3y2rtlgteqp2nuo3","time":1611923489,"event":{"mods":["2.2 Compatiblity","AchievementEnabler","BaseMod","Colored Map","DeckTracker","Highlight Path","Keyboard Shortcuts","Minty Spire (QoL Compilation)","Permanent Neow","Quick Restart","StSLib","SuperFastMode","everything is the same but u backflip on backflip"],"gold_per_floor":[367,252,267,167,179,179,207,207,285,285,303,314,314,314,314,408,408,429,447,447,447,3,3,22,22,49,49,67,5,5,21,21,21,21],"floor_reached":33,"language":"KOR","playtime":465,"items_purged":["Strike_P","Strike_P","Strike_P"],"score":489,"play_id":"30266b9e-561e-4c4f-95c1-aa39707a1811","local_time":"20210129213129","is_ascension_mode":true,"campfire_choices":[{"data":"Eruption","floor":6.0,"key":"SMITH"},{"floor":8.0,"key":"REST"},{"data":"SignatureMove","floor":13.0,"key":"SMITH"},{"floor":15.0,"key":"REST"},{"data":"FearNoEvil","floor":23.0,"key":"SMITH"},{"floor":27,"key":"REST"},{"data":"MentalFortress","floor":30,"key":"SMITH"},{"floor":32,"key":"REST"}],"circlet_count":0,"master_deck":["AscendersBane","Strike_P","Defend_P","Defend_P","Defend_P","Defend_P","Eruption+1","Vigilance","FollowUp","SignatureMove+1","BowlingBash","FearNoEvil+1","Scrawl","MentalFortress+1","Tantrum","InnerPeace+1"],"relics":["PureWater","Tiny Chest","Kunai","Golden Idol","SacredBark","Spirit Poop","The Courier","Singing Bowl","Ancient Tea Set","Boot"],"acts_visited":["Exordium","TheCity"],"potions_floor_usage":[],"damage_taken":[{"damage":7.0,"enemies":"Jaw Worm","floor":1.0,"turns":4.0},{"damage":0.0,"enemies":"Small Slimes","floor":3.0,"turns":3.0},{"damage":0.0,"enemies":"Cultist","floor":5.0,"turns":2.0},{"damage":35.0,"enemies":"Lagavulin","floor":7.0,"turns":4.0},{"damage":4.0,"enemies":"Exordium Wildlife","floor":11.0,"turns":2.0},{"damage":12.0,"enemies":"3 Louse","floor":12.0,"turns":3.0},{"damage":28.0,"enemies":"Slime Boss","floor":16.0,"turns":6.0},{"damage":0.0,"enemies":"Spheric Guardian","floor":18.0,"turns":1.0},{"damage":9.0,"enemies":"Chosen","floor":19.0,"turns":4.0},{"damage":15.0,"enemies":"Shelled Parasite and Fungi","floor":24.0,"turns":4.0},{"damage":9,"enemies":"Centurion and Healer","floor":28,"turns":3},{"damage":0,"enemies":"Chosen and Byrds","floor":31,"turns":3},{"damage":142,"enemies":"Automaton","floor":33,"turns":6}],"seed_played":"9062366505236322","potions_obtained":[{"floor":3.0,"key":"BottledMiracle"},{"floor":7.0,"key":"SpeedPotion"},{"floor":28,"key":"BlessingOfTheForge"}],"is_trial":false,"path_per_floor":["M","$","M","$","M","R","E","R","T","?","M","M","R","?","R","B",null,"M","M","?","T","$","R","M","?","T","R","M","$","R","M","R","B"],"character_chosen":"WATCHER","items_purchased":["SignatureMove","Singing Bowl","Ancient Tea Set","Tantrum"],"campfire_rested":4,"item_purchase_floors":[2,22,22,29],"current_hp_per_floor":[54,54,54,54,54,54,19,37,37,37,33,21,21,21,39,11,49,49,40,40,40,40,40,27,27,27,46,39,39,39,39,58,0,0],"gold":21,"neow_bonus":"TWO_FIFTY_GOLD","is_daily":false,"chose_seed":false,"campfire_upgraded":4,"win_rate":0.0,"timestamp":1611923489,"path_taken":["M","$","M","$","M","R","E","R","T","?","M","M","R","?","R","BOSS","M","M","?","?","$","R","?","?","T","R","M","$","R","M","R","BOSS"],"items_purchased_type":["Card","Relic","Relic","Card"],"build_version":"2020-12-22","purchased_purges":3,"victory":false,"max_hp_per_floor":[62,62,62,62,62,62,62,62,62,62,62,62,62,62,62,62,62,62,62,62,62,62,62,64,64,64,64,66,66,66,66,66,66,66],"card_choices":[{"not_picked":["DeceiveReality","Consecrate"],"picked":"FollowUp","floor":1.0},{"not_picked":["CutThroughFate","PathToVictory"],"picked":"BowlingBash","floor":3.0},{"not_picked":["DeceiveReality","Consecrate","BattleHymn"],"picked":"SKIP","floor":5.0},{"not_picked":["Crescendo","ClearTheMind"],"picked":"FearNoEvil","floor":7.0},{"not_picked":["SashWhip","BowlingBash","PathToVictory"],"picked":"SKIP","floor":11.0},{"not_picked":["BowlingBash","JustLucky","Nirvana"],"picked":"SKIP","floor":12.0},{"not_picked":["Ragnarok","Establishment"],"picked":"Scrawl","floor":16.0},{"not_picked":["Halt","PathToVictory","EmptyFist+1"],"picked":"SKIP","floor":18.0},{"not_picked":["Crescendo","PathToVictory","EmptyFist"],"picked":"SKIP","floor":19.0},{"not_picked":["Sanctity","Consecrate+1","SashWhip"],"picked":"Singing Bowl","floor":24.0},{"not_picked":["JustLucky","EmptyBody","Establishment"],"picked":"Singing Bowl","floor":28},{"not_picked":["Wireheading","SashWhip"],"picked":"InnerPeace+1","floor":31}],"player_experience":732423,"relics_obtained":[{"floor":7.0,"key":"Tiny Chest"},{"floor":9.0,"key":"Kunai"},{"floor":21.0,"key":"The Courier"},{"floor":26,"key":"Boot"}],"event_choices":[{"damage_healed":0.0,"max_hp_gain":0.0,"max_hp_loss":0.0,"gold_gain":0.0,"event_name":"Dead Adventurer","player_choice":"Searched \u00270\u0027 times","floor":10.0,"gold_loss":0.0,"damage_taken":0.0},{"damage_healed":0.0,"max_hp_gain":0.0,"max_hp_loss":0.0,"gold_gain":0.0,"event_name":"Golden Idol","player_choice":"Take Wound","floor":14.0,"gold_loss":0.0,"damage_taken":0.0,"relics_obtained":["Golden Idol"],"cards_obtained":["Injury"]},{"cards_removed":["Injury"],"damage_healed":0.0,"max_hp_gain":0.0,"max_hp_loss":0.0,"gold_gain":0.0,"event_name":"Bonfire Elementals","player_choice":"Offered Curse","floor":20.0,"gold_loss":0.0,"damage_taken":0.0,"relics_obtained":["Spirit Poop"]},{"damage_healed":0,"gold_gain":0,"player_choice":"Read","damage_taken":0,"max_hp_gain":0,"max_hp_loss":0,"event_name":"The Library","floor":25,"gold_loss":0,"cards_obtained":["MentalFortress"]}],"is_beta":false,"boss_relics":[{"not_picked":["Pandora\u0027s Box","Tiny House"],"picked":"SacredBark"}],"items_purged_floors":[2,4,22],"is_endless":false,"potions_floor_spawned":[3,7,12,16,19,28],"killed_by":"Automaton","ascension_level":20}}