{"host":"xmr2g8b7eju0288o","time":1611905386,"event":{"mods":["100% Spire Juice","AchievementEnabler","BaseMod","Colored Map","Colored Powertips","KOR Keyword Fix","Minty Spire (QoL Compilation)","Quick Restart","Spicy Shops","StSLib","SuperFastMode"],"gold_per_floor":[56,56,56,69,88,116,116,29,56,56,83,114,114,130,130,130,130],"floor_reached":16,"language":"KOR","playtime":334,"items_purged":[],"score":311,"play_id":"93072e35-b5f7-49ca-8286-f01b11c6fa6e","local_time":"20210129162946","daily_mods":["Hoarder","Heirloom","DeadlyEvents","Elite Swarm"],"is_ascension_mode":true,"campfire_choices":[{"floor":7.0,"key":"REST"},{"data":"Moonworks:AnotherUltimateWeapon","floor":13.0,"key":"SMITH"},{"floor":15.0,"key":"REST"}],"circlet_count":0,"master_deck":["AscendersBane","Moonworks:Strike","Moonworks:Strike","Moonworks:Strike","Moonworks:Strike","Moonworks:Defend","Moonworks:Defend","Moonworks:Defend","Moonworks:Defend","Moonworks:Ambush+1","Moonworks:LongDistanceShot","Moonworks:EvilSpyWorkPreparation","Moonworks:EvilSpyWorkPreparation","Moonworks:EvilSpyWorkPreparation","Moonworks:AnotherUltimateWeapon+1","Moonworks:AnotherUltimateWeapon","Moonworks:AnotherUltimateWeapon","Moonworks:EvilSpyWorkPreparation","Moonworks:EvilSpyWorkPreparation","Moonworks:EvilSpyWorkPreparation"],"relics":["Moonworks:BrokenBomb","Moonworks:Homemark","Old Coin","Akabeko","Happy Flower","Orichalcum","Odd Mushroom","CaptainsWheel"],"acts_visited":["Exordium"],"potions_floor_usage":[16,16],"damage_taken":[{"damage":0.0,"enemies":"Cultist","floor":1.0,"turns":3.0},{"damage":0.0,"enemies":"Jaw Worm","floor":4.0,"turns":3.0},{"damage":3.0,"enemies":"Small Slimes","floor":5.0,"turns":2.0},{"damage":19.0,"enemies":"Lagavulin","floor":6.0,"turns":5.0},{"damage":17.0,"enemies":"Gremlin Nob","floor":8.0,"turns":3.0},{"damage":0.0,"enemies":"The Mushroom Lair","floor":11.0,"turns":3.0},{"damage":0.0,"enemies":"Lagavulin","floor":12.0,"turns":4.0},{"damage":0.0,"enemies":"Blue Slaver","floor":14.0,"turns":2.0},{"damage":46,"enemies":"The Guardian","floor":16,"turns":5}],"seed_played":"3331116872042179232","potions_obtained":[{"floor":4.0,"key":"Dexterity Potion"},{"floor":5.0,"key":"Ancient Potion"},{"floor":8.0,"key":"Block Potion"}],"is_trial":true,"path_per_floor":["M","$","?","M","M","E","R","E","T","$","?","E","R","M","R","B"],"character_chosen":"THE_STARBREAKER","items_purchased":[],"campfire_rested":2,"item_purchase_floors":[],"current_hp_per_floor":[50,50,50,50,47,28,44,27,27,27,27,27,27,27,43,0,0],"gold":130,"neow_bonus":"","is_daily":false,"chose_seed":false,"campfire_upgraded":1,"win_rate":0.0,"timestamp":1611905386,"path_taken":["M","?","?","M","?","E","R","?","T","$","?","?","R","M","R","BOSS"],"items_purchased_type":[],"build_version":"2020-12-22","purchased_purges":0,"victory":false,"max_hp_per_floor":[55,55,55,55,55,55,55,55,55,55,55,55,55,55,55,55,55],"card_choices":[{"not_picked":["Moonworks:Assault","Moonworks:LuckyCharm","Moonworks:JonathanRush"],"picked":"SKIP","floor":1.0},{"not_picked":["Moonworks:Assault","Moonworks:IndiscriminateFireSupport"],"picked":"Moonworks:EvilSpyWorkPreparation","floor":4.0},{"not_picked":["Moonworks:LulusLuckyEgg","Moonworks:CloudOfSeagulls","Moonworks:JonathanRush"],"picked":"SKIP","floor":5.0},{"not_picked":["Moonworks:Accelerator","Moonworks:FinalBattle","Moonworks:MetallicMonocoque"],"picked":"SKIP","floor":6.0},{"not_picked":["Moonworks:MetallicMonocoque","Moonworks:OutOfAmmo"],"picked":"Moonworks:AnotherUltimateWeapon","floor":8.0},{"not_picked":["Moonworks:BigMagnum","Moonworks:ImOnFire"],"picked":"Moonworks:EvilSpyWorkPreparation","floor":11.0},{"not_picked":["Moonworks:PlushieMaster","Moonworks:LeapThroughSpace","Moonworks:ShieldCounter"],"picked":"SKIP","floor":12.0},{"not_picked":["Moonworks:BigMagnum","Moonworks:JonathanRush","Moonworks:CloudOfSeagulls"],"picked":"SKIP","floor":14.0}],"player_experience":115912,"relics_obtained":[{"floor":6.0,"key":"Akabeko"},{"floor":8.0,"key":"Happy Flower"},{"floor":9.0,"key":"Orichalcum"},{"floor":11.0,"key":"Odd Mushroom"},{"floor":12.0,"key":"CaptainsWheel"}],"event_choices":[{"damage_healed":0.0,"max_hp_gain":0.0,"max_hp_loss":0.0,"gold_gain":0.0,"event_name":"Accursed Blacksmith","player_choice":"Forge","floor":3.0,"gold_loss":0.0,"damage_taken":0.0,"cards_upgraded":["Moonworks:Ambush"]},{"damage_healed":0.0,"max_hp_gain":0.0,"max_hp_loss":0.0,"gold_gain":0.0,"event_name":"Mushrooms","player_choice":"Fought Mushrooms","floor":11.0,"gold_loss":0.0,"damage_taken":0.0}],"is_beta":false,"boss_relics":[],"items_purged_floors":[],"is_endless":true,"potions_floor_spawned":[4,5,8,12],"killed_by":"The Guardian","ascension_level":20}}