{"host":"815dqs41i1y8uxms","time":1611956593,"event":{"mods":["A Penny For Your Troubles","Act Like it!","BaseMod","Dark Map","Elementarium","Fox Events","Minty Spire (QoL Compilation)","Shop Mod","StSLib","The Cursed"],"gold_per_floor":[210,0,20,31,47,82,106,136,148,179,226,250,7,18,18,118,118,137,147,163,163,15,15,15,15],"floor_reached":24,"language":"ENG","playtime":1703,"items_purged":["Elementarium:StickyTar"],"score":239,"play_id":"be6d2754-cbaf-41a0-b8c5-1613ab707b9b","local_time":"20210129224313","is_ascension_mode":false,"campfire_choices":[{"floor":15,"key":"RECALL"},{"floor":23,"key":"REST"}],"circlet_count":0,"master_deck":["Strike_R","Strike_R","Strike_R","Strike_R","Strike_R","Defend_R","Defend_R","Defend_R","Defend_R","Bash","Feel No Pain","Inflame","Reaper","Carnage","Iron Wave","Armaments","Flame Barrier","Flex","Shockwave","Dropkick","Fire Breathing","Evolve","Inflame","Feed","Rupture","Bloodletting","Disarm","Barricade","Shrug It Off+1","Whirlwind+1","Armaments+1"],"relics":["Burning Blood","FossilizedHelix","MerchantsRug","OrangePellets"],"acts_visited":["Exordium","Elementarium:Elementarium"],"potions_floor_usage":[6,14,18],"damage_taken":[{"damage":9,"enemies":"Cultist","floor":1,"turns":4},{"damage":12,"enemies":"Jaw Worm","floor":3,"turns":4},{"damage":4,"enemies":"2 Louse","floor":4,"turns":4},{"damage":39,"enemies":"Lots of Slimes","floor":5,"turns":6},{"damage":24,"enemies":"Lagavulin","floor":6,"turns":9},{"damage":9,"enemies":"Blue Slaver","floor":7,"turns":7},{"damage":13,"enemies":"Exordium Wildlife","floor":8,"turns":6},{"damage":3,"enemies":"Large Slime","floor":10,"turns":7},{"damage":34,"enemies":"3 Sentries","floor":11,"turns":7},{"damage":5,"enemies":"Gremlin Gang","floor":12,"turns":5},{"damage":23,"enemies":"Exordium Thugs","floor":14,"turns":5},{"damage":43,"enemies":"Hexaghost","floor":16,"turns":11},{"damage":0,"enemies":"Elementarium:2_ELEMENTALS","floor":18,"turns":7},{"damage":38,"enemies":"Elementarium:MUD_AND_TAR_GOLEMS","floor":19,"turns":6},{"damage":31,"enemies":"Elementarium:CYCLONE_AND_ORB_OF_FIRE","floor":20,"turns":8},{"damage":64,"enemies":"Elementarium:Hydrostalker","floor":24,"turns":8}],"seed_played":"2317886348593945338","potions_obtained":[{"floor":1,"key":"SpeedPotion"},{"floor":3,"key":"Regen Potion"},{"floor":10,"key":"ElixirPotion"},{"floor":14,"key":"Fruit Juice"},{"floor":16,"key":"Weak Potion"}],"is_trial":false,"path_per_floor":["M","$","M","M","M","E","M","M","T","M","E","M","$","M","R","B",null,"M","M","M","?","$","R","M"],"character_chosen":"IRONCLAD","items_purchased":["Inflame","Reaper","Carnage","Feed","Rupture","Bloodletting","MerchantsRug","OrangePellets"],"campfire_rested":1,"item_purchase_floors":[2,2,2,13,13,13,22,22],"current_hp_per_floor":[77,77,71,74,61,60,60,65,65,77,49,74,74,65,65,41,88,92,60,48,30,30,60,0,0],"gold":15,"neow_bonus":"HUNDRED_GOLD","is_daily":false,"chose_seed":false,"campfire_upgraded":0,"win_rate":0.0,"timestamp":1611956593,"path_taken":["M","$","M","M","M","E","M","M","T","M","E","M","?","M","R","BOSS","M","M","M","?","$","R","M"],"items_purchased_type":["Card","Card","Card","Card","Card","Card","Relic","Relic"],"build_version":"2020-12-22","purchased_purges":1,"victory":false,"max_hp_per_floor":[80,80,80,80,80,80,80,80,80,80,80,80,80,88,88,88,88,92,92,95,100,100,100,100,100],"card_choices":[{"not_picked":["Havoc","Clash"],"picked":"Feel No Pain","floor":1},{"not_picked":["Headbutt","Havoc"],"picked":"Iron Wave","floor":3},{"not_picked":["Iron Wave","Pommel Strike"],"picked":"Armaments","floor":4},{"not_picked":["Armaments","Wild Strike"],"picked":"Flame Barrier","floor":5},{"not_picked":["Twin Strike","Thunderclap"],"picked":"Flex","floor":6},{"not_picked":["Clothesline","Intimidate"],"picked":"Shockwave","floor":7},{"not_picked":["Iron Wave","Twin Strike"],"picked":"Dropkick","floor":8},{"not_picked":["Searing Blow","Iron Wave"],"picked":"Fire Breathing","floor":10},{"not_picked":["Clash","Rampage"],"picked":"Evolve","floor":11},{"not_picked":["Shrug It Off","Perfected Strike"],"picked":"Inflame","floor":12},{"not_picked":["Perfected Strike","Body Slam"],"picked":"Disarm","floor":14},{"not_picked":["Demon Form","Exhume"],"picked":"Barricade","floor":16},{"not_picked":["Flame Barrier","Heavy Blade"],"picked":"Shrug It Off+1","floor":18},{"not_picked":["Carnage","Shrug It Off"],"picked":"Whirlwind+1","floor":19},{"not_picked":["Rage","Iron Wave+1"],"picked":"Armaments+1","floor":20}],"player_experience":3820929,"relics_obtained":[{"floor":6,"key":"MawBank"},{"floor":9,"key":"FossilizedHelix"},{"floor":11,"key":"Blue Candle"}],"event_choices":[{"damage_healed":0,"gold_gain":0,"player_choice":"Sacrifice","damage_taken":23,"max_hp_gain":5,"max_hp_loss":0,"event_name":"Elementarium:RadiantAltar","floor":21,"gold_loss":0}],"is_beta":false,"boss_relics":[{"not_picked":["Busted Crown","Ectoplasm"],"picked":"Coffee Dripper"}],"items_purged_floors":[22],"is_endless":false,"potions_floor_spawned":[1,3,10,14,16],"killed_by":"Elementarium:Hydrostalker","ascension_level":0}}