{"host":"bbvmu6yleqps41w7","time":1611954792,"event":{"mods":["BaseMod","Colored Map","Colored Powertips","Downfall","Hermit","Marisa????????","Minty Spire (QoL Compilation)","StSLib","The Bug Knight","The Cursed","The Servant 0.9.4"],"gold_per_floor":[109,124,124,199,299,325,345,378,446,465,465,477,495,520,520,620,620,638,340,340,360,387,415,103,136,136,136,136,151,151,161,161,262,262,273,323,333,26,74,102,136,136,136,14,42,42,42,71,71,71],"floor_reached":51,"language":"ENG","playtime":3782,"items_purged":["downfall:Aged"],"score":1194,"play_id":"64cb9117-94d0-4298-9a41-9b7f70dcb61a","local_time":"20210129141312","is_ascension_mode":false,"campfire_choices":[{"data":"TheCursedMod:DemonicPact","floor":11.0,"key":"SMITH"},{"data":"TheCursedMod:ReleasedStrength","floor":15.0,"key":"SMITH"},{"data":"TheCursedMod:OutForBlood","floor":28,"key":"SMITH"},{"data":"TheCursedMod:Torture","floor":32,"key":"SMITH"},{"data":"TheCursedMod:CursedRelics","floor":42,"key":"SMITH"},{"data":"TheCursedMod:CollectTribute","floor":46,"key":"SMITH"},{"floor":49,"key":"REST"}],"circlet_count":0,"master_deck":["TheCursedMod:Strike_TheCursed+1","TheCursedMod:Strike_TheCursed","TheCursedMod:Strike_TheCursed+1","TheCursedMod:Strike_TheCursed","TheCursedMod:Defend_TheCursed","TheCursedMod:Defend_TheCursed","TheCursedMod:Defend_TheCursed","TheCursedMod:Defend_TheCursed","TheCursedMod:CursedWand","TheCursedMod:CleanUpWorkshop","TheCursedMod:Dregs","TheCursedMod:CircleOfWindfury","TheCursedMod:WearCloak","downfall:Haunted","downfall:Haunted","TheCursedMod:UltimatePain","downfall:Haunted","Shame","TheCursedMod:Obscuration","TheCursedMod:LuckyCharm","TheCursedMod:ReleasedStrength+1","TheCursedMod:DemonicPact+1","TheCursedMod:BlessingInDisguise","TheCursedMod:SpitefulStrike","TheCursedMod:TroublousMinions","TheCursedMod:Torture+1","TheCursedMod:Stigma","TheCursedMod:Wield+1","TheCursedMod:CircleOfFlame+1","TheCursedMod:ManaBullet+1","TheCursedMod:CollectTribute+1","TheCursedMod:CursedArmor+1","TheCursedMod:Grudge+1","TheCursedMod:HellfireBreathing","TheCursedMod:CursedShiv","TheCursedMod:CursedAmulet+1","TheCursedMod:CursedRelics+1","TheCursedMod:Grudge+1","TheCursedMod:NeowsMight"],"relics":["TheCursedMod:BlackMagic101","NeowsBlessing","Torii","Darkstone Periapt","HollowMod:PaleOreRelic","Dead Branch","TheCursedMod:DemonicMark","TheCursedMod:CrystalBall","bronze:MakeshiftBattery","ClockworkSouvenir","Ancient Tea Set","Vajra","HornCleat","TheCursedMod:Tack","Whetstone","Mango","Sozu","WingedGreaves","Matryoshka","Thread and Needle","Gremlin Horn","PreservedInsect","Shuriken","The Courier","Toolbox","Blood Vial","Bag of Marbles"],"acts_visited":["Exordium","TheCity","TheBeyond"],"potions_floor_usage":[29,33,50],"damage_taken":[{"damage":0.0,"enemies":"Cultist","floor":1.0,"turns":1.0},{"damage":0.0,"enemies":"2 Louse","floor":2.0,"turns":1.0},{"damage":0.0,"enemies":"3 Sentries","floor":6.0,"turns":2.0},{"damage":15.0,"enemies":"Jaw Worm","floor":7.0,"turns":5.0},{"damage":18.0,"enemies":"Lagavulin","floor":8.0,"turns":10.0},{"damage":10.0,"enemies":"Looter","floor":10.0,"turns":2.0},{"damage":10.0,"enemies":"Exordium Thugs","floor":12.0,"turns":5.0},{"damage":0.0,"enemies":"Large Slime","floor":13.0,"turns":4.0},{"damage":0.0,"enemies":"Gremlin Nob","floor":14.0,"turns":3.0},{"damage":14.0,"enemies":"Slime Boss","floor":16.0,"turns":7.0},{"damage":7.0,"enemies":"3 Byrds","floor":18.0,"turns":5.0},{"damage":0.0,"enemies":"Spheric Guardian","floor":21.0,"turns":4.0},{"damage":18,"enemies":"Slavers","floor":23,"turns":4},{"damage":19,"enemies":"Gremlin Leader","floor":25,"turns":5},{"damage":21,"enemies":"Cultist and Chosen","floor":29,"turns":5},{"damage":0,"enemies":"Snake Plant","floor":31,"turns":2},{"damage":0,"enemies":"Automaton","floor":33,"turns":5},{"damage":0,"enemies":"3 Shapes","floor":35,"turns":4},{"damage":0,"enemies":"Mind Bloom Boss Battle","floor":36,"turns":4},{"damage":0,"enemies":"Orb Walker","floor":37,"turns":2},{"damage":12,"enemies":"2 Orb Walkers","floor":39,"turns":4},{"damage":1,"enemies":"Reptomancer","floor":40,"turns":4},{"damage":34,"enemies":"Nemesis","floor":41,"turns":5},{"damage":0,"enemies":"Reptomancer","floor":45,"turns":1},{"damage":0,"enemies":"Giant Head","floor":48,"turns":1},{"damage":18,"enemies":"Awakened One","floor":50,"turns":6}],"seed_played":"2543561474691138490","potions_obtained":[{"floor":2.0,"key":"ColorlessPotion"},{"floor":10.0,"key":"AttackPotion"},{"floor":12.0,"key":"BlessingOfTheForge"},{"floor":13.0,"key":"hexamod:SoulburnPotion"},{"floor":16.0,"key":"SpeedPotion"},{"floor":18.0,"key":"bronze:BurnAndBuffPotion"},{"floor":25,"key":"EssenceOfSteel"},{"floor":33,"key":"CultistPotion"}],"is_trial":false,"path_per_floor":["M","M","?","?","?","E","M","E","T","M","R","M","M","E","R","B",null,"M","$","?","M","T","E","$","E","T","?","R","M","?","M","R","B",null,"M","?","M","$","?","E","E","R","T","$","E","R","?","E","R","B",null],"character_chosen":"THE_CURSED","items_purchased":["ClockworkSouvenir","Ancient Tea Set","TheCursedMod:Tack","TheCursedMod:Torture","TheCursedMod:Stigma","Matryoshka","TheCursedMod:CursedShiv","Toolbox"],"campfire_rested":1,"item_purchase_floors":[19,19,24,24,24,38,38,44],"current_hp_per_floor":[75,75,63,52,87,87,72,54,54,44,44,34,34,34,34,20,110,103,103,103,103,103,85,85,66,80,80,80,59,134,134,134,134,134,134,134,134,134,122,121,87,87,87,87,87,87,87,89,129,113],"gold":71,"neow_bonus":"THREE_ENEMY_KILL","is_daily":false,"chose_seed":false,"campfire_upgraded":6,"win_rate":0.0,"timestamp":1611954792,"path_taken":["M","?","?","?","?","E","M","E","T","M","R","M","M","E","R","BOSS","M","$","?","M","?","E","$","E","T","?","R","?","?","M","R","BOSS","M","?","M","$","?","E","E","R","T","$","E","R","?","E","R","BOSS"],"items_purchased_type":["Relic","Relic","Relic","Card","Card","Relic","Card","Relic"],"build_version":"2020-12-22","purchased_purges":1,"victory":true,"max_hp_per_floor":[75,75,75,75,110,110,110,110,110,110,110,110,110,110,110,110,110,110,110,110,110,110,110,110,110,124,124,124,124,134,134,134,134,134,134,134,134,134,134,134,134,134,134,134,134,134,134,134,134,134],"card_choices":[{"not_picked":["TheCursedMod:CursedAmulet","TheCursedMod:CircleOfFlame"],"picked":"TheCursedMod:CircleOfWindfury","floor":1.0},{"not_picked":["TheCursedMod:TacticalStrike","TheCursedMod:Obscuration"],"picked":"TheCursedMod:WearCloak","floor":2.0},{"not_picked":["TheCursedMod:PrepareRite","TheCursedMod:StingEye"],"picked":"TheCursedMod:Obscuration","floor":6.0},{"not_picked":["TheCursedMod:DoubleShield","TheCursedMod:BlessingInDisguise"],"picked":"TheCursedMod:LuckyCharm","floor":7.0},{"not_picked":["TheCursedMod:Obscuration","TheCursedMod:SpitefulStrike"],"picked":"TheCursedMod:ReleasedStrength","floor":8.0},{"not_picked":["TheCursedMod:VitalStrike","TheCursedMod:Obscuration"],"picked":"TheCursedMod:DemonicPact","floor":10.0},{"not_picked":["TheCursedMod:CircleOfCorruption","TheCursedMod:CursedMace"],"picked":"TheCursedMod:BlessingInDisguise","floor":12.0},{"not_picked":["TheCursedMod:Stretching","TheCursedMod:FleshFromBone"],"picked":"TheCursedMod:SpitefulStrike","floor":13.0},{"not_picked":["TheCursedMod:CursedAmulet","TheCursedMod:Torture"],"picked":"TheCursedMod:TroublousMinions","floor":14.0},{"not_picked":["TheCursedMod:DarkBarrier","TheCursedMod:VoidForm"],"picked":"TheCursedMod:OutForBlood","floor":16.0},{"not_picked":["TheCursedMod:BlessingInDisguise","TheCursedMod:Grudge","TheCursedMod:RavingStaff"],"picked":"SKIP","floor":18.0},{"not_picked":["TheCursedMod:RapidMovement+1","TheCursedMod:Mangle","TheCursedMod:CursedMace"],"picked":"SKIP","floor":21.0},{"not_picked":["TheCursedMod:Mangle","TheCursedMod:WearCloak","TheCursedMod:FleshFromBone"],"picked":"SKIP","floor":23},{"not_picked":["TheCursedMod:RavingStaff","TheCursedMod:CircleOfBlood"],"picked":"TheCursedMod:Wield+1","floor":25},{"not_picked":["TheCursedMod:Torture+1","TheCursedMod:RapidMovement+1"],"picked":"TheCursedMod:CircleOfFlame+1","floor":29},{"not_picked":["TheCursedMod:AbyssShockwave","TheCursedMod:DemonicPact"],"picked":"TheCursedMod:ManaBullet+1","floor":31},{"not_picked":["TheCursedMod:ManaCirculation","TheCursedMod:ShockAndAwe"],"picked":"TheCursedMod:CollectTribute","floor":33},{"not_picked":["TheCursedMod:CursedBlade","TheCursedMod:BlessingInDisguise+1"],"picked":"TheCursedMod:CursedArmor+1","floor":35},{"not_picked":["TheCursedMod:Stretching+1","TheCursedMod:SpitefulStrike"],"picked":"TheCursedMod:Grudge+1","floor":36},{"not_picked":["TheCursedMod:Stigma","TheCursedMod:Torture"],"picked":"TheCursedMod:HellfireBreathing","floor":37},{"not_picked":["TheCursedMod:CircleOfFlame+1","TheCursedMod:Obscuration+1"],"picked":"TheCursedMod:CursedAmulet+1","floor":39},{"not_picked":["TheCursedMod:VitalStrike","TheCursedMod:Obscuration+1","TheCursedMod:ReleasedKnowledge+1"],"picked":"SKIP","floor":40},{"not_picked":["TheCursedMod:HellfireBreathing","TheCursedMod:SpitefulStrike"],"picked":"TheCursedMod:CursedRelics","floor":41},{"not_picked":["TheCursedMod:HellfireBreathing","TheCursedMod:AshesToAshes"],"picked":"TheCursedMod:Grudge+1","floor":45},{"not_picked":["TheCursedMod:Grudge","TheCursedMod:Mangle+1"],"picked":"TheCursedMod:NeowsMight","floor":48}],"player_experience":605611,"relics_obtained":[{"floor":6.0,"key":"HollowMod:PaleOreRelic"},{"floor":8.0,"key":"Dead Branch"},{"floor":9.0,"key":"TheCursedMod:DemonicMark"},{"floor":14.0,"key":"TheCursedMod:CrystalBall"},{"floor":22.0,"key":"Vajra"},{"floor":23,"key":"HornCleat"},{"floor":25,"key":"Whetstone"},{"floor":26,"key":"Mango"},{"floor":36,"key":"WingedGreaves"},{"floor":39,"key":"Thread and Needle"},{"floor":40,"key":"Gremlin Horn"},{"floor":41,"key":"PreservedInsect"},{"floor":43,"key":"Shuriken"},{"floor":43,"key":"The Courier"},{"floor":45,"key":"Blood Vial"},{"floor":48,"key":"Bag of Marbles"}],"event_choices":[{"damage_healed":0.0,"max_hp_gain":0.0,"max_hp_loss":0.0,"gold_gain":0.0,"event_name":"Scrap Ooze","player_choice":"Success","floor":3.0,"gold_loss":0.0,"damage_taken":12.0,"relics_obtained":["Torii"]},{"damage_healed":0.0,"max_hp_gain":0.0,"max_hp_loss":0.0,"gold_gain":75.0,"event_name":"World of Goop","player_choice":"Gather Gold","floor":4.0,"gold_loss":0.0,"damage_taken":11.0},{"damage_healed":0.0,"max_hp_gain":0.0,"max_hp_loss":0.0,"gold_gain":0.0,"event_name":"Ghosts","player_choice":"Ignored","floor":20.0,"gold_loss":0.0,"damage_taken":0.0},{"damage_healed":0,"gold_gain":0,"player_choice":"Ignored","damage_taken":0,"max_hp_gain":0,"max_hp_loss":0,"event_name":"Fountain of Cleansing","floor":27,"gold_loss":0},{"cards_removed":["TheCursedMod:OutForBlood"],"damage_healed":65,"gold_gain":0,"player_choice":"Offered Rare","damage_taken":0,"max_hp_gain":10,"max_hp_loss":0,"event_name":"Bonfire Elementals","floor":30,"gold_loss":0},{"damage_healed":0,"gold_gain":0,"player_choice":"Fight","damage_taken":0,"max_hp_gain":0,"max_hp_loss":0,"event_name":"MindBloom","floor":36,"gold_loss":0},{"damage_healed":0,"gold_gain":0,"player_choice":"Fight","damage_taken":0,"max_hp_gain":0,"max_hp_loss":0,"event_name":"Mysterious Sphere","floor":39,"gold_loss":0},{"damage_healed":0,"gold_gain":0,"player_choice":"Ignored","damage_taken":0,"max_hp_gain":0,"max_hp_loss":0,"event_name":"SecretPortal","floor":47,"gold_loss":0}],"is_beta":false,"boss_relics":[{"not_picked":["Snecko Eye","Runic Pyramid"],"picked":"bronze:MakeshiftBattery"},{"not_picked":["Philosopher\u0027s Stone","TheCursedMod:BlackMagicAdvanced"],"picked":"Sozu"}],"items_purged_floors":[24],"is_endless":false,"potions_floor_spawned":[2,10,12,13,16,18,25,33,35,39,41],"ascension_level":0}}