{"host":"zxkjcgzis4pm3za5","time":1611947127,"event":{"mods":["AchievementEnabler","Act Like it!","BaseMod","Colored Map","Colored Powertips","Friendly Minions","GifTheSpireLib","Minty Spire (QoL Compilation)","Quick Restart","RNG Fix","Random Character Button","Relic Filter Mod","Relic Sorter","Relic Stats","StSLib"],"gold_per_floor":[113,113,132,157,181,225,225,225,225,225,248,6,24,58,58,151,151,166,166,166,166,40,76,76,111,137,137,62,34,34,57,57,151,151,167,82,101,126,1,1,19,19,19,352,352,352],"floor_reached":45,"language":"ENG","playtime":1885,"items_purged":["Strike_G","Strike_G","Strike_G"],"score":941,"play_id":"18af2e70-6dde-47f4-a9e2-426de3b5c8ea","local_time":"20210130003527","is_ascension_mode":true,"campfire_choices":[{"data":"Venomology","floor":7.0,"key":"SMITH"},{"floor":10.0,"key":"REST"},{"data":"Caltrops","floor":15.0,"key":"SMITH"},{"data":"Footwork","floor":24.0,"key":"SMITH"},{"data":"Noxious Fumes","floor":27.0,"key":"SMITH"},{"floor":30.0,"key":"RECALL"},{"data":"Tools of the Trade","floor":32,"key":"SMITH"},{"data":"Footwork","floor":40,"key":"SMITH"}],"circlet_count":0,"master_deck":["AscendersBane","Strike_G","Defend_G","Defend_G+1","Defend_G","Defend_G+1","Defend_G","Survivor","Neutralize","Poisoned Stab","Underhanded Strike","Deadly Poison","Venomology+1","Acrobatics","Underhanded Strike","Caltrops+1","Tools of the Trade+1","CurseOfTheBell","Noxious Fumes+1","Ghostly+1","Ghostly+1","Ghostly+1","Deflect+1","Footwork+1","Prepared+1","Backflip+1","Venomology+1","Acrobatics+1","Crippling Poison+1","Footwork+1","PiercingWail+1","Madness+1","Madness+1"],"relics":["Ring of the Snake","NeowsBlessing","Snake Skull","Nunchaku","White Beast Statue","Toy Ornithopter","FossilizedHelix","Calling Bell","Toxic Egg 2","Omamori","Gambling Chip","Matryoshka","Regal Pillow","Letter Opener","Bottled Lightning","Happy Flower","Velvet Choker","Bronze Scales","Meat on the Bone"],"acts_visited":["Exordium","TheCity","TheBeyond"],"potions_floor_usage":[35,35,37,37,38,41,45],"damage_taken":[{"damage":0.0,"enemies":"Small Slimes","floor":1.0,"turns":1.0},{"damage":0.0,"enemies":"Jaw Worm","floor":3.0,"turns":1.0},{"damage":0.0,"enemies":"Cultist","floor":5.0,"turns":1.0},{"damage":35.0,"enemies":"Lagavulin","floor":6.0,"turns":7.0},{"damage":3.0,"enemies":"Looter","floor":11.0,"turns":3.0},{"damage":3.0,"enemies":"Large Slime","floor":13.0,"turns":5.0},{"damage":19.0,"enemies":"3 Sentries","floor":14.0,"turns":12.0},{"damage":3.0,"enemies":"Hexaghost","floor":16.0,"turns":9.0},{"damage":11.0,"enemies":"2 Thieves","floor":18.0,"turns":3.0},{"damage":21.0,"enemies":"Book of Stabbing","floor":23.0,"turns":5.0},{"damage":0.0,"enemies":"Slavers","floor":25.0,"turns":5.0},{"damage":0,"enemies":"3 Byrds","floor":31,"turns":2},{"damage":17,"enemies":"Collector","floor":33,"turns":11},{"damage":14,"enemies":"3 Shapes","floor":35,"turns":6},{"damage":9,"enemies":"Orb Walker","floor":37,"turns":5},{"damage":0,"enemies":"4 Shapes","floor":38,"turns":5},{"damage":0,"enemies":"Maw","floor":41,"turns":7},{"damage":30,"enemies":"Nemesis","floor":45,"turns":3}],"seed_played":"6972752212651524609","potions_obtained":[{"floor":3.0,"key":"Explosive Potion"},{"floor":6.0,"key":"GamblersBrew"},{"floor":13.0,"key":"Dexterity Potion"},{"floor":14.0,"key":"LiquidBronze"},{"floor":16.0,"key":"SteroidPotion"},{"floor":18.0,"key":"DuplicationPotion"},{"floor":23.0,"key":"LiquidMemories"},{"floor":25.0,"key":"SmokeBomb"},{"floor":31,"key":"Regen Potion"},{"floor":35,"key":"SteroidPotion"},{"floor":37,"key":"EssenceOfSteel"}],"is_trial":false,"path_per_floor":["M","?","M","T","M","E","R","?","T","R","M","$","M","E","R","B",null,"M","?","?","?","$","E","R","E","T","R","?","$","R","M","R","B",null,"M","$","M","M","$","R","M","?","T","?","E"],"character_chosen":"THE_SILENT","items_purchased":["Toy Ornithopter","Deflect+1","Backflip+1","Crippling Poison+1"],"campfire_rested":1,"item_purchase_floors":[12,22,29,36],"current_hp_per_floor":[59,59,59,59,59,24,24,6,6,24,21,21,28,19,19,21,50,49,30,30,30,30,12,12,27,27,27,27,27,27,27,27,10,25,26,26,26,30,30,30,30,25,25,25,0,0],"gold":352,"neow_bonus":"THREE_ENEMY_KILL","is_daily":false,"chose_seed":false,"campfire_upgraded":6,"win_rate":0.0,"timestamp":1611947127,"path_taken":["M","?","?","?","M","E","R","?","T","R","M","$","M","E","R","BOSS","M","?","?","?","$","E","R","E","T","R","?","$","R","M","R","BOSS","M","$","M","M","$","R","M","?","T","?","E"],"items_purchased_type":["Relic","Card","Card","Card"],"build_version":"2020-12-22","purchased_purges":3,"victory":false,"max_hp_per_floor":[66,60,60,60,60,60,60,60,60,60,60,60,60,60,60,60,60,60,30,30,30,30,30,30,30,30,30,30,30,30,30,30,30,30,30,30,30,30,30,30,30,30,30,30,30,30],"relic_stats":{"Nunchaku":[9],"Regal Pillow":0,"Happy Flower":[13],"counters":[18,91],"Gambling Chip":[34],"Bronze Scales":[3],"Snake Skull":[89],"Letter Opener":[153],"obtain_stats":[{"Regal Pillow":21,"NeowsBlessing":0,"Happy Flower":26,"Golden Idol":2,"Velvet Choker":34,"Snake Skull":4,"Omamori":17,"Letter Opener":23,"White Beast Statue":9,"Calling Bell":17,"Nunchaku":6,"Matryoshka":20,"Gambling Chip":17,"Bronze Scales":43,"Bottled Lightning":25,"Toxic Egg 2":17,"Toy Ornithopter":12,"FossilizedHelix":14,"Ring of the Snake":0,"Meat on the Bone":43},{"Regal Pillow":9,"NeowsBlessing":0,"Happy Flower":11,"Golden Idol":1,"Velvet Choker":13,"Snake Skull":2,"Omamori":8,"Letter Opener":10,"White Beast Statue":4,"Calling Bell":8,"Nunchaku":4,"Matryoshka":9,"Gambling Chip":8,"Bronze Scales":17,"Bottled Lightning":11,"Toxic Egg 2":8,"Toy Ornithopter":5,"FossilizedHelix":7,"Ring of the Snake":0,"Meat on the Bone":17},{"Regal Pillow":42,"NeowsBlessing":0,"Happy Flower":52,"Golden Idol":1,"Velvet Choker":65,"Snake Skull":2,"Omamori":39,"Letter Opener":47,"White Beast Statue":10,"Calling Bell":39,"Nunchaku":10,"Matryoshka":42,"Gambling Chip":39,"Bronze Scales":88,"Bottled Lightning":52,"Toxic Egg 2":39,"Toy Ornithopter":13,"FossilizedHelix":30,"Ring of the Snake":0,"Meat on the Bone":88}],"Toy Ornithopter":81,"Ring of the Snake":[36],"Meat on the Bone":0},"card_choices":[{"not_picked":["Outmaneuver","Quick Slash"],"picked":"Poisoned Stab","floor":1.0},{"not_picked":["Calculated Gamble","Outmaneuver"],"picked":"Underhanded Strike","floor":3.0},{"not_picked":["Flechettes","Blade Dance"],"picked":"Deadly Poison","floor":5.0},{"not_picked":["Backflip","Flying Knee"],"picked":"Venomology","floor":6.0},{"not_picked":["Dodge and Roll","Concentrate"],"picked":"Acrobatics","floor":11.0},{"not_picked":["Sucker Punch","A Thousand Cuts"],"picked":"Underhanded Strike","floor":13.0},{"not_picked":["Deadly Poison","Terror"],"picked":"Caltrops","floor":14.0},{"not_picked":["After Image","Envenom"],"picked":"Tools of the Trade","floor":16.0},{"not_picked":["Expertise+1","Deadly Poison+1"],"picked":"Noxious Fumes","floor":18.0},{"not_picked":["Dagger Spray+1","PiercingWail+1"],"picked":"Footwork","floor":23.0},{"not_picked":["Deadly Poison+1","Flying Knee"],"picked":"Prepared+1","floor":25.0},{"not_picked":["Slice","Accuracy","Poisoned Stab"],"picked":"SKIP","floor":31},{"not_picked":["Grand Finale","Wraith Form v2"],"picked":"Venomology+1","floor":33},{"not_picked":["Quick Slash","Slice"],"picked":"Acrobatics+1","floor":35},{"not_picked":["Acrobatics+1","Infinite Blades","Endless Agony"],"picked":"SKIP","floor":37},{"not_picked":["Deflect+1","Underhanded Strike"],"picked":"Footwork","floor":38},{"not_picked":["Deflect+1","Skewer"],"picked":"PiercingWail+1","floor":41}],"player_experience":285231,"relics_obtained":[{"floor":4.0,"key":"Snake Skull"},{"floor":6.0,"key":"Nunchaku"},{"floor":9.0,"key":"White Beast Statue"},{"floor":14.0,"key":"FossilizedHelix"},{"floor":17.0,"key":"Toxic Egg 2"},{"floor":17.0,"key":"Omamori"},{"floor":17.0,"key":"Gambling Chip"},{"floor":23.0,"key":"Letter Opener"},{"floor":25.0,"key":"Bottled Lightning"},{"floor":26.0,"key":"Happy Flower"},{"floor":43,"key":"Bronze Scales"},{"floor":43,"key":"Meat on the Bone"}],"event_choices":[{"damage_healed":0.0,"max_hp_gain":0.0,"max_hp_loss":6.0,"gold_gain":0.0,"event_name":"Golden Idol","player_choice":"Lose Max HP","floor":2.0,"gold_loss":0.0,"damage_taken":0.0,"relics_obtained":["Golden Idol"]},{"damage_healed":0.0,"max_hp_gain":0.0,"max_hp_loss":0.0,"gold_gain":0.0,"event_name":"Shining Light","player_choice":"Entered Light","floor":8.0,"gold_loss":0.0,"damage_taken":18.0,"cards_upgraded":["Defend_G","Defend_G"]},{"damage_healed":0.0,"max_hp_gain":0.0,"max_hp_loss":30.0,"gold_gain":0.0,"event_name":"Ghosts","player_choice":"Became a Ghost","floor":19.0,"gold_loss":0.0,"damage_taken":0.0,"cards_obtained":["Ghostly","Ghostly","Ghostly"]},{"damage_healed":0.0,"max_hp_gain":0.0,"max_hp_loss":0.0,"gold_gain":0.0,"event_name":"Addict","player_choice":"Stole Relic","floor":20.0,"gold_loss":0.0,"damage_taken":0.0,"relics_obtained":["Matryoshka"],"cards_obtained":["Shame"]},{"damage_healed":0.0,"max_hp_gain":0.0,"max_hp_loss":0.0,"gold_gain":0.0,"event_name":"The Mausoleum","player_choice":"Opened","floor":21.0,"gold_loss":0.0,"damage_taken":0.0,"relics_obtained":["Regal Pillow"],"cards_obtained":["Writhe"]},{"cards_removed":["Strike_G"],"damage_healed":0.0,"max_hp_gain":0.0,"max_hp_loss":0.0,"gold_gain":0.0,"event_name":"Beggar","player_choice":"Gave Gold","floor":28.0,"gold_loss":75.0,"damage_taken":0.0},{"damage_healed":0,"gold_gain":0,"player_choice":"Embrace Madness","damage_taken":5,"max_hp_gain":0,"max_hp_loss":0,"event_name":"Winding Halls","floor":42,"gold_loss":0,"cards_obtained":["Madness","Madness"]},{"damage_healed":0,"gold_gain":333,"player_choice":"Gave Idol","damage_taken":0,"max_hp_gain":0,"max_hp_loss":0,"event_name":"The Moai Head","floor":44,"relics_lost":["Golden Idol"],"gold_loss":0}],"is_beta":false,"boss_relics":[{"not_picked":["WristBlade","Coffee Dripper"],"picked":"Calling Bell"},{"not_picked":["Runic Dome","Sozu"],"picked":"Velvet Choker"}],"items_purged_floors":[12,22,39],"is_endless":false,"potions_floor_spawned":[3,6,11,13,14,16,18,23,25,31,33,35,37,38,41],"killed_by":"Nemesis","ascension_level":18}}