{"host":"yn1175etg9ni8l0q","time":1611911220,"event":{"mods":["AchievementEnabler","BaseMod","Colored Map","Colored Powertips","DeckTracker","Minty Spire (QoL Compilation)","Rare Cards Sparkle","Relic Stats","SuperFastMode","everything is the same but u backflip on backflip"],"gold_per_floor":[116,116,136,136,149,149,213,240,267,287,287,307,307,322,322,407,416,444,444,471,471,188,188,202,202,202,202,226,254,254,286,286,362,362,372,472,492,402,428,428,190,190,269,288,139,149,149,165,165,165],"floor_reached":51,"language":"KOR","playtime":1460,"items_purged":["Strike_B","Defend_B+1","Zap+1"],"score":1096,"play_id":"1f9483b0-27ff-4b2c-b491-5c2a24a703de","local_time":"20210129180700","is_ascension_mode":true,"campfire_choices":[{"data":"Zap","floor":6.0,"key":"SMITH"},{"data":"Coolheaded","floor":13.0,"key":"SMITH"},{"data":"Doom and Gloom","floor":15.0,"key":"SMITH"},{"data":"Defragment","floor":23.0,"key":"SMITH"},{"data":"Defragment","floor":30,"key":"SMITH"},{"data":"Echo Form","floor":32,"key":"SMITH"},{"data":"Skim","floor":40,"key":"SMITH"},{"data":"Turbo","floor":42,"key":"SMITH"},{"data":"Redo","floor":49,"key":"SMITH"}],"circlet_count":0,"master_deck":["AscendersBane","Dualcast+1","Self Repair","Glacier","Darkness+1","Coolheaded+1","Compile Driver","Echo Form+1","CurseOfTheBell","Coolheaded+1","Turbo","Defragment+1","Defragment+1","Chill","Skim+1","Turbo+1","Redo+1","Loop"],"relics":["FrozenCore","Lantern","CeramicFish","War Paint","Calling Bell","PreservedInsect","Sundial","CaptainsWheel","Nilry\u0027s Codex","DataDisk","Eternal Feather","StrikeDummy","Pantograph"],"acts_visited":["Exordium","TheCity","TheBeyond"],"potions_floor_usage":[31,46],"damage_taken":[{"damage":4.0,"enemies":"2 Louse","floor":1.0,"turns":2.0},{"damage":3.0,"enemies":"Jaw Worm","floor":3.0,"turns":5.0},{"damage":4.0,"enemies":"Small Slimes","floor":5.0,"turns":4.0},{"damage":21.0,"enemies":"3 Sentries","floor":7.0,"turns":5.0},{"damage":24.0,"enemies":"Lagavulin","floor":8.0,"turns":6.0},{"damage":1.0,"enemies":"Looter","floor":10.0,"turns":2.0},{"damage":11.0,"enemies":"Blue Slaver","floor":12.0,"turns":3.0},{"damage":10.0,"enemies":"Exordium Thugs","floor":14.0,"turns":4.0},{"damage":28.0,"enemies":"Slime Boss","floor":16.0,"turns":4.0},{"damage":6.0,"enemies":"Spheric Guardian","floor":18.0,"turns":3.0},{"damage":0.0,"enemies":"Chosen","floor":20.0,"turns":6.0},{"damage":1.0,"enemies":"Shelled Parasite and Fungi","floor":24.0,"turns":4.0},{"damage":8,"enemies":"Snecko","floor":28,"turns":4},{"damage":16,"enemies":"Sentry and Sphere","floor":29,"turns":4},{"damage":5,"enemies":"Slavers","floor":31,"turns":4},{"damage":29,"enemies":"Automaton","floor":33,"turns":10},{"damage":3,"enemies":"3 Darklings","floor":35,"turns":5},{"damage":4,"enemies":"3 Shapes","floor":37,"turns":4},{"damage":23,"enemies":"Jaw Worm Horde","floor":39,"turns":5},{"damage":0,"enemies":"Spire Growth","floor":44,"turns":4},{"damage":1,"enemies":"Transient","floor":46,"turns":5},{"damage":0,"enemies":"4 Shapes","floor":48,"turns":3},{"damage":55,"enemies":"Time Eater","floor":50,"turns":7}],"seed_played":"8940755303452459059","potions_obtained":[{"floor":5.0,"key":"SpeedPotion"},{"floor":8.0,"key":"ColorlessPotion"},{"floor":12.0,"key":"Swift Potion"},{"floor":14.0,"key":"Weak Potion"},{"floor":20.0,"key":"SpeedPotion"},{"floor":31,"key":"SmokeBomb"},{"floor":33,"key":"FairyPotion"},{"floor":48,"key":"SteroidPotion"}],"is_trial":false,"path_per_floor":["M","?","M","?","M","R","?","E","T","M","?","M","R","M","R","B",null,"M","?","M","?","$","R","M","?","T","T","M","M","R","E","R","B",null,"M","?","M","?","M","R","$","R","T","M","$","M","?","M","R","B",null],"character_chosen":"DEFECT","items_purchased":["DataDisk","Defragment","Turbo","EssenceOfDarkness","Loop"],"campfire_rested":0,"item_purchase_floors":[22,22,41,41,45],"current_hp_per_floor":[64,57,61,61,64,64,50,33,33,39,44,40,40,37,37,16,59,60,44,51,51,51,51,57,57,57,57,56,47,56,58,67,45,66,70,70,73,73,57,66,66,73,73,73,73,73,73,73,73,32],"gold":165,"neow_bonus":"REMOVE_TWO","is_daily":false,"chose_seed":false,"campfire_upgraded":9,"win_rate":0.0,"timestamp":1611911220,"path_taken":["M","?","M","?","M","R","?","E","T","M","?","M","R","?","R","BOSS","M","?","M","?","$","R","M","?","T","?","M","?","R","E","R","BOSS","M","?","?","?","?","R","?","R","T","M","$","M","?","M","R","BOSS"],"items_purchased_type":["Relic","Card","Card","Potion","Card"],"build_version":"2020-12-22","purchased_purges":3,"victory":true,"max_hp_per_floor":[68,68,68,68,68,68,68,68,68,68,73,73,73,73,73,73,73,73,73,73,73,73,73,73,73,73,73,73,73,73,73,73,73,73,73,73,73,73,73,73,73,73,73,73,73,73,73,73,73,73],"relic_stats":{"counters":[23,103],"Sundial":[14],"CeramicFish":117,"Pantograph":0,"Eternal Feather":34,"PreservedInsect":42,"War Paint":["Dualcast","Darkness"],"obtain_stats":[{"Lantern":7,"Nilry\u0027s Codex":19,"CeramicFish":8,"Eternal Feather":26,"PreservedInsect":17,"War Paint":9,"FrozenCore":34,"Calling Bell":17,"CaptainsWheel":17,"DataDisk":22,"Sundial":17,"Pantograph":43,"Cracked Core":0,"StrikeDummy":31},{"Lantern":4,"Nilry\u0027s Codex":10,"CeramicFish":5,"Eternal Feather":12,"PreservedInsect":9,"War Paint":5,"FrozenCore":16,"Calling Bell":9,"CaptainsWheel":9,"DataDisk":11,"Sundial":9,"Pantograph":19,"Cracked Core":0,"StrikeDummy":15},{"Lantern":16,"Nilry\u0027s Codex":38,"CeramicFish":22,"Eternal Feather":48,"PreservedInsect":35,"War Paint":22,"FrozenCore":70,"Calling Bell":35,"CaptainsWheel":35,"DataDisk":44,"Sundial":35,"Pantograph":84,"Cracked Core":0,"StrikeDummy":60}],"FrozenCore":[7]},"card_choices":[{"not_picked":["Stack","Loop"],"picked":"Self Repair","floor":1.0},{"not_picked":["Self Repair","Gash"],"picked":"Glacier","floor":3.0},{"not_picked":["Rebound","Conserve Battery"],"picked":"Doom and Gloom","floor":5.0},{"not_picked":["Sweeping Beam","Storm"],"picked":"Darkness","floor":7.0},{"not_picked":["Beam Cell","Streamline","Rebound"],"picked":"SKIP","floor":8.0},{"not_picked":["White Noise","Double Energy"],"picked":"Coolheaded","floor":10.0},{"not_picked":["Capacitor","Steam"],"picked":"Compile Driver","floor":12.0},{"not_picked":["Amplify","Cold Snap","Beam Cell"],"picked":"SKIP","floor":14.0},{"not_picked":["Hyperbeam","Meteor Strike"],"picked":"Echo Form","floor":16.0},{"not_picked":["Tempest","FTL+1"],"picked":"Coolheaded+1","floor":18.0},{"not_picked":["Consume","Steam Power"],"picked":"Turbo","floor":20.0},{"not_picked":["White Noise","Go for the Eyes","Genetic Algorithm"],"picked":"SKIP","floor":24.0},{"not_picked":["Barrage","Genetic Algorithm"],"picked":"Defragment","floor":28},{"not_picked":["Redo","Capacitor"],"picked":"Chill","floor":29},{"not_picked":["Stack","Machine Learning","Steam"],"picked":"SKIP","floor":31},{"not_picked":["Beam Cell","Turbo+1","Sweeping Beam"],"picked":"SKIP","floor":35},{"not_picked":["Streamline","Fusion","Stack+1"],"picked":"SKIP","floor":37},{"not_picked":["White Noise","Streamline"],"picked":"Skim","floor":39},{"not_picked":["Redo","Turbo","Glacier"],"picked":"SKIP","floor":44},{"not_picked":["Turbo","Glacier"],"picked":"Redo","floor":44},{"not_picked":["Undo","Steam","Genetic Algorithm+1"],"picked":"SKIP","floor":46},{"not_picked":["Stack+1","Cold Snap","Rainbow"],"picked":"SKIP","floor":48}],"player_experience":359691,"relics_obtained":[{"floor":7.0,"key":"Lantern"},{"floor":8.0,"key":"CeramicFish"},{"floor":9.0,"key":"War Paint"},{"floor":17.0,"key":"PreservedInsect"},{"floor":17.0,"key":"Sundial"},{"floor":17.0,"key":"CaptainsWheel"},{"floor":19.0,"key":"Nilry\u0027s Codex"},{"floor":26,"key":"Eternal Feather"},{"floor":31,"key":"StrikeDummy"},{"floor":43,"key":"Pantograph"}],"event_choices":[{"cards_removed":["Strike_B"],"damage_healed":0.0,"max_hp_gain":0.0,"max_hp_loss":0.0,"gold_gain":0.0,"event_name":"Golden Wing","player_choice":"Card Removal","floor":2.0,"gold_loss":0.0,"damage_taken":7.0},{"cards_removed":["Defend_B"],"damage_healed":0.0,"max_hp_gain":0.0,"max_hp_loss":0.0,"gold_gain":0.0,"event_name":"Living Wall","player_choice":"Forget","floor":4.0,"gold_loss":0.0,"damage_taken":0.0},{"damage_healed":0.0,"max_hp_gain":0.0,"max_hp_loss":0.0,"gold_gain":0.0,"event_name":"Dead Adventurer","player_choice":"Searched \u00271\u0027 times","floor":7.0,"gold_loss":0.0,"damage_taken":0.0},{"damage_healed":0.0,"max_hp_gain":5.0,"max_hp_loss":0.0,"gold_gain":0.0,"event_name":"Big Fish","player_choice":"Donut","floor":11.0,"gold_loss":0.0,"damage_taken":0.0},{"damage_healed":0.0,"max_hp_gain":0.0,"max_hp_loss":0.0,"gold_gain":0.0,"event_name":"Cursed Tome","player_choice":"Obtained Book","floor":19.0,"gold_loss":0.0,"damage_taken":16.0},{"cards_removed":["Strike_B"],"damage_healed":0.0,"max_hp_gain":0.0,"max_hp_loss":0.0,"gold_gain":0.0,"event_name":"Back to Basics","player_choice":"Elegance","floor":21.0,"gold_loss":0.0,"damage_taken":0.0},{"damage_healed":0,"gold_gain":0,"player_choice":"Ignored","damage_taken":0,"max_hp_gain":0,"max_hp_loss":0,"event_name":"The Mausoleum","floor":25,"gold_loss":0},{"damage_healed":0,"gold_gain":100,"player_choice":"Pray","damage_taken":0,"max_hp_gain":0,"max_hp_loss":0,"event_name":"Golden Shrine","floor":36,"gold_loss":0},{"cards_removed":["Defend_B"],"damage_healed":0,"gold_gain":0,"player_choice":"Upgrade and Remove","damage_taken":0,"max_hp_gain":0,"max_hp_loss":0,"event_name":"Designer","floor":38,"gold_loss":90,"cards_upgraded":["Defend_B"]},{"cards_removed":["Doom and Gloom"],"damage_healed":0,"gold_gain":0,"player_choice":"Removed Attack","damage_taken":0,"max_hp_gain":0,"max_hp_loss":0,"event_name":"Falling","floor":47,"gold_loss":0}],"is_beta":false,"boss_relics":[{"not_picked":["Black Star","Ectoplasm"],"picked":"Calling Bell"},{"not_picked":["Busted Crown","Pandora\u0027s Box"],"picked":"FrozenCore"}],"items_purged_floors":[22,41,45],"is_endless":false,"potions_floor_spawned":[5,8,12,14,20,24,31,33,35,44,48],"ascension_level":13}}