{"host":"sav7uxregyirlf69","time":1611908262,"event":{"mods":["AchievementEnabler","BaseMod","Colored Map","DeckTracker","Keyboard Shortcuts","Minty Spire (QoL Compilation)","READ ME - Guardian Mod","StSLib","SuperFastMode"],"gold_per_floor":[114,114,114,114,134,134,149,149,149,169,169,169,187,1,1,1,1],"floor_reached":16,"language":"KOR","playtime":155,"items_purged":["Decay"],"score":180,"play_id":"8a6de9d3-80c1-4f97-a2d5-e83fdc2ccbed","local_time":"20210129171742","is_ascension_mode":true,"campfire_choices":[{"data":"Wild Strike","floor":6.0,"key":"SMITH"},{"data":"Uppercut","floor":8.0,"key":"SMITH"},{"floor":11.0,"key":"REST"},{"data":"Second Wind","floor":15,"key":"SMITH"}],"circlet_count":0,"master_deck":["AscendersBane","Strike_R","Strike_R","Strike_R","Defend_R","Defend_R","Defend_R","Defend_R","Bash","Sword Boomerang","Wild Strike+1","Uppercut+1","Second Wind+1"],"relics":["Burning Blood","Art of War","Juzu Bracelet","Singing Bowl","SsserpentHead","Medical Kit"],"acts_visited":["Exordium"],"potions_floor_usage":[16],"damage_taken":[{"damage":26.0,"enemies":"Jaw Worm","floor":1.0,"turns":6.0},{"damage":6.0,"enemies":"Cultist","floor":5.0,"turns":4.0},{"damage":11.0,"enemies":"Small Slimes","floor":7.0,"turns":4.0},{"damage":19.0,"enemies":"Looter","floor":10.0,"turns":3.0},{"damage":10,"enemies":"3 Louse","floor":13,"turns":4},{"damage":30,"enemies":"The Guardian","floor":16,"turns":6}],"seed_played":"4027221410565777010","potions_obtained":[{"floor":1.0,"key":"Weak Potion"},{"floor":7.0,"key":"ElixirPotion"}],"is_trial":false,"path_per_floor":["M","?","T","?","M","R","M","R","T","M","R","?","M","$","R","B"],"character_chosen":"IRONCLAD","items_purchased":["Medical Kit"],"campfire_rested":1,"item_purchase_floors":[14],"current_hp_per_floor":[48,30,30,30,30,30,25,25,25,12,32,32,30,30,30,0,0],"gold":1,"neow_bonus":"REMOVE_TWO","is_daily":false,"chose_seed":false,"campfire_upgraded":3,"win_rate":0.0,"timestamp":1611908262,"path_taken":["M","?","?","?","M","R","M","R","T","M","R","?","M","?","R","BOSS"],"items_purchased_type":["Relic"],"build_version":"2020-12-22","purchased_purges":1,"victory":false,"max_hp_per_floor":[68,68,68,68,68,68,68,68,68,68,68,68,70,70,70,70,70],"card_choices":[{"not_picked":["Dual Wield","Heavy Blade"],"picked":"Sword Boomerang","floor":1.0},{"not_picked":["Flex","Cleave"],"picked":"Wild Strike","floor":5.0},{"not_picked":["Clothesline","Searing Blow"],"picked":"Uppercut","floor":7.0},{"not_picked":["Metallicize","Spot Weakness"],"picked":"Second Wind","floor":10.0},{"not_picked":["Searing Blow","Armaments","Body Slam"],"picked":"Singing Bowl","floor":13}],"player_experience":1424594,"relics_obtained":[{"floor":3.0,"key":"Juzu Bracelet"},{"floor":9.0,"key":"Singing Bowl"}],"event_choices":[{"damage_healed":0.0,"max_hp_gain":0.0,"max_hp_loss":0.0,"gold_gain":0.0,"event_name":"Scrap Ooze","player_choice":"Success","floor":2.0,"gold_loss":0.0,"damage_taken":18.0,"relics_obtained":["Art of War"]},{"damage_healed":0.0,"max_hp_gain":0.0,"max_hp_loss":0.0,"gold_gain":0.0,"event_name":"Wheel of Change","player_choice":"Cursed","floor":4.0,"gold_loss":0.0,"damage_taken":0.0,"cards_obtained":["Decay"]},{"damage_healed":0.0,"max_hp_gain":0.0,"max_hp_loss":0.0,"gold_gain":0.0,"event_name":"FaceTrader","player_choice":"Trade","floor":12.0,"gold_loss":0.0,"damage_taken":0.0,"relics_obtained":["SsserpentHead"]}],"is_beta":false,"boss_relics":[],"items_purged_floors":[14],"is_endless":false,"potions_floor_spawned":[1,7],"killed_by":"The Guardian","ascension_level":20}}