{"host":"pmmuxs046gii331m","time":1611930069,"event":{"mods":["AchievementEnabler","BaseMod","Colored Powertips","Downfall","Gold Saver","Minty Spire (QoL Compilation)","Permanent Neow","Quick Restart","StSLib"],"gold_per_floor":[1157,1157,1173,929,929,949,949,849,867,892,792,355,355,374,393,496,496,496,49,49,68,84,104,104,104,89,102,137,151,181,201,201,201,201],"floor_reached":32,"language":"ENG","playtime":4178,"items_purged":["hexamod:Strike","hexamod:Strike","hexamod:Defend"],"score":307,"play_id":"e27b3d55-56b2-40da-9bc0-6cedeb919e49","local_time":"20210129092109","is_ascension_mode":false,"campfire_choices":[{"data":"hexamod:Float","floor":1,"key":"SMITH"},{"data":"hexamod:SoulSteal","floor":8,"key":"SMITH"},{"data":"hexamod:DynamicBlow","floor":11,"key":"SMITH"},{"data":"hexamod:HexaLevel","floor":18,"key":"SMITH"},{"floor":25,"key":"RECALL"}],"circlet_count":0,"master_deck":["hexamod:Strike","hexamod:Defend","hexamod:Sear+1","hexamod:Float+1","hexamod:SpectersWail","hexamod:PhantomFireball","hexamod:InspiringFlames","hexamod:DynamicBlow+1","hexamod:SoulSteal+1","hexamod:FastForward","hexamod:FirstSeal","hexamod:BurningTouch","hexamod:Firestarter","hexamod:HexaLevel+1","hexamod:Toasty","hexamod:ChargedBarrage","Writhe","hexamod:NecessarySacrifice","hexamod:ChargedBarrage+1","Shame"],"relics":["hexamod:SpiritBrand","hexamod:MatchstickCase","downfall:HeartBlessingBlue","Bottled Flame","downfall:HeartBlessingGreen","Bottled Lightning","downfall:BrokenWingStatue","Cursed Key","Darkstone Periapt","Lizard Tail","Mercury Hourglass","Unceasing Top"],"acts_visited":["Exordium","TheCity"],"potions_floor_usage":[4,10,16,16,16],"damage_taken":[{"damage":0,"enemies":"Cultist","floor":3,"turns":3},{"damage":0,"enemies":"downfall:FleeingMerchant","floor":4,"turns":4},{"damage":0,"enemies":"Small Slimes","floor":6,"turns":3},{"damage":0,"enemies":"2 Louse","floor":9,"turns":2},{"damage":13,"enemies":"3 Sentries","floor":10,"turns":5},{"damage":3,"enemies":"downfall:FleeingMerchant","floor":12,"turns":4},{"damage":5,"enemies":"Large Slime","floor":14,"turns":3},{"damage":0,"enemies":"Gremlin Gang","floor":15,"turns":1},{"damage":28,"enemies":"WA_ARCHETYPE_RETAIN","floor":16,"turns":5},{"damage":0,"enemies":"downfall:FleeingMerchant","floor":19,"turns":4},{"damage":43,"enemies":"3 Byrds","floor":21,"turns":5},{"damage":0,"enemies":"Shell Parasite","floor":22,"turns":2},{"damage":25,"enemies":"Sentry and Sphere","floor":23,"turns":4},{"damage":10,"enemies":"downfall:FleeingMerchant","floor":26,"turns":4},{"damage":0,"enemies":"Snake Plant","floor":27,"turns":2},{"damage":35,"enemies":"Book of Stabbing","floor":28,"turns":4},{"damage":7,"enemies":"Centurion and Healer","floor":29,"turns":2},{"damage":16,"enemies":"Slavers","floor":30,"turns":2},{"damage":37,"enemies":"Shelled Parasite and Fungi","floor":31,"turns":6},{"damage":16,"enemies":"Snake Plant","floor":32,"turns":1}],"seed_played":"266808206362835946","potions_obtained":[{"floor":0,"key":"SneckoOil"},{"floor":0,"key":"Energy Potion"},{"floor":0,"key":"Slimebound:ThreeZeroPotion"},{"floor":9,"key":"champ:CounterPotion"},{"floor":14,"key":"AttackPotion"},{"floor":16,"key":"Block Potion"},{"floor":21,"key":"CultistPotion"}],"is_trial":false,"path_per_floor":["R","?","M","$","?","M","T","R","M","E","R","$","?","M","M","B",null,"R","$","?","M","M","M","T","R","$","M","E","M","E","M","M"],"character_chosen":"THE_SPIRIT","items_purchased":["hexamod:MatchstickCase","Bottled Lightning","hexamod:DoubleChargePotion","Darkstone Periapt","Energy Potion"],"campfire_rested":0,"item_purchase_floors":[4,12,12,19,19],"current_hp_per_floor":[70,70,70,70,70,70,70,80,80,67,67,71,71,73,73,52,80,80,80,86,50,57,39,45,45,42,42,14,14,46,16,0,0,0],"gold":201,"neow_bonus":"THREE_SMALL_POTIONS","is_daily":false,"chose_seed":false,"campfire_upgraded":4,"win_rate":0.0,"timestamp":1611930069,"path_taken":["R","?","?","$","?","M","T","R","M","E","R","?","?","M","M","BOSS","R","$","?","M","M","?","T","R","$","M","E","M","E","M","M"],"items_purchased_type":["Relic","Relic","Potion","Relic","Potion"],"build_version":"2020-12-22","purchased_purges":3,"victory":false,"max_hp_per_floor":[70,70,70,70,70,70,70,80,80,80,80,80,80,80,80,80,80,80,80,86,86,86,86,92,92,92,92,92,92,92,92,92,92,92],"card_choices":[{"not_picked":["hexamod:Haunt","hexamod:BacktrackSmack"],"picked":"hexamod:SpectersWail","floor":3},{"not_picked":["hexamod:Toasty","hexamod:ShieldOfDarkness"],"picked":"hexamod:PhantomFireball","floor":4},{"not_picked":["hexamod:SuperheatedStrike","hexamod:BurningTouch"],"picked":"hexamod:SoulSteal","floor":6},{"not_picked":["hexamod:Firestarter","hexamod:GhostLash"],"picked":"hexamod:FastForward","floor":9},{"not_picked":["hexamod:HeatShield","hexamod:GhostOfSpireFuture"],"picked":"hexamod:FirstSeal","floor":10},{"not_picked":["hexamod:HauntingEcho","hexamod:RecurringNightmare"],"picked":"hexamod:BurningTouch","floor":12},{"not_picked":["hexamod:SpectersWail","hexamod:NightmareGuise"],"picked":"hexamod:Firestarter","floor":14},{"not_picked":["hexamod:SkipABeat","hexamod:TimeOfNeed","hexamod:Again"],"picked":"SKIP","floor":15},{"not_picked":["hexamod:TimeWarp","hexamod:SixthSeal"],"picked":"hexamod:HexaLevel","floor":16},{"not_picked":["hexamod:ThirdSeal","hexamod:EtherealExpedition","hexamod:SecondSeal"],"picked":"SKIP","floor":19},{"not_picked":["hexamod:GhostLash+1","hexamod:GhostOfSpireFuture"],"picked":"hexamod:ChargedBarrage+1","floor":21},{"not_picked":["hexamod:SpectersWail","hexamod:GhostOfSpirePast","hexamod:ShieldOfDarkness"],"picked":"SKIP","floor":22},{"not_picked":["hexamod:NightmareGuise","hexamod:SuperheatedStrike","hexamod:HeatMetal"],"picked":"SKIP","floor":23},{"not_picked":["hexamod:Hexaguard","hexamod:PhantomFireball","hexamod:SecondSeal"],"picked":"SKIP","floor":26},{"not_picked":["hexamod:SwordOfDarkness","hexamod:BacktrackSmack","hexamod:PhantomCloak"],"picked":"SKIP","floor":27},{"not_picked":["hexamod:UnleashSpirits","hexamod:BurningTouch","hexamod:SuperheatedStrike"],"picked":"SKIP","floor":28},{"not_picked":["hexamod:GhostflameBarrier","hexamod:FirstSeal","hexamod:NightmareStrike"],"picked":"SKIP","floor":29},{"not_picked":["hexamod:HeatMetal","hexamod:Firestarter","hexamod:NightmareStrike+1"],"picked":"SKIP","floor":30},{"not_picked":["hexamod:FlamesFromBeyond","hexamod:NightmareStrike","hexamod:FastForward"],"picked":"SKIP","floor":31}],"player_experience":420605,"relics_obtained":[{"floor":10,"key":"Bottled Flame"},{"floor":24,"key":"Lizard Tail"},{"floor":28,"key":"Mercury Hourglass"},{"floor":30,"key":"Unceasing Top"}],"event_choices":[{"damage_healed":0,"gold_gain":0,"player_choice":"Forge","damage_taken":0,"max_hp_gain":0,"max_hp_loss":0,"event_name":"Accursed Blacksmith","floor":2,"gold_loss":0,"cards_upgraded":["hexamod:Sear"]}],"is_beta":false,"boss_relics":[{"not_picked":["Snecko Eye","SlaversCollar"],"picked":"Cursed Key"}],"items_purged_floors":[4,12,19],"is_endless":false,"potions_floor_spawned":[9,14,16,21,23,27,31],"killed_by":"Snake Plant","ascension_level":0}}