{"host":"iinan6uvaz0tmc7m","time":1611907534,"event":{"mods":["Bartender","BaseMod","Become a monster ∞Ÿ±‰π÷","KinomotoSakuraMod(ƒæ÷Æ±æ”£)","Marisa£®ÏF”Í°°ƒß¿Ì…≥£©","Minty Spire (QoL Compilation)","Prisma Mod","Reimu£®≤©¿ˆ¡È√Œ£©","Replay The Spire","StSLib","The Senshi","Yakumo Yukari mod"],"gold_per_floor":[134,144,232,999015,999015,999055,999055,999095,999095,999133,999133,999133,998261,998274,998274,998403,998403,998422,998382,997520,996540,996540,996581,996045,996064,996088,996102,996123,996148,996192,996192,996192,996312,996312,996332,995850,995850,995865,995448,995479,995479,995504,995504,995504,995504,995544,995615,995633,995633,995633,995633,995633,995228,995263,995263],"floor_reached":56,"language":"ZHS","playtime":2560,"items_purged":["AT_purpleEX","AT_purpleEX","Defend_purpleEX","AT_purpleEX","Nest_LightFlightworm_purple","AT_purpleEX","Defend_purpleEX","AT_purpleEX+1","Apotheosis+1"],"score":1458,"play_id":"6e040b35-c4d6-4344-992f-720a33a2930e","local_time":"20210129160534","is_ascension_mode":true,"campfire_choices":[{"floor":11.0,"key":"RECALL"},{"floor":15.0,"key":"REST"},{"data":"Apotheosis","floor":32.0,"key":"SMITH"},{"data":"Know_ledgeAbilityRealm_purple","floor":41.0,"key":"SMITH"}],"circlet_count":0,"master_deck":["Defend_purpleEX+1","Defend_purpleEX+1","Defend_purpleEX+1","Observe_purple_2+1","DarkRealmRedLine_purple+1","ButterflyHabitatTemple_purple+1","Fantasy_PerpetualMotionMachine_purple+1","AdvanceAttack_purple+1","BarrageBoundary_PipeDream_purple+1","EighthInstrument_OneDividesIntoTwo_purple+1","Bait_HighSpeedFlying_purple+1","Bait_Toxicbait_purple+1","Specialist+1","Umbrella_purple+1","WatchEChange_purple+1","Boundary_DreamRealityDamnation_purple+1","WeekHit_purple+1","CommonSense_AntiCommonSense_purple+1","MetroBOOM_purple+1","MetroBOOM_purple+1","StateErode_purple+1","Boundary_LifeAndDeath_purple+1","Anti_communist_purple+1","Monsters_DoubleDeathButterfly_purple+1","Mirror_TwoAndThreeElementRealm_purple+1","Umbrella_purple+1","ReplayUltimateDefense+1","RuleDissolution_purple+1","Theboundaryofcreation_purpleEX+1","WangLiang_LineAndCurveDreams_purple+1","DistantPastFriend_purple+1","Necronomicurse","Realm_recovery_purpleEX+1","OmniscientAndOmnipotent_Monster_purple+1","Know_ledgeAbilityRealm_purple+1","WorldDissolvedintheRealm_purple+1"],"relics":["Boundary_crack","Memoryfragments_purpleEX","NeowsBlessing","Lee\u0027s Waffle","Replay:Towering Pillar of Hats","theSenshi:SuperSailorFukuRelic","Golden Idol","Replay:Kaleidoscope","Anchor","Bottled Lightning","Ice Cream","Chameleon Ring","Akabeko","theSenshi:SpiralHeartMoonRodRelic","Philosopher\u0027s Stone","ZunR:ReiMu","FossilizedHelix","Gremlin Food","Medical Kit","Sundial","Tea:ReiMu","Garlic","Membership Card","Singing Bowl","Nunchaku","Necronomicon","SlaversCollar","Calipers","Blue Doll","TentaclePot:ReiMu","Chemical X","Incense Burner","MealTicket","Art of War","ThegodofHakurei_purpleEX","Gremlin Horn","Pantograph","Sling","Letter Opener","Orichalcum"],"acts_visited":["Exordium","TheCity","TheBeyond","TheEnding"],"potions_floor_usage":[55,55,55,55,55,55],"damage_taken":[{"damage":0.0,"enemies":"Small Slimes","floor":1.0,"turns":1.0},{"damage":0.0,"enemies":"2 Louse","floor":2.0,"turns":1.0},{"damage":17.0,"enemies":"Gremlin Nob","floor":6.0,"turns":1.0},{"damage":18.0,"enemies":"3 Sentries","floor":8.0,"turns":5.0},{"damage":8.0,"enemies":"Gremlin Nob","floor":10.0,"turns":3.0},{"damage":0.0,"enemies":"Jaw Worm","floor":14.0,"turns":4.0},{"damage":43.0,"enemies":"Slime Boss","floor":16.0,"turns":6.0},{"damage":8.0,"enemies":"3 Byrds","floor":18.0,"turns":3.0},{"damage":42.0,"enemies":"Gremlin Leader","floor":23.0,"turns":4.0},{"damage":0.0,"enemies":"2 Thieves","floor":25.0,"turns":3.0},{"damage":0.0,"enemies":"Snake Plant","floor":27.0,"turns":3.0},{"damage":0.0,"enemies":"Centurion and Healer","floor":28.0,"turns":2.0},{"damage":0.0,"enemies":"Chosen and Byrds","floor":29.0,"turns":3.0},{"damage":32.0,"enemies":"Slavers","floor":30.0,"turns":5.0},{"damage":0.0,"enemies":"Automaton","floor":33.0,"turns":4.0},{"damage":0.0,"enemies":"3 Darklings","floor":35.0,"turns":2.0},{"damage":106.0,"enemies":"3 Darklings","floor":37.0,"turns":11.0},{"damage":0.0,"enemies":"Orb Walker","floor":38.0,"turns":2.0},{"damage":0.0,"enemies":"Giant Head","floor":40.0,"turns":4.0},{"damage":0.0,"enemies":"Spire Growth","floor":42.0,"turns":2.0},{"damage":0.0,"enemies":"Reptomancer","floor":46.0,"turns":2.0},{"damage":0.0,"enemies":"Writhing Mass","floor":48.0,"turns":3.0},{"damage":0.0,"enemies":"Replay:Hell Engine","floor":50.0,"turns":4.0},{"damage":0.0,"enemies":"Shield and Spear","floor":54.0,"turns":3.0},{"damage":0,"enemies":"The Heart","floor":55,"turns":4}],"seed_played":"-5463608494969292630","potions_obtained":[{"floor":1.0,"key":"RealmPotion"},{"floor":8.0,"key":"SpeedPotion"},{"floor":42.0,"key":"ColorlessPotion"}],"is_trial":false,"path_per_floor":["M","M","?","$","?","E","?","E","T","E","R","T","$","M","R","B",null,"M","?","$","$","?","E","$","M","T","M","M","M","E","?","R","B",null,"M","$","?","M","$","E","R","M","T","?","?","E","T","M","R","B",null,"R","$","E","B",null],"character_chosen":"Youkari","items_purchased":["Lee\u0027s Waffle","EighthInstrument_OneDividesIntoTwo_purple+1","Bait_HighSpeedFlying_purple","Bait_Toxicbait_purple","Replay:Towering Pillar of Hats","theSenshi:SuperSailorFukuRelic","Elixir","Specialist","Akabeko","theSenshi:SpiralHeartMoonRodRelic","WeekHit_purple","CommonSense_AntiCommonSense_purple","MetroBOOM_purple","FairyPotion","FossilizedHelix","Gremlin Food","Monsters_DoubleDeathButterfly_purple+1","Apotheosis","Medical Kit","Sundial","Tea:ReiMu","Mirror_TwoAndThreeElementRealm_purple","Umbrella_purple","Membership Card","Singing Bowl","Nunchaku","ReplayUltimateDefense","Calipers","Blue Doll","TentaclePot:ReiMu","WangLiang_LineAndCurveDreams_purple","Chemical X","Incense Burner","MealTicket","Sling","Letter Opener","Orichalcum"],"campfire_rested":1,"item_purchase_floors":[4,4,4,4,4,4,4,4,13,13,13,13,13,13,20,20,20,20,21,21,21,21,21,24,24,24,24,36,36,36,36,39,39,39,53,53,53],"current_hp_per_floor":[70,70,70,77,58,41,41,26,26,20,20,20,20,27,50,20,77,72,72,72,72,72,42,42,48,48,55,63,74,59,43,43,71,85,87,87,87,87,87,87,87,89,89,89,85,92,92,97,97,97,97,97,97,99,99],"gold":995263,"neow_bonus":"THREE_ENEMY_KILL","is_daily":false,"chose_seed":false,"campfire_upgraded":2,"win_rate":0.0,"timestamp":1611907534,"path_taken":["M","M","?","$","?","E","?","E","T","E","R","?","?","M","R","BOSS","M","?","?","$","?","E","$","M","T","M","?","M","E","?","R","BOSS","M","$","?","M","$","E","R","M","T","?","?","E","?","M","R","BOSS","R","$","E","BOSS"],"items_purchased_type":["Relic","Card","Card","Card","Relic","Relic","Potion","Card","Relic","Relic","Card","Card","Card","Potion","Relic","Relic","Card","Card","Relic","Relic","Relic","Card","Card","Relic","Relic","Relic","Card","Relic","Relic","Relic","Card","Relic","Relic","Relic","Relic","Relic","Relic"],"build_version":"2020-12-22","purchased_purges":9,"victory":true,"max_hp_per_floor":[70,70,70,77,77,77,77,77,77,77,77,77,77,77,77,77,77,77,77,77,77,77,77,77,77,77,79,81,83,85,85,85,85,85,87,87,87,87,87,87,87,89,89,89,95,95,95,97,97,97,97,97,97,99,99],"card_choices":[{"not_picked":["Shallow_ocean_purpleEX","Mirror_Drifter_purple"],"picked":"DarkRealmRedLine_purple","floor":1.0},{"not_picked":["Line_surface_state_purple","SharpContractionReality_purple"],"picked":"ButterflyHabitatTemple_purple","floor":2.0},{"not_picked":["Charmbait_purple","Umbrella_purple"],"picked":"Fantasy_PerpetualMotionMachine_purple","floor":3.0},{"not_picked":["Line_surface_state_purple","StateErode_purple"],"picked":"AdvanceAttack_purple","floor":3.0},{"not_picked":["DimensionStaggered_purple","OmniscientAndOmnipotent_Monster_purple"],"picked":"BarrageBoundary_PipeDream_purple","floor":3.0},{"not_picked":["Boundary_DynamicStaticEquilibrium_purple","SharpContractionReality_purple"],"picked":"Umbrella_purple","floor":6.0},{"not_picked":["WatchEChange_purple","Charmbait_purple"],"picked":"Boundary_DreamRealityDamnation_purple","floor":8.0},{"not_picked":["Shallow_ocean_purpleEX","MetroBOOM_purple"],"picked":"Nest_LightFlightworm_purple","floor":10.0},{"not_picked":["RuleDissolution_purple","SfantasyHide_purple"],"picked":"StateErode_purple","floor":14.0},{"not_picked":["Monsters_DoubleDeathButterfly_purple","LoveAcrossDimensions_purple"],"picked":"Boundary_LifeAndDeath_purple","floor":16.0},{"not_picked":["ExistenceContinue_purple","PurpleNeedle_purple"],"picked":"Anti_communist_purple+1","floor":18.0},{"not_picked":["CommonSense_AntiCommonSense_purple+1","SharpContractionReality_purple","PurpleNeedle_purple"],"picked":"SKIP","floor":23.0},{"not_picked":["StateErode_purple","Realm_recovery_purpleEX"],"picked":"RuleDissolution_purple","floor":25.0},{"not_picked":["SfantasyHide_purple","Umbrella_purple+1","Line_surface_state_purple"],"picked":"Singing Bowl","floor":27.0},{"not_picked":["Nest_LightFlightworm_purple+1","MonsterNeedle_purple+1","StretchesForeverDream_purple"],"picked":"Singing Bowl","floor":28.0},{"not_picked":["Mirror_FormAndEmptin_purple","Mirror_WaveAndshot_purple","RuleDissolution_purple"],"picked":"Singing Bowl","floor":29.0},{"not_picked":["ExistenceContinue_purple","Extrememeaning_purpleEX","RuptureOfTimeAndSpace_purple"],"picked":"Singing Bowl","floor":30.0},{"not_picked":["GluttonyofRealm_purpleEX","Price_of_realm_purpleEX"],"picked":"Theboundaryofcreation_purpleEX","floor":33.0},{"not_picked":["MeetDecomposer_purple","Charmbait_purple","StateDuplicate_purple+1"],"picked":"Singing Bowl","floor":35.0},{"not_picked":["StateDuplicate_purple+1","StateErode_purple+1"],"picked":"Realm_recovery_purpleEX+1","floor":37.0},{"not_picked":["Shallow_ocean_purpleEX","MNeedle_purple"],"picked":"OmniscientAndOmnipotent_Monster_purple+1","floor":38.0},{"not_picked":["RealityDreamConfluencek_purple+1","Mirror_FormAndEmptin_purple+1"],"picked":"Know_ledgeAbilityRealm_purple","floor":40.0},{"not_picked":["StateDuplicate_purple+1","AdvanceAttack_purple+1","Line_surface_state_purple"],"picked":"Singing Bowl","floor":42.0},{"not_picked":["Forethought","Apotheosis","Replay:BasicMightCard"],"picked":"Singing Bowl","floor":45.0},{"not_picked":["Dark Shackles","Jack Of All Trades","Trip"],"picked":"Singing Bowl","floor":45.0},{"not_picked":["Secret Technique","Panacea","Chrysalis"],"picked":"Singing Bowl","floor":45.0},{"not_picked":["Boundary_DreamRealityDamnation_purple+1","RuptureOfTimeAndSpace_purple"],"picked":"WorldDissolvedintheRealm_purple+1","floor":46.0},{"not_picked":["WeekHit_purple","AdvanceAttack_purple","StateDuplicate_purple"],"picked":"Singing Bowl","floor":48.0},{"not_picked":["Nest_LightFlightworm_purple","Realm_recovery_purpleEX","EighthInstrument_OneDividesIntoTwo_purple"],"picked":"Singing Bowl","floor":54}],"player_experience":625962,"relics_obtained":[{"floor":6.0,"key":"Replay:Kaleidoscope"},{"floor":8.0,"key":"Anchor"},{"floor":9.0,"key":"Bottled Lightning"},{"floor":10.0,"key":"Ice Cream"},{"floor":12.0,"key":"Chameleon Ring"},{"floor":23.0,"key":"Garlic"},{"floor":31.0,"key":"Necronomicon"},{"floor":40.0,"key":"Art of War"},{"floor":43.0,"key":"ThegodofHakurei_purpleEX"},{"floor":46.0,"key":"Gremlin Horn"},{"floor":47.0,"key":"Pantograph"}],"event_choices":[{"damage_healed":0.0,"max_hp_gain":0.0,"max_hp_loss":0.0,"gold_gain":0.0,"event_name":"Golden Idol","player_choice":"Take Damage","floor":5.0,"gold_loss":0.0,"damage_taken":19.0,"relics_obtained":["Golden Idol"]},{"damage_healed":0.0,"max_hp_gain":0.0,"max_hp_loss":0.0,"gold_gain":0.0,"event_name":"ZunEvent","player_choice":"π∫¬Ú…Òæ∆","floor":19.0,"gold_loss":40.0,"damage_taken":0.0,"relics_obtained":["ZunR:ReiMu"]},{"damage_healed":0.0,"max_hp_gain":0.0,"max_hp_loss":0.0,"gold_gain":0.0,"event_name":"Lab","player_choice":"Got Potions","floor":22.0,"gold_loss":0.0,"damage_taken":0.0},{"damage_healed":0.0,"max_hp_gain":0.0,"max_hp_loss":0.0,"gold_gain":0.0,"event_name":"Cursed Tome","player_choice":"Obtained Book","floor":31.0,"gold_loss":0.0,"damage_taken":16.0},{"damage_healed":0.0,"max_hp_gain":0.0,"max_hp_loss":0.0,"gold_gain":0.0,"event_name":"The Moai Head","player_choice":"Ignored","floor":44.0,"gold_loss":0.0,"damage_taken":0.0},{"damage_healed":0.0,"max_hp_gain":0.0,"max_hp_loss":0.0,"gold_gain":0.0,"event_name":"SensoryStone","player_choice":"Memory 3","floor":45.0,"gold_loss":0.0,"damage_taken":10.0}],"is_beta":false,"boss_relics":[{"not_picked":["Silver_Glasses","Runic Dome"],"picked":"Philosopher\u0027s Stone"},{"not_picked":["Kintsugi","theSenshi:MoonKaleidoScopeRelic"],"picked":"SlaversCollar"}],"items_purged_floors":[4,13,20,21,24,36,36,39,53],"is_endless":false,"potions_floor_spawned":[1,8,18,25,28,30,33,35,37,42,54],"ascension_level":1}}