{"host":"nwd160me4iqdtr8u","time":1611902209,"event":{"mods":["AchievementEnabler","Act Like it!","BaseMod","Colored Map","DeckTracker","Minty Spire (QoL Compilation)","Quick Restart","Rare Cards Sparkle","StSLib","SuperFastMode","everything is the same but u backflip on backflip"],"gold_per_floor":[112,112,112,123,141,141,73,73,124,141,141,167,179,204,216,333,345,377,90,100,118,118,118,118,118,118,36,54,5,16,29,29,127,127,144,144,163,123,123,123,143,143,188,136,167,184,202,202,202],"floor_reached":48,"language":"KOR","playtime":1717,"items_purged":["Strike_B"],"score":462,"play_id":"9b13b77b-5721-42ca-9b27-f68b207e6fa9","local_time":"20210129153649","is_ascension_mode":false,"campfire_choices":[{"data":"Zap","floor":6.0,"key":"SMITH"},{"data":"Dualcast","floor":8.0,"key":"SMITH"},{"data":"Steam Power","floor":11.0,"key":"SMITH"},{"data":"Sunder","floor":13.0,"key":"SMITH"},{"data":"Static Discharge","floor":15.0,"key":"SMITH"},{"data":"Echo Form","floor":23.0,"key":"SMITH"},{"data":"Defragment","floor":32.0,"key":"SMITH"},{"floor":40.0,"key":"RECALL"},{"data":"Coolheaded","floor":42.0,"key":"SMITH"}],"circlet_count":0,"master_deck":["Defend_B","Defend_B","Defend_B","Zap+1","Dualcast+1","Steam Power+1","Ball Lightning","Self Repair","Static Discharge+1","Rebound","Sunder+1","Skim","Echo Form+1","Coolheaded+1","Defragment+1","Go for the Eyes+1","Multi-Cast","Static Discharge","Lockon+1","Hologram","Conserve Battery","Cold Snap+1","Hologram+1"],"relics":["Cracked Core","Pen Nib","MawBank","Busted Crown","OrangePellets","Enchiridion","Molten Egg 2","Black Star","Gremlin Horn","CaptainsWheel"],"acts_visited":["Exordium","TheCity","TheBeyond"],"potions_floor_usage":[],"damage_taken":[{"damage":0.0,"enemies":"2 Louse","floor":1.0,"turns":2.0},{"damage":1.0,"enemies":"Cultist","floor":4.0,"turns":3.0},{"damage":8.0,"enemies":"Jaw Worm","floor":5.0,"turns":3.0},{"damage":0.0,"enemies":"3 Louse","floor":10.0,"turns":4.0},{"damage":16.0,"enemies":"Lagavulin","floor":12.0,"turns":5.0},{"damage":18.0,"enemies":"Exordium Wildlife","floor":14.0,"turns":3.0},{"damage":34.0,"enemies":"Hexaghost","floor":16.0,"turns":4.0},{"damage":5.0,"enemies":"3 Byrds","floor":18.0,"turns":3.0},{"damage":0.0,"enemies":"Spheric Guardian","floor":20.0,"turns":3.0},{"damage":17.0,"enemies":"3 Cultists","floor":21.0,"turns":3.0},{"damage":5.0,"enemies":"Snecko","floor":28.0,"turns":3.0},{"damage":8.0,"enemies":"Cultist and Chosen","floor":30.0,"turns":4.0},{"damage":11.0,"enemies":"3 Cultists","floor":31.0,"turns":3.0},{"damage":18.0,"enemies":"Champ","floor":33.0,"turns":6.0},{"damage":0.0,"enemies":"3 Darklings","floor":35.0,"turns":1.0},{"damage":5.0,"enemies":"3 Shapes","floor":37.0,"turns":4.0},{"damage":3.0,"enemies":"Maw","floor":41.0,"turns":4.0},{"damage":36.0,"enemies":"Giant Head","floor":45.0,"turns":7.0},{"damage":23.0,"enemies":"Jaw Worm Horde","floor":46.0,"turns":3.0},{"damage":33.0,"enemies":"3 Darklings","floor":47.0,"turns":3.0},{"damage":24,"enemies":"Spire Growth","floor":48,"turns":3}],"seed_played":"-7541775763148914474","potions_obtained":[{"floor":4.0,"key":"Dexterity Potion"},{"floor":14.0,"key":"GamblersBrew"},{"floor":21.0,"key":"Weak Potion"},{"floor":28.0,"key":"Weak Potion"},{"floor":31.0,"key":"Energy Potion"},{"floor":35.0,"key":"EntropicBrew"},{"floor":38.0,"key":"EssenceOfDarkness"},{"floor":45.0,"key":"LiquidMemories"}],"is_trial":false,"path_per_floor":["M","?","?","M","M","R","$","R","T","M","R","E","R","M","R","B",null,"M","$","M","M","?","R","?","?","T","$","M","$","M","M","R","B",null,"M","?","M","?","$","R","M","R","T","$","E","M","M","M"],"character_chosen":"DEFECT","items_purchased":["Static Discharge","Defragment","OrangePellets","Lockon+1","Hologram","Conserve Battery"],"campfire_rested":0,"item_purchase_floors":[7,19,19,27,29,44],"current_hp_per_floor":[75,68,68,67,59,59,59,59,59,66,66,57,57,39,39,5,75,75,75,75,65,49,49,49,49,49,49,51,51,50,39,39,21,75,75,75,75,75,75,75,75,75,75,75,46,46,20,0,0],"gold":202,"neow_bonus":"TRANSFORM_CARD","is_daily":false,"chose_seed":false,"campfire_upgraded":8,"win_rate":0.0,"timestamp":1611902209,"path_taken":["M","?","?","M","?","R","$","R","T","M","R","E","R","M","R","BOSS","M","?","M","?","?","R","?","?","T","$","?","?","M","M","R","BOSS","M","?","M","?","$","R","?","R","T","$","E","M","M","M"],"items_purchased_type":["Card","Card","Relic","Card","Card","Card"],"build_version":"2020-12-22","purchased_purges":1,"victory":false,"max_hp_per_floor":[75,75,75,75,75,75,75,75,75,75,75,75,75,75,75,75,75,75,75,75,75,75,75,75,75,75,75,75,75,75,75,75,75,75,75,75,75,75,75,75,75,75,75,75,75,75,75,75,75],"card_choices":[{"not_picked":["Compile Driver","Conserve Battery"],"picked":"Ball Lightning","floor":1.0},{"not_picked":["Reprogram","Leap","Ball Lightning"],"picked":"SKIP","floor":4.0},{"not_picked":["Beam Cell","Turbo"],"picked":"Self Repair","floor":5.0},{"not_picked":["Blizzard","Hologram"],"picked":"Rebound","floor":10.0},{"not_picked":["Storm","All For One"],"picked":"Sunder","floor":12.0},{"not_picked":["Conserve Battery","Fusion"],"picked":"Skim","floor":14.0},{"not_picked":["Buffer","Core Surge"],"picked":"Echo Form","floor":16.0},{"not_picked":[],"picked":"Coolheaded","floor":18.0},{"not_picked":["Stack"],"picked":"SKIP","floor":20.0},{"not_picked":[],"picked":"Go for the Eyes+1","floor":21.0},{"not_picked":["Rebound+1"],"picked":"SKIP","floor":28.0},{"not_picked":["Sunder+1"],"picked":"SKIP","floor":30.0},{"not_picked":["Hologram"],"picked":"SKIP","floor":31.0},{"not_picked":[],"picked":"Stack","floor":35.0},{"not_picked":["Turbo"],"picked":"SKIP","floor":37.0},{"not_picked":["Skim"],"picked":"SKIP","floor":41.0},{"not_picked":[],"picked":"Cold Snap+1","floor":45.0},{"not_picked":["Streamline+1"],"picked":"SKIP","floor":46.0},{"not_picked":[],"picked":"Hologram+1","floor":47.0}],"player_experience":298645,"relics_obtained":[{"floor":9.0,"key":"Pen Nib"},{"floor":12.0,"key":"MawBank"},{"floor":22.0,"key":"Enchiridion"},{"floor":26.0,"key":"Molten Egg 2"},{"floor":45.0,"key":"Gremlin Horn"},{"floor":45.0,"key":"CaptainsWheel"}],"event_choices":[{"cards_removed":["Strike_B"],"damage_healed":0.0,"max_hp_gain":0.0,"max_hp_loss":0.0,"gold_gain":0.0,"event_name":"Golden Wing","player_choice":"Card Removal","floor":2.0,"gold_loss":0.0,"damage_taken":7.0},{"damage_healed":0.0,"max_hp_gain":0.0,"max_hp_loss":0.0,"gold_gain":0.0,"event_name":"NoteForYourself","player_choice":"Ignored","floor":3.0,"gold_loss":0.0,"damage_taken":0.0},{"damage_healed":0.0,"max_hp_gain":0.0,"max_hp_loss":0.0,"gold_gain":0.0,"event_name":"Cursed Tome","player_choice":"Obtained Book","floor":22.0,"gold_loss":0.0,"damage_taken":16.0},{"damage_healed":0.0,"max_hp_gain":0.0,"max_hp_loss":0.0,"gold_gain":0.0,"cards_transformed":["Strike_B","Defend_B"],"event_name":"Drug Dealer","player_choice":"Became Test Subject","floor":24.0,"gold_loss":0.0,"damage_taken":0.0,"cards_obtained":["Multi-Cast","Static Discharge"]},{"damage_healed":0.0,"max_hp_gain":0.0,"max_hp_loss":0.0,"gold_gain":0.0,"event_name":"Vampires","player_choice":"Ignored","floor":25.0,"gold_loss":0.0,"damage_taken":0.0},{"cards_removed":["Stack"],"damage_healed":0.0,"max_hp_gain":0.0,"max_hp_loss":0.0,"gold_gain":0.0,"event_name":"Falling","player_choice":"Removed Skill","floor":36.0,"gold_loss":0.0,"damage_taken":0.0},{"damage_healed":0.0,"max_hp_gain":0.0,"max_hp_loss":0.0,"gold_gain":0.0,"event_name":"The Woman in Blue","player_choice":"Bought 3 Potions","floor":38.0,"gold_loss":0.0,"damage_taken":0.0}],"is_beta":false,"boss_relics":[{"not_picked":["SlaversCollar","Tiny House"],"picked":"Busted Crown"},{"not_picked":["SacredBark","Runic Pyramid"],"picked":"Black Star"}],"items_purged_floors":[19],"is_endless":false,"potions_floor_spawned":[4,14,21,28,31,35,37,45],"killed_by":"Spire Growth","ascension_level":0}}