{"host":"moiuhynrbsbkjl64","time":1611915164,"event":{"mods":["2.2 Compatiblity","Act Like it!","Aspiration","BaseMod","Beaked The Cultist","Better Third Choice","BetterRewards","Challenge The Spire","Colored Powertips","Conspire","Downfall","Energized Spire","Fiend Mod","GifTheSpireLib","Googly Eyes","GungeonMod","Halation","Hallownest","Highlight Path","Hubris","Infinite Spire","Jedi Mod","Jorbs\u0027s Wanderer Trilogy","Mimic Mod","Minty Spire (QoL Compilation)","RRrroohrrRGHHhhh!!","RatMod","Replay The Spire","Retaliation","SCP261 Mod","Shop Mod","Small Relic Pack","Spicy Shops","Spikes Relics","StSLib","Stuff the Spire","TestMod","The Blackbeard","The Blue Laboratory","The Bug Knight","The Construct","The Disciple","The Jungle","The Mystic","The Necromancer","The Poker Player","The Runesmith","The Saiyan","The Servant 0.9.4","Waifu the Spire","Wandering Minibosses","everything is the same but u backflip on backflip","thorton","??????REMEMod","????"],"gold_per_floor":[91,91,91,91,91],"floor_reached":4,"language":"ENG","playtime":317,"items_purged":["Pain"],"score":22,"play_id":"71a64739-351f-4491-a3ca-9fc34f614732","local_time":"20210129051244","is_ascension_mode":false,"campfire_choices":[],"circlet_count":0,"master_deck":["Saiyan:SAIYA_Strike","Saiyan:SAIYA_Strike","Saiyan:SAIYA_Strike","Saiyan:SAIYA_Strike","Saiyan:SAIYA_Defend","Saiyan:SAIYA_Defend","Saiyan:SAIYA_Defend","Saiyan:SAIYA_Defend","Saiyan:EnergyBlast","Saiyan:KaioKen","Saiyan:RuthlessBlow","LockedFlame","Saiyan:BigBangAttack"],"relics":["SaiyanSoul","SaiyanHeart","testmod-TestBox","REME_ComplimentaryCards","testmod-FatalChain","Toxic Egg 2","halation:PromiseList","MerchantsRug","WingedGreaves","halation:Komachan"],"acts_visited":["Hallownest:Greenpath"],"potions_floor_usage":[4],"damage_taken":[{"damage":0,"enemies":"2_ Uuma","floor":1,"turns":4},{"damage":26,"enemies":"Hallownest:eliteMossKnight","floor":4,"turns":11}],"seed_played":"7611437331345399919","potions_obtained":[{"floor":1,"key":"Explosive Potion"}],"is_trial":false,"path_per_floor":["M","?","?","?"],"character_chosen":"SAIYAJIN","items_purchased":["Toxic Egg 2","halation:PromiseList","MerchantsRug","halation:Komachan"],"campfire_rested":0,"item_purchase_floors":[0,0,0,0],"current_hp_per_floor":[34,34,25,0,0],"gold":91,"neow_bonus":"","is_daily":false,"chose_seed":false,"campfire_upgraded":0,"win_rate":0.0,"timestamp":1611915164,"path_taken":["M","?","?","?"],"items_purchased_type":["Relic","Relic","Relic","Relic"],"build_version":"2020-12-22","purchased_purges":1,"victory":false,"max_hp_per_floor":[61,61,61,62,62],"card_choices":[{"not_picked":["Saiyan:DragonFist","Saiyan:LastResort+1"],"picked":"Saiyan:BigBangAttack","floor":1}],"player_experience":383880,"relics_obtained":[],"event_choices":[{"damage_healed":0,"gold_gain":0,"player_choice":"Leave","damage_taken":0,"max_hp_gain":0,"max_hp_loss":0,"event_name":"conspire:Investor","floor":2,"gold_loss":0}],"is_beta":false,"boss_relics":[],"items_purged_floors":[0],"is_endless":false,"potions_floor_spawned":[1],"killed_by":"Hallownest:eliteMossKnight","ascension_level":0}}