{"host":"t9zjxed0utvsfjwc","time":1611885319,"event":{"mods":["2.2 Compatiblity","Aspiration","BaseMod","Better Altar","Better Match","Better Note","Better Sensory Stone","Better Skull","Better Third Choice","Block Reminder","Colored Map","Colored Powertips","Custom Start","Downfall","Hermit","Highlight Path","Hubris","Infinite Spire","Marisa????????","Minty Spire (QoL Compilation)","Quick Restart","Rare Cards Sparkle","Reliquary","Replay The Spire","StSLib","The Cursed","The Marked","The Runesmith","Unceasing Turn Reminder","everything is the same but u backflip on backflip"],"gold_per_floor":[314,314,38,38,54,54,66,16,42,86,86,144,184,229,229,350,350,389,389,431,468,393,393,453,453,453,251,294,294,335,335,335,459,459,479,493,493,532,574,574,574],"floor_reached":40,"language":"ENG","playtime":4064,"items_purged":["Defend_MRS"],"score":443,"play_id":"1b86956d-e1d7-44ba-a84e-23816aa7b78b","local_time":"20210129015519","is_ascension_mode":false,"campfire_choices":[{"data":"SprinkleStarSeal","floor":6.0,"key":"SMITH"},{"data":"WitchOfGreed","floor":11.0,"key":"SMITH"},{"data":"BinaryStars","floor":15.0,"key":"SMITH"},{"data":"DC","floor":23.0,"key":"SMITH"},{"floor":25.0,"key":"REST"},{"floor":29,"key":"REST"},{"floor":32,"key":"REST"}],"circlet_count":0,"master_deck":["Strike_MRS","Defend_MRS","Defend_MRS","MasterSpark+1","UpSweep","DC+1","SprinkleStarSeal+1","GalacticHalo","WitchOfGreed+1","BinaryStars+1","LuminesStrike+1","BlazingStar+1","SprinkleStarSeal+1","MilkyWay+1","ShootingEcho","FairyDestructionRay+1","MysteriousBeam+1","BinaryStars","Parasite","SuperPerseids+1"],"relics":["MiniHakkero","Old Coin","CultistMask","Replay:Wax Seal","reliquary:QuartzCube","reliquary:PartyBalloon","Boot","hubris:BottledRain","Astrolabe","ReplayTheSpireMod:Shallot","reliquary:BoilingFlask","Black Star"],"acts_visited":["Exordium","TheCity","TheBeyond"],"potions_floor_usage":[28,33,33,39,39,40,40],"damage_taken":[{"damage":1.0,"enemies":"2 Louse","floor":1.0,"turns":2.0},{"damage":1.0,"enemies":"Cultist","floor":5.0,"turns":3.0},{"damage":3.0,"enemies":"Jaw Worm","floor":7.0,"turns":2.0},{"damage":19.0,"enemies":"3 Sentries","floor":10.0,"turns":9.0},{"damage":7.0,"enemies":"Lagavulin","floor":12.0,"turns":9.0},{"damage":4.0,"enemies":"Gremlin Gang","floor":13.0,"turns":5.0},{"damage":6.0,"enemies":"Large Slime","floor":14.0,"turns":6.0},{"damage":30.0,"enemies":"The Guardian","floor":16.0,"turns":10.0},{"damage":10.0,"enemies":"Chosen","floor":18.0,"turns":3.0},{"damage":7.0,"enemies":"3 Byrds","floor":20.0,"turns":8.0},{"damage":0.0,"enemies":"Centurion and Healer","floor":21.0,"turns":6.0},{"damage":34.0,"enemies":"Nightmare","floor":24.0,"turns":8.0},{"damage":10,"enemies":"Snake Plant","floor":28,"turns":3},{"damage":0,"enemies":"Sentry and Sphere","floor":30,"turns":3},{"damage":56,"enemies":"hubris:MusketHawk","floor":33,"turns":8},{"damage":3,"enemies":"3 Shapes","floor":35,"turns":3},{"damage":0,"enemies":"Orb Walker","floor":36,"turns":3},{"damage":12,"enemies":"Sphere and 2 Shapes","floor":38,"turns":6},{"damage":0,"enemies":"Writhing Mass","floor":39,"turns":4},{"damage":77,"enemies":"Nightmare","floor":40,"turns":10}],"seed_played":"-4266963090826933979","potions_obtained":[{"floor":1.0,"key":"Energy Potion"},{"floor":10.0,"key":"LifebloodPotion"},{"floor":12.0,"key":"Regen Potion"},{"floor":12.0,"key":"FearPotion"},{"floor":13.0,"key":"Energy Potion"},{"floor":13.0,"key":"hexamod:SoulburnPotion"},{"floor":14.0,"key":"LiquidMemories"},{"floor":16.0,"key":"Doom Potion"},{"floor":18.0,"key":"Reflective Coating"},{"floor":20.0,"key":"Strength Potion"},{"floor":20.0,"key":"Block Potion"},{"floor":21.0,"key":"Weak Potion"},{"floor":21.0,"key":"SkillPotion"},{"floor":24.0,"key":"Guardian:BlockOnCardUsePotion"},{"floor":30,"key":"CultistPotion"},{"floor":33,"key":"Ancient Potion"},{"floor":36,"key":"SmokeBomb"},{"floor":38,"key":"hexamod:SoulburnPotion"},{"floor":39,"key":"Fire Potion"}],"is_trial":false,"path_per_floor":["M","?","$","$","M","R","M","$","T","E","R","E","M","M","R","B",null,"M","?","M","M","?","R","NM","R","T","$","M","R","M","?","R","B",null,"M","M","?","M","M","NM"],"character_chosen":"MARISA","items_purchased":["Replay:Wax Seal","reliquary:QuartzCube","WitchOfGreed","Adrenaline Potion","Venom Potion"],"campfire_rested":3,"item_purchase_floors":[3,3,8,27,27],"current_hp_per_floor":[74,74,74,74,73,73,70,70,70,51,51,44,54,48,48,18,75,65,65,58,58,58,58,24,46,46,46,36,58,58,58,75,19,75,72,72,72,63,63,0,0],"gold":574,"neow_bonus":"ONE_RARE_RELIC","is_daily":false,"chose_seed":false,"campfire_upgraded":4,"win_rate":0.0,"timestamp":1611885319,"path_taken":["M","?","?","$","M","R","M","$","T","E","R","E","M","M","R","BOSS","M","?","M","M","?","R","NM","R","T","?","?","R","M","?","R","BOSS","M","M","?","?","M","NM"],"items_purchased_type":["Relic","Relic","Card","Potion","Potion"],"build_version":"2020-12-22","purchased_purges":1,"victory":false,"max_hp_per_floor":[75,75,75,75,75,75,75,75,75,75,75,75,75,75,75,75,75,75,75,75,75,75,75,75,75,75,75,75,75,75,75,75,75,75,75,75,75,75,75,75,75],"card_choices":[{"not_picked":["6A","Acceleration"],"picked":"DC","floor":1.0},{"not_picked":["UnstableBomb","Occultation"],"picked":"SprinkleStarSeal","floor":5.0},{"not_picked":["6A","WitchLeyline"],"picked":"GalacticHalo","floor":7.0},{"not_picked":["AsteroidBelt","Acceleration","ShootTheMoon"],"picked":"SKIP","floor":10.0},{"not_picked":["MeteoricShower","DoubleSpark","UnstableBomb"],"picked":"SKIP","floor":12.0},{"not_picked":["DragonMeteor","Occultation","DC"],"picked":"SKIP","floor":13.0},{"not_picked":["DoubleSpark","LuminesStrike"],"picked":"BinaryStars","floor":14.0},{"not_picked":["IllusionStar","EnergyRecoil","SporeBomb"],"picked":"SKIP","floor":18.0},{"not_picked":["GrandCross","AsteroidBelt"],"picked":"MilkyWay+1","floor":20.0},{"not_picked":["ChargeUpSpray+1","GalacticHalo"],"picked":"ShootingEcho","floor":21.0},{"not_picked":["DoubleSpark","StarDustReverie"],"picked":"FairyDestructionRay+1","floor":24.0},{"not_picked":["ShootingEcho+1","ChargeUpSpray"],"picked":"MysteriousBeam+1","floor":28},{"not_picked":["6A","Acceleration"],"picked":"OneTimeOff","floor":30},{"not_picked":["ManaRampage","TreasureHunter"],"picked":"BinaryStars","floor":33},{"not_picked":["MeteoricShower+1","EarthLightRay","LuminesStrike+1"],"picked":"SKIP","floor":35},{"not_picked":["StarBarrage","DragonMeteor+1","PowerUp"],"picked":"SKIP","floor":36},{"not_picked":["MagicChant","DoubleSpark","GrandCross"],"picked":"SKIP","floor":38},{"not_picked":["MysteriousBeam+1","Acceleration"],"picked":"SuperPerseids+1","floor":39}],"player_experience":454903,"relics_obtained":[{"floor":9.0,"key":"reliquary:PartyBalloon"},{"floor":10.0,"key":"Boot"},{"floor":12.0,"key":"hubris:BottledRain"},{"floor":24.0,"key":"ReplayTheSpireMod:Shallot"},{"floor":26.0,"key":"reliquary:BoilingFlask"}],"event_choices":[{"damage_healed":0.0,"max_hp_gain":0.0,"max_hp_loss":0.0,"gold_gain":0.0,"event_name":"FaceTrader","player_choice":"Trade","floor":2.0,"gold_loss":0.0,"damage_taken":0.0,"relics_obtained":["CultistMask"]},{"damage_healed":0.0,"max_hp_gain":0.0,"max_hp_loss":0.0,"gold_gain":0.0,"event_name":"betterNote:BetterNote","player_choice":"Ignored","floor":19.0,"gold_loss":0.0,"damage_taken":0.0,"cards_obtained":["TreasureHunter"]},{"cards_removed":["Strike_MRS"],"damage_healed":0.0,"max_hp_gain":0.0,"max_hp_loss":0.0,"gold_gain":0.0,"event_name":"Beggar","player_choice":"Gave Gold","floor":22.0,"gold_loss":75.0,"damage_taken":0.0},{"cards_removed":["OneTimeOff"],"damage_healed":0,"gold_gain":0,"player_choice":"Card Removal","damage_taken":0,"max_hp_gain":0,"max_hp_loss":0,"event_name":"Wheel of Change","floor":37,"gold_loss":0}],"is_beta":false,"boss_relics":[{"not_picked":["reliquary:RedCape","aspiration:FutureDiary"],"picked":"Astrolabe"},{"not_picked":["Snecko Eye","Tiny House"],"picked":"Black Star"}],"items_purged_floors":[27],"is_endless":true,"potions_floor_spawned":[1,12,13,20,21,36,38],"killed_by":"Nightmare","ascension_level":0}}