{"host":"1avr1135to2copjv","time":1611958374,"event":{"mods":["BaseMod","Colored Map","Colored Powertips","Downfall","Minty Spire (QoL Compilation)","Relic Stats","StSLib"],"gold_per_floor":[113,132,150,165,177,177,252,252,252,252,285,343,357,377,377,456,456,429,389,58,75,91,91,107,107,107,124,143,143,143,156,156,230,230,247,247,259,584,584,584,584],"floor_reached":40,"language":"ENG","playtime":2567,"items_purged":[],"score":887,"play_id":"5a9cc068-1667-4687-a548-b7a70d5899ff","local_time":"20210130011254","is_ascension_mode":true,"campfire_choices":[{"data":"Force Field","floor":6,"key":"SMITH"},{"floor":8,"key":"REST"},{"data":"Lockon","floor":15,"key":"SMITH"},{"data":"Self Repair","floor":23,"key":"SMITH"},{"data":"Force Field","floor":29,"key":"SMITH"},{"data":"Echo Form","floor":32,"key":"SMITH"}],"circlet_count":0,"master_deck":["AscendersBane","Zap","Dualcast","Tempest","Static Discharge","Chaos","Consume","Go for the Eyes","Gash","Buffer","Self Repair+1","Lockon+1","Force Field+1","Sweeping Beam","Loop","Leap","Electrodynamics","Force Field+1","Coolheaded","Coolheaded","Echo Form+1","White Noise","Steam","Conserve Battery","Coolheaded","Creative AI","Reinforced Body+1","CurseOfTheBell","CurseOfTheBell","Shame","Core Surge","Chill","Stack+1"],"relics":["Pandora\u0027s Box","InkBottle","Symbiotic Virus","Oddly Smooth Stone","Inserter","Cables","Strawberry","TungstenRod","Cursed Key","downfall:ExtraCursedBell","Vajra","Blue Candle","Mango","Old Coin"],"acts_visited":["Exordium","TheCity","TheBeyond"],"potions_floor_usage":[14,21,35],"damage_taken":[{"damage":8,"enemies":"Cultist","floor":1,"turns":4},{"damage":12,"enemies":"Jaw Worm","floor":2,"turns":4},{"damage":0,"enemies":"2 Louse","floor":3,"turns":3},{"damage":11,"enemies":"Looter","floor":4,"turns":3},{"damage":38,"enemies":"Lots of Slimes","floor":5,"turns":4},{"damage":0,"enemies":"Lagavulin","floor":11,"turns":4},{"damage":5,"enemies":"Lagavulin Event","floor":12,"turns":5},{"damage":1,"enemies":"Exordium Thugs","floor":13,"turns":4},{"damage":12,"enemies":"Exordium Wildlife","floor":14,"turns":4},{"damage":19,"enemies":"The Guardian","floor":16,"turns":9},{"damage":22,"enemies":"2 Thieves","floor":18,"turns":4},{"damage":5,"enemies":"3 Byrds","floor":21,"turns":3},{"damage":12,"enemies":"3 Cultists","floor":22,"turns":5},{"damage":19,"enemies":"Centurion and Healer","floor":24,"turns":5},{"damage":29,"enemies":"Shelled Parasite and Fungi","floor":27,"turns":7},{"damage":19,"enemies":"Cultist and Chosen","floor":28,"turns":5},{"damage":13,"enemies":"Centurion and Healer","floor":31,"turns":6},{"damage":27,"enemies":"Automaton","floor":33,"turns":10},{"damage":28,"enemies":"3 Darklings","floor":35,"turns":4},{"damage":26,"enemies":"Orb Walker","floor":37,"turns":4},{"damage":0,"enemies":"Mind Bloom Boss Battle","floor":38,"turns":5},{"damage":106,"enemies":"Giant Head","floor":40,"turns":8}],"seed_played":"-6543617571851692659","potions_obtained":[{"floor":2,"key":"LiquidMemories"},{"floor":4,"key":"LiquidBronze"},{"floor":14,"key":"Dexterity Potion"},{"floor":19,"key":"DistilledChaos"},{"floor":19,"key":"CultistPotion"},{"floor":21,"key":"FairyPotion"},{"floor":33,"key":"DuplicationPotion"},{"floor":35,"key":"LiquidBronze"}],"is_trial":false,"path_per_floor":["M","M","M","M","M","R","?","R","T","?","E","?","M","M","R","B",null,"M","?","$","M","M","R","M","?","T","M","M","R","T","M","R","B",null,"M","?","M","?","?","E"],"character_chosen":"DEFECT","items_purchased":["Cables","Steam"],"campfire_rested":1,"item_purchase_floors":[20,20],"current_hp_per_floor":[63,58,58,54,23,23,12,33,33,33,40,42,48,43,43,31,61,39,39,39,41,29,29,20,20,27,43,34,34,34,41,41,14,62,54,68,52,72,72,0,0],"gold":584,"neow_bonus":"BOSS_RELIC","is_daily":false,"chose_seed":false,"campfire_upgraded":5,"win_rate":0.0,"timestamp":1611958374,"path_taken":["M","M","M","?","M","R","?","R","T","?","E","?","M","M","R","BOSS","M","?","$","?","M","R","M","?","T","M","M","R","?","?","R","BOSS","M","?","M","?","?","E"],"items_purchased_type":["Relic","Card"],"build_version":"2020-12-22","purchased_purges":0,"victory":false,"max_hp_per_floor":[71,71,71,71,71,71,71,71,71,71,71,71,71,71,71,71,71,71,71,71,71,71,71,71,71,78,78,78,78,78,78,78,78,78,78,92,92,92,92,92,92],"relic_stats":{"Inserter":[33],"counters":[22,110],"Blue Candle":[0],"Pandora\u0027s Box":["Tempest","Static Discharge","Chaos","Consume","Go for the Eyes","Gash","Buffer","Self Repair"],"Cursed Key":0,"obtain_stats":[{"Inserter":17,"Blue Candle":36,"Oddly Smooth Stone":12,"Vajra":36,"Mango":36,"Cursed Key":34,"Cables":20,"Old Coin":38,"Strawberry":26,"Pandora\u0027s Box":0,"downfall:ExtraCursedBell":36,"Cracked Core":0,"Symbiotic Virus":11,"InkBottle":9,"TungstenRod":30},{"Inserter":10,"Blue Candle":19,"Oddly Smooth Stone":6,"Vajra":19,"Mango":19,"Cursed Key":18,"Cables":11,"Old Coin":21,"Strawberry":14,"Pandora\u0027s Box":0,"downfall:ExtraCursedBell":19,"Cracked Core":0,"Symbiotic Virus":6,"InkBottle":5,"TungstenRod":16},{"Inserter":44,"Blue Candle":93,"Oddly Smooth Stone":22,"Vajra":93,"Mango":93,"Cursed Key":89,"Cables":48,"Old Coin":102,"Strawberry":61,"Pandora\u0027s Box":0,"downfall:ExtraCursedBell":93,"Cracked Core":0,"Symbiotic Virus":22,"InkBottle":18,"TungstenRod":73}],"InkBottle":[33],"TungstenRod":17,"Cables":[64,21,9,34,0]},"card_choices":[{"not_picked":["Compile Driver","Conserve Battery"],"picked":"Lockon","floor":1},{"not_picked":["Storm","Double Energy"],"picked":"Force Field","floor":2},{"not_picked":["Barrage","Streamline"],"picked":"Sweeping Beam","floor":3},{"not_picked":["Steam","Rebound"],"picked":"Loop","floor":4},{"not_picked":["Ball Lightning","Beam Cell"],"picked":"Leap","floor":5},{"not_picked":["Beam Cell","Steam"],"picked":"Electrodynamics","floor":11},{"not_picked":["Skim","Redo"],"picked":"Force Field","floor":12},{"not_picked":["Compile Driver","Rebound"],"picked":"Coolheaded","floor":13},{"not_picked":["Leap","Storm"],"picked":"Coolheaded","floor":14},{"not_picked":["Rainbow","Meteor Strike"],"picked":"Echo Form","floor":16},{"not_picked":["FTL","Leap"],"picked":"White Noise","floor":18},{"not_picked":["Gash","Sweeping Beam","Beam Cell"],"picked":"SKIP","floor":21},{"not_picked":["Leap","Sweeping Beam","Hello World"],"picked":"SKIP","floor":22},{"not_picked":["Go for the Eyes","Leap","Melter"],"picked":"SKIP","floor":24},{"not_picked":["Sweeping Beam","Genetic Algorithm"],"picked":"Conserve Battery","floor":27},{"not_picked":["Streamline","Steam","Rip and Tear"],"picked":"SKIP","floor":28},{"not_picked":["Rip and Tear","Doom and Gloom"],"picked":"Coolheaded","floor":31},{"not_picked":["Hyperbeam","Buffer"],"picked":"Creative AI","floor":33},{"not_picked":["Streamline","Steam"],"picked":"Reinforced Body+1","floor":35},{"not_picked":["Chaos","Sunder"],"picked":"Chill","floor":37},{"not_picked":["Compile Driver","Coolheaded"],"picked":"Stack+1","floor":38}],"player_experience":1061011,"relics_obtained":[{"floor":9,"key":"InkBottle"},{"floor":11,"key":"Symbiotic Virus"},{"floor":26,"key":"Strawberry"},{"floor":30,"key":"TungstenRod"},{"floor":36,"key":"Vajra"},{"floor":36,"key":"Blue Candle"},{"floor":36,"key":"Mango"},{"floor":38,"key":"Old Coin"}],"event_choices":[{"damage_healed":0,"gold_gain":75,"player_choice":"Gather Gold","damage_taken":11,"max_hp_gain":0,"max_hp_loss":0,"event_name":"World of Goop","floor":7,"gold_loss":0},{"damage_healed":0,"gold_gain":0,"player_choice":"Ignored","damage_taken":0,"max_hp_gain":0,"max_hp_loss":0,"event_name":"Shining Light","floor":10,"gold_loss":0},{"damage_healed":0,"gold_gain":0,"player_choice":"Searched \u00272\u0027 times","damage_taken":0,"relics_obtained":["Oddly Smooth Stone"],"max_hp_gain":0,"max_hp_loss":0,"event_name":"Dead Adventurer","floor":12,"gold_loss":0},{"damage_healed":0,"gold_gain":0,"player_choice":"Bought 3 Potions","damage_taken":0,"max_hp_gain":0,"max_hp_loss":0,"event_name":"The Woman in Blue","floor":19,"gold_loss":0},{"damage_healed":0,"gold_gain":0,"player_choice":"Ignored","damage_taken":0,"max_hp_gain":0,"max_hp_loss":0,"event_name":"The Mausoleum","floor":25,"gold_loss":0},{"damage_healed":0,"gold_gain":0,"player_choice":"Fight","damage_taken":0,"max_hp_gain":0,"max_hp_loss":0,"event_name":"MindBloom","floor":38,"gold_loss":0},{"damage_healed":0,"gold_gain":0,"player_choice":"Memory 1","damage_taken":0,"max_hp_gain":0,"max_hp_loss":0,"event_name":"SensoryStone","floor":39,"gold_loss":0}],"is_beta":false,"boss_relics":[{"not_picked":["Runic Pyramid","Tiny House"],"picked":"Inserter"},{"not_picked":["Nuclear Battery","Philosopher\u0027s Stone"],"picked":"Cursed Key"}],"items_purged_floors":[],"is_endless":false,"potions_floor_spawned":[2,4,5,14,21,22,24,33,35,38],"killed_by":"Giant Head","ascension_level":19}}