{"host":"c95txy58ipbu969e","time":1611896170,"event":{"mods":["Act Like it!","BaseMod","Downfall","Minty Spire (QoL Compilation)","Quick Restart","StSLib"],"gold_per_floor":[99,99,274,329,329,88,88,117,29,29,29,42,52,152,168,168,168,168],"floor_reached":16,"language":"ZHS","playtime":954,"items_purged":["Doubt"],"score":125,"play_id":"218a4660-91cb-4ca7-b8e1-cdaaf52a2d95","local_time":"20210129125610","is_ascension_mode":true,"campfire_choices":[{"data":"Slimebound:Split","floor":1.0,"key":"SMITH"},{"data":"Slimebound:Grow","floor":11.0,"key":"SMITH"}],"circlet_count":0,"master_deck":["Slimebound:Strike_Slimebound","Slimebound:Tackle","Slimebound:Defend_Slimebound","Slimebound:Defend_Slimebound","Slimebound:Defend_Slimebound","Slimebound:Defend_Slimebound","Slimebound:Split+1","Slimebound:CorrosiveSpit","Slimebound:Grow+1","Slimebound:DivideAndConquer+1","Inflame","Slimebound:Recollect","sneckomod:UnknownClassGREEN","Slimebound:SelfFormingGoo"],"relics":["Slimebound:AbsorbEndCombat","downfall:HeartsMalice","Singing Bowl","PrismaticShard","Mummified Hand","Omamori"],"acts_visited":["Exordium"],"potions_floor_usage":[16,16],"damage_taken":[{"damage":0.0,"enemies":"2 Louse","floor":2.0,"turns":1.0},{"damage":0.0,"enemies":"Lagavulin Event","floor":4.0,"turns":1.0},{"damage":0.0,"enemies":"Jaw Worm","floor":5.0,"turns":1.0},{"damage":3.0,"enemies":"downfall:FleeingMerchant","floor":6.0,"turns":4.0},{"damage":38.0,"enemies":"3 Sentries","floor":8.0,"turns":10.0},{"damage":5.0,"enemies":"downfall:FleeingMerchant","floor":9.0,"turns":4.0},{"damage":0.0,"enemies":"Small Slimes","floor":12.0,"turns":4.0},{"damage":10.0,"enemies":"Exordium Wildlife","floor":13.0,"turns":4.0},{"damage":16.0,"enemies":"downfall:Heads","floor":14.0,"turns":5.0},{"damage":8.0,"enemies":"Blue Slaver","floor":15.0,"turns":3.0},{"damage":18,"enemies":"DF_ARCHETYPE_STREAMLINE","floor":16,"turns":11}],"seed_played":"180227651768935494","potions_obtained":[{"floor":8.0,"key":"Fire Potion"},{"floor":10.0,"key":"Fire Potion"},{"floor":10.0,"key":"SkillPotion"},{"floor":10.0,"key":"SkillPotion"}],"is_trial":false,"path_per_floor":["R","M","?","?","M","$","T","E","$","?","R","M","M","?","M","B"],"character_chosen":"SLIMEBOUND","items_purchased":["PrismaticShard","Slimebound:Recollect"],"campfire_rested":0,"item_purchase_floors":[6,9],"current_hp_per_floor":[59,59,59,61,61,62,62,26,29,29,29,33,25,13,9,0,0,0],"gold":168,"neow_bonus":"THREE_ENEMY_KILL","is_daily":false,"chose_seed":false,"campfire_upgraded":2,"win_rate":0.0,"timestamp":1611896170,"path_taken":["R","M","?","?","M","?","T","E","$","?","R","?","M","?","M","BOSS"],"items_purchased_type":["Relic","Card"],"build_version":"2020-12-22","purchased_purges":1,"victory":false,"max_hp_per_floor":[65,65,65,67,67,67,67,69,69,69,69,71,71,73,75,75,75,75],"card_choices":[{"not_picked":["Slimebound:SplitAcid","Slimebound:Replication","Slimebound:BestDefense"],"picked":"SKIP","floor":2.0},{"not_picked":["Slimebound:SlimeSpikes","Slimebound:RollThrough","Slimebound:LeechingTouch"],"picked":"Singing Bowl","floor":4.0},{"not_picked":["Slimebound:GoopTackle","Slimebound:SpikyOuterGoop"],"picked":"Slimebound:Grow","floor":5.0},{"not_picked":["Slimebound:HauntingLick","Slimebound:SlimeBarrage"],"picked":"Slimebound:DivideAndConquer","floor":6.0},{"not_picked":["Guardian:TemporalStrike","champ:PreciseThrust","sneckomod:UnknownCommonAttack"],"picked":"Singing Bowl","floor":8.0},{"not_picked":["Guardian:EvasiveProtocol","sneckomod:QuickMove"],"picked":"Inflame","floor":9.0},{"not_picked":["FTL","hexamod:Incineration","bronze:BurnOut"],"picked":"Singing Bowl","floor":12.0},{"not_picked":["bronze:CutThrough","Dagger Spray"],"picked":"sneckomod:UnknownClassGREEN","floor":13.0},{"not_picked":["hexamod:EtherealExpedition","ClearTheMind","champ:CrookedStrike"],"picked":"Singing Bowl","floor":14.0},{"not_picked":["Metallicize","sneckomod:UnknownClassBLUE","FlyingSleeves"],"picked":"Singing Bowl","floor":15.0}],"player_experience":533021,"relics_obtained":[{"floor":7.0,"key":"Mummified Hand"},{"floor":8.0,"key":"Omamori"}],"event_choices":[{"damage_healed":0.0,"max_hp_gain":0.0,"max_hp_loss":0.0,"gold_gain":0.0,"event_name":"Lab","player_choice":"Got Potions","floor":10.0,"gold_loss":0.0,"damage_taken":0.0}],"is_beta":false,"boss_relics":[],"items_purged_floors":[6],"is_endless":false,"potions_floor_spawned":[8,12,13,14,15],"killed_by":"DF_ARCHETYPE_STREAMLINE","ascension_level":6}}