{"host":"tdto29i5jv2pd7jf","time":1611904401,"event":{"mods":["AchievementEnabler","BaseMod","Colored Map","Minty Spire (QoL Compilation)","Relic Stats"],"gold_per_floor":[115,132,142,161,131,143,143,176,176,206,220,68,68,84,84,180,180,194,194,204,57,57,88,88,100,100,100,119,154,165,195,195,297,297,310,15,31,31,42,72,72,72,72,33,33,65,0,0,0,0],"floor_reached":51,"language":"ENG","playtime":2663,"items_purged":["Defend_R"],"score":850,"play_id":"f806ef3f-54b7-4c84-9085-ebf1f3f279b3","local_time":"20210129181321","is_ascension_mode":false,"campfire_choices":[{"data":"Armaments","floor":7.0,"key":"SMITH"},{"data":"Bash","floor":13.0,"key":"SMITH"},{"data":"True Grit","floor":15.0,"key":"SMITH"},{"data":"Juggernaut","floor":24,"key":"SMITH"},{"data":"Rage","floor":32,"key":"SMITH"},{"data":"Barricade","floor":41,"key":"SMITH"},{"data":"Berserk","floor":45,"key":"SMITH"},{"data":"Sentinel","floor":49,"key":"SMITH"}],"circlet_count":0,"master_deck":["Strike_R","Strike_R","Strike_R","Strike_R","Strike_R","Defend_R","Defend_R","Bash+1","Armaments+1","Rage+1","Hemokinesis","Clothesline","Iron Wave","Shockwave","Perfected Strike+1","Shrug It Off","True Grit+1","Immolate+1","Clothesline+1","True Grit+1","Juggernaut+1","Pommel Strike+1","Flame Barrier+1","Offering","Sentinel+1","Necronomicurse","Perfected Strike+1","Carnage+1","Iron Wave+1","Heavy Blade+1","Body Slam+1","Bludgeon+1","Reaper+1","Whirlwind+1","Bludgeon+1","Berserk+1","Immolate+1","Barricade+1","Immolate+1","Inflame","Immolate+1"],"relics":["Burning Blood","NeowsBlessing","Molten Egg 2","Eternal Feather","Vajra","Velvet Choker","Nloth\u0027s Gift","Orrery","Necronomicon","Blood Vial","Potion Belt","Regal Pillow","Boot","Runic Pyramid","Lantern","PreservedInsect","Shuriken","Blue Candle","Red Mask"],"acts_visited":["Exordium","TheCity","TheBeyond"],"potions_floor_usage":[31,33,50,50,50,50],"damage_taken":[{"damage":0.0,"enemies":"2 Louse","floor":1.0,"turns":1.0},{"damage":0.0,"enemies":"Cultist","floor":2.0,"turns":1.0},{"damage":0.0,"enemies":"Small Slimes","floor":3.0,"turns":1.0},{"damage":10.0,"enemies":"Red Slaver","floor":4.0,"turns":3.0},{"damage":11.0,"enemies":"Exordium Thugs","floor":6.0,"turns":5.0},{"damage":9.0,"enemies":"Gremlin Nob","floor":8.0,"turns":4.0},{"damage":9.0,"enemies":"3 Sentries","floor":10.0,"turns":8.0},{"damage":5.0,"enemies":"Looter","floor":11.0,"turns":2.0},{"damage":2.0,"enemies":"Exordium Wildlife","floor":14.0,"turns":4.0},{"damage":40.0,"enemies":"The Guardian","floor":16.0,"turns":10.0},{"damage":0,"enemies":"Chosen","floor":18,"turns":3},{"damage":2,"enemies":"Spheric Guardian","floor":20,"turns":3},{"damage":12,"enemies":"Book of Stabbing","floor":23,"turns":5},{"damage":6,"enemies":"3 Cultists","floor":25,"turns":3},{"damage":11,"enemies":"Snecko","floor":28,"turns":3},{"damage":5,"enemies":"Slavers","floor":29,"turns":5},{"damage":5,"enemies":"Cultist and Chosen","floor":30,"turns":3},{"damage":6,"enemies":"Gremlin Leader","floor":31,"turns":2},{"damage":23,"enemies":"Automaton","floor":33,"turns":5},{"damage":15,"enemies":"3 Shapes","floor":35,"turns":3},{"damage":0,"enemies":"3 Darklings","floor":37,"turns":1},{"damage":7,"enemies":"Spire Growth","floor":39,"turns":3},{"damage":6,"enemies":"Reptomancer","floor":40,"turns":2},{"damage":13,"enemies":"Giant Head","floor":46,"turns":5},{"damage":88,"enemies":"Donu and Deca","floor":50,"turns":6}],"seed_played":"-9011119276109343518","potions_obtained":[{"floor":2.0,"key":"SkillPotion"},{"floor":5.0,"key":"EntropicBrew"},{"floor":5.0,"key":"SteroidPotion"},{"floor":6.0,"key":"Block Potion"},{"floor":11.0,"key":"BloodPotion"},{"floor":23,"key":"Explosive Potion"},{"floor":25,"key":"Fire Potion"},{"floor":29,"key":"Energy Potion"},{"floor":33,"key":"SteroidPotion"},{"floor":39,"key":"Dexterity Potion"},{"floor":40,"key":"LiquidMemories"}],"is_trial":false,"path_per_floor":["M","M","M","M","?","M","R","E","T","E","M","$","R","M","R","B",null,"M","?","M","$","?","E","R","M","T","?","M","E","M","E","R","B",null,"M","$","M","$","M","E","R","?","T","$","R","E","?","?","R","B",null],"character_chosen":"IRONCLAD","items_purchased":["Vajra","Orrery","Lantern","Bludgeon+1","Inflame"],"campfire_rested":0,"item_purchase_floors":[12,21,36,36,44],"current_hp_per_floor":[80,80,80,76,76,71,71,68,68,65,66,66,75,79,80,46,80,80,80,80,80,64,58,73,75,75,75,72,75,78,80,80,63,80,71,71,79,79,80,80,80,80,80,80,80,73,73,73,76,9],"gold":0,"neow_bonus":"THREE_ENEMY_KILL","is_daily":false,"chose_seed":false,"campfire_upgraded":8,"win_rate":0.0,"timestamp":1611904401,"path_taken":["M","M","M","M","?","M","R","E","T","E","M","$","R","M","R","BOSS","M","?","M","$","?","E","R","M","T","?","M","E","M","E","R","BOSS","M","$","M","$","M","E","R","?","T","?","R","E","?","?","R","BOSS"],"items_purchased_type":["Relic","Relic","Relic","Card","Card"],"build_version":"2020-12-22","purchased_purges":1,"victory":true,"max_hp_per_floor":[80,80,80,80,80,80,80,80,80,80,80,80,80,80,80,80,80,80,80,80,80,80,80,80,80,80,80,80,80,80,80,80,80,80,80,80,80,80,80,80,80,80,80,80,80,80,80,76,76,76],"relic_stats":{"Blood Vial":13,"Regal Pillow":0,"counters":[25,91],"Shuriken":[6],"Blue Candle":[1],"Eternal Feather":28,"PreservedInsect":125,"Nloth\u0027s Gift":8,"Necronomicon":[39],"Boot":[6],"obtain_stats":[{"Potion Belt":26,"Regal Pillow":29,"Lantern":36,"NeowsBlessing":0,"Blue Candle":46,"Vajra":12,"Velvet Choker":17,"Eternal Feather":10,"PreservedInsect":40,"Question Card":8,"Boot":31,"Burning Blood":0,"Blood Vial":23,"Shuriken":43,"Orrery":21,"Molten Egg 2":9,"Nloth\u0027s Gift":19,"Necronomicon":22,"Red Mask":47,"Runic Pyramid":34},{"Potion Belt":14,"Regal Pillow":16,"Lantern":20,"NeowsBlessing":0,"Blue Candle":24,"Vajra":8,"Velvet Choker":10,"Eternal Feather":7,"PreservedInsect":23,"Question Card":6,"Boot":18,"Burning Blood":0,"Blood Vial":13,"Shuriken":23,"Orrery":12,"Molten Egg 2":6,"Nloth\u0027s Gift":11,"Necronomicon":12,"Red Mask":24,"Runic Pyramid":19},{"Potion Belt":53,"Regal Pillow":61,"Lantern":74,"NeowsBlessing":0,"Blue Candle":85,"Vajra":25,"Velvet Choker":39,"Eternal Feather":23,"PreservedInsect":80,"Question Card":15,"Boot":66,"Burning Blood":0,"Blood Vial":50,"Shuriken":80,"Orrery":45,"Molten Egg 2":15,"Nloth\u0027s Gift":42,"Necronomicon":45,"Red Mask":85,"Runic Pyramid":71}],"Burning Blood":117},"card_choices":[{"not_picked":["Battle Trance","Spot Weakness"],"picked":"Armaments","floor":1.0},{"not_picked":["Clash","Combust"],"picked":"Rage","floor":2.0},{"not_picked":["Body Slam","Perfected Strike"],"picked":"Hemokinesis","floor":3.0},{"not_picked":["Clash","Spot Weakness"],"picked":"Clothesline","floor":4.0},{"not_picked":["Limit Break","Body Slam"],"picked":"Iron Wave","floor":6.0},{"not_picked":["Entrench","Twin Strike"],"picked":"Shockwave","floor":8.0},{"not_picked":["Blood for Blood+1","Clash+1","Berserk"],"picked":"Perfected Strike+1","floor":10.0},{"not_picked":["Anger+1","Body Slam+1","Burning Pact"],"picked":"Shrug It Off","floor":11.0},{"not_picked":["Wild Strike+1","Corruption","Sword Boomerang+1"],"picked":"True Grit","floor":14.0},{"not_picked":["Reaper+1","Limit Break","Juggernaut"],"picked":"Immolate+1","floor":16.0},{"not_picked":["Perfected Strike+1","Feel No Pain","Reckless Charge+1"],"picked":"Clothesline+1","floor":18},{"not_picked":["Iron Wave+1","Sword Boomerang+1"],"picked":"True Grit+1","floor":20},{"not_picked":["Limit Break","Clash+1"],"picked":"Juggernaut","floor":21},{"not_picked":["Rampage+1","Twin Strike+1"],"picked":"Pommel Strike+1","floor":21},{"not_picked":["Immolate+1","Anger+1"],"picked":"Flame Barrier+1","floor":21},{"not_picked":["Bloodletting","Perfected Strike+1"],"picked":"Offering","floor":21},{"not_picked":["True Grit","Anger+1"],"picked":"Sentinel","floor":21},{"not_picked":["Seeing Red+1","Shockwave"],"picked":"Perfected Strike+1","floor":23},{"not_picked":["Double Tap","Anger+1"],"picked":"Carnage+1","floor":25},{"not_picked":["Fire Breathing","Shockwave"],"picked":"Iron Wave+1","floor":28},{"not_picked":["Havoc","Rage"],"picked":"Heavy Blade+1","floor":29},{"not_picked":["Seeing Red","Sword Boomerang+1"],"picked":"Body Slam+1","floor":30},{"not_picked":["Warcry+1","Limit Break"],"picked":"Bludgeon+1","floor":31},{"not_picked":["Limit Break","Exhume"],"picked":"Reaper+1","floor":33},{"not_picked":["Anger+1","Iron Wave+1"],"picked":"Whirlwind+1","floor":35},{"not_picked":["Warcry","Twin Strike+1"],"picked":"Berserk","floor":37},{"not_picked":["Pommel Strike+1","Dropkick+1"],"picked":"Immolate+1","floor":39},{"not_picked":["Havoc+1","Ghostly Armor+1"],"picked":"Barricade","floor":40},{"not_picked":["Pummel+1","Brutality"],"picked":"Immolate+1","floor":46}],"player_experience":916342,"relics_obtained":[{"floor":8.0,"key":"Question Card"},{"floor":9.0,"key":"Molten Egg 2"},{"floor":10.0,"key":"Eternal Feather"},{"floor":22,"key":"Necronomicon"},{"floor":23,"key":"Blood Vial"},{"floor":26,"key":"Potion Belt"},{"floor":29,"key":"Regal Pillow"},{"floor":31,"key":"Boot"},{"floor":40,"key":"PreservedInsect"},{"floor":43,"key":"Shuriken"},{"floor":46,"key":"Blue Candle"}],"event_choices":[{"damage_healed":0.0,"max_hp_gain":0.0,"max_hp_loss":0.0,"gold_gain":0.0,"event_name":"The Woman in Blue","player_choice":"Bought 2 Potions","floor":5.0,"gold_loss":0.0,"damage_taken":0.0},{"damage_healed":0,"gold_gain":0,"player_choice":"Traded Relic","damage_taken":0,"relics_obtained":["Nloth\u0027s Gift"],"max_hp_gain":0,"max_hp_loss":0,"event_name":"N\u0027loth","floor":19,"relics_lost":["Question Card"],"gold_loss":0},{"damage_healed":0,"gold_gain":0,"player_choice":"Obtained Book","damage_taken":16,"max_hp_gain":0,"max_hp_loss":0,"event_name":"Cursed Tome","floor":22,"gold_loss":0},{"cards_removed":["Defend_R"],"damage_healed":0,"gold_gain":0,"player_choice":"Purged","damage_taken":0,"max_hp_gain":0,"max_hp_loss":0,"event_name":"Purifier","floor":27,"gold_loss":0},{"damage_healed":0,"gold_gain":0,"player_choice":"Copied","damage_taken":0,"max_hp_gain":0,"max_hp_loss":0,"event_name":"Duplicator","floor":42,"gold_loss":0,"cards_obtained":["Immolate"]},{"damage_healed":0,"gold_gain":0,"player_choice":"Paid","damage_taken":0,"relics_obtained":["Red Mask"],"max_hp_gain":0,"max_hp_loss":0,"event_name":"Tomb of Lord Red Mask","floor":47,"gold_loss":65},{"damage_healed":0,"gold_gain":0,"player_choice":"Max HP","damage_taken":0,"max_hp_gain":0,"max_hp_loss":4,"event_name":"Winding Halls","floor":48,"gold_loss":0}],"is_beta":false,"boss_relics":[{"not_picked":["Runic Cube","SacredBark"],"picked":"Velvet Choker"},{"not_picked":["Cursed Key","Astrolabe"],"picked":"Runic Pyramid"}],"items_purged_floors":[36],"is_endless":false,"potions_floor_spawned":[2,6,11,23,25,29,33,39,40],"ascension_level":0}}