{"host":"jhy70w0yh8dayqay","time":1611903604,"event":{"mods":["AchievementEnabler","BaseMod","Colored Map","Colored Powertips","DeckTracker","Minty Spire (QoL Compilation)","Permanent Neow","SuperFastMode"],"gold_per_floor":[113,125,138,152,171,200,200,214,214,214,232,266,278,278,278],"floor_reached":14,"language":"KOR","playtime":555,"items_purged":[],"score":170,"play_id":"92fe94f5-8342-4f82-bba6-c36c8b657c4a","local_time":"20210129160004","is_ascension_mode":true,"campfire_choices":[{"data":"Armaments","floor":7,"key":"SMITH"},{"data":"Uppercut","floor":10,"key":"SMITH"}],"circlet_count":0,"master_deck":["AscendersBane","Strike_R","Strike_R","Strike_R","Strike_R","Strike_R","Defend_R","Defend_R","Defend_R","Defend_R","Bash","Pommel Strike","Sword Boomerang","Uppercut+1","Cleave","Inflame","Armaments+1","Impervious","Carnage"],"relics":["Burning Blood","Mango","Question Card","Dead Branch"],"acts_visited":["Exordium"],"potions_floor_usage":[6,11,12],"damage_taken":[{"damage":1,"enemies":"Cultist","floor":1,"turns":4},{"damage":3,"enemies":"2 Louse","floor":2,"turns":3},{"damage":7,"enemies":"Jaw Worm","floor":3,"turns":3},{"damage":7,"enemies":"3 Louse","floor":4,"turns":3},{"damage":14,"enemies":"Blue Slaver","floor":5,"turns":4},{"damage":25,"enemies":"3 Sentries","floor":6,"turns":6},{"damage":20,"enemies":"Large Slime","floor":8,"turns":8},{"damage":15,"enemies":"Exordium Thugs","floor":11,"turns":3},{"damage":21,"enemies":"Lagavulin","floor":12,"turns":6},{"damage":25,"enemies":"Lots of Slimes","floor":13,"turns":4},{"damage":8,"enemies":"Gremlin Nob","floor":14,"turns":2}],"seed_played":"6569199756627689555","potions_obtained":[{"floor":2,"key":"Dexterity Potion"},{"floor":4,"key":"SmokeBomb"},{"floor":5,"key":"SteroidPotion"},{"floor":8,"key":"Explosive Potion"}],"is_trial":false,"path_per_floor":["M","M","M","M","M","E","R","M","T","R","M","E","M","E"],"character_chosen":"IRONCLAD","items_purchased":[],"campfire_rested":0,"item_purchase_floors":[],"current_hp_per_floor":[77,80,79,78,70,65,65,51,51,51,42,27,8,0,0],"gold":278,"neow_bonus":"THREE_CARDS","is_daily":false,"chose_seed":false,"campfire_upgraded":2,"win_rate":0.0,"timestamp":1611903604,"path_taken":["M","?","M","M","M","E","R","M","T","R","M","E","M","E"],"items_purchased_type":[],"build_version":"2020-12-22","purchased_purges":0,"victory":false,"max_hp_per_floor":[80,80,80,80,80,94,94,94,94,94,94,94,94,94,94],"card_choices":[{"not_picked":["Sword Boomerang","Rage"],"picked":"Pommel Strike","floor":0},{"not_picked":["Body Slam","Warcry"],"picked":"Sword Boomerang","floor":1},{"not_picked":["Pommel Strike","Shockwave"],"picked":"Uppercut","floor":2},{"not_picked":["Heavy Blade","Flex"],"picked":"Cleave","floor":3},{"not_picked":["Flex","Reaper"],"picked":"Inflame","floor":4},{"not_picked":["Iron Wave","Clash"],"picked":"Armaments","floor":5},{"not_picked":["Intimidate","Armaments"],"picked":"Impervious","floor":6},{"not_picked":["Searing Blow","Pummel"],"picked":"Carnage","floor":8},{"not_picked":["Anger","Twin Strike","Thunderclap","Sword Boomerang"],"picked":"SKIP","floor":11},{"not_picked":["Cleave","Anger","Headbutt","Armaments"],"picked":"SKIP","floor":12},{"not_picked":["Body Slam","Twin Strike","Thunderclap","Dual Wield"],"picked":"SKIP","floor":13}],"player_experience":443388,"relics_obtained":[{"floor":6,"key":"Mango"},{"floor":9,"key":"Question Card"},{"floor":12,"key":"Dead Branch"}],"event_choices":[],"is_beta":false,"boss_relics":[],"items_purged_floors":[],"is_endless":false,"potions_floor_spawned":[2,4,5,8],"killed_by":"Gremlin Nob","ascension_level":12}}