{"host":"l5zfpd2l2htson6l","time":1611959102,"event":{"mods":["AchievementEnabler","BaseMod","Colored Map","Colored Powertips","Minty Spire (QoL Compilation)","Permanent Neow","Quick Restart","Rare Cards Sparkle","Relic Stats","SuperFastMode"],"gold_per_floor":[167,167,179,192,207,207,238,238,238,263,263,263,278,278,278,354,354,374,354,15,33,45,45,45],"floor_reached":23,"language":"ENG","playtime":1464,"items_purged":[],"score":342,"play_id":"8b2c7ab5-e5bf-4d61-b17d-d882152400a1","local_time":"20210129142502","is_ascension_mode":true,"campfire_choices":[{"data":"Hemokinesis","floor":6.0,"key":"SMITH"},{"floor":8.0,"key":"REST"},{"data":"Spot Weakness","floor":11.0,"key":"SMITH"},{"data":"Rampage","floor":15.0,"key":"SMITH"}],"circlet_count":0,"master_deck":["AscendersBane","Strike_R","Strike_R","Strike_R","Strike_R+1","Strike_R+1","Defend_R","Defend_R","Defend_R","Defend_R+1","Bash","Battle Trance","Hemokinesis+1","Rampage+1","Clash","Cleave","Spot Weakness+1","Reaper","Seeing Red+1","Offering","Clothesline","Feel No Pain","Rage","Shockwave","Rupture"],"relics":["Tiny House","Regal Pillow","StrikeDummy","Prayer Wheel","Velvet Choker","Dead Branch"],"acts_visited":["Exordium","TheCity"],"potions_floor_usage":[23],"damage_taken":[{"damage":0.0,"enemies":"Small Slimes","floor":1.0,"turns":4.0},{"damage":4.0,"enemies":"Jaw Worm","floor":3.0,"turns":3.0},{"damage":12.0,"enemies":"2 Louse","floor":4.0,"turns":3.0},{"damage":6.0,"enemies":"Lots of Slimes","floor":5.0,"turns":4.0},{"damage":12.0,"enemies":"3 Sentries","floor":7.0,"turns":8.0},{"damage":18.0,"enemies":"Gremlin Nob","floor":10.0,"turns":3.0},{"damage":15.0,"enemies":"3 Louse","floor":13.0,"turns":3.0},{"damage":33.0,"enemies":"The Guardian","floor":16.0,"turns":9.0},{"damage":17.0,"enemies":"Shell Parasite","floor":18.0,"turns":2.0},{"damage":15.0,"enemies":"Chosen","floor":21.0,"turns":4.0},{"damage":27.0,"enemies":"Snecko","floor":22.0,"turns":4.0},{"damage":70,"enemies":"Slavers","floor":23,"turns":5}],"seed_played":"7645984955039294909","potions_obtained":[{"floor":0.0,"key":"Block Potion"},{"floor":4.0,"key":"Explosive Potion"},{"floor":5.0,"key":"FairyPotion"},{"floor":19.0,"key":"GamblersBrew"},{"floor":22.0,"key":"Ancient Potion"}],"is_trial":false,"path_per_floor":["M","?","M","M","M","R","E","R","T","E","R","?","M","?","R","B",null,"M","?","$","M","M","E"],"character_chosen":"IRONCLAD","items_purchased":["Dead Branch","Feel No Pain"],"campfire_rested":1,"item_purchase_floors":[20,20],"current_hp_per_floor":[73,78,74,62,56,56,44,84,84,66,66,49,46,46,46,13,67,60,60,60,45,18,0,0],"gold":45,"neow_bonus":"BOSS_RELIC","is_daily":false,"chose_seed":false,"campfire_upgraded":3,"win_rate":0.0,"timestamp":1611959102,"path_taken":["M","?","M","M","M","R","E","R","T","E","R","?","M","?","R","BOSS","M","?","$","M","M","E"],"items_purchased_type":["Relic","Card"],"build_version":"2020-12-22","purchased_purges":0,"victory":false,"max_hp_per_floor":[80,85,85,85,85,85,85,85,85,85,85,85,85,85,85,85,85,85,85,85,85,85,85,85],"relic_stats":{"Regal Pillow":15,"counters":[12,52],"Dead Branch":[10],"Prayer Wheel":4,"obtain_stats":[{"Regal Pillow":7,"Tiny House":0,"Dead Branch":20,"Velvet Choker":17,"Prayer Wheel":10,"StrikeDummy":9,"Burning Blood":0},{"Regal Pillow":5,"Tiny House":0,"Dead Branch":9,"Velvet Choker":8,"Prayer Wheel":6,"StrikeDummy":5,"Burning Blood":0},{"Regal Pillow":22,"Tiny House":0,"Dead Branch":39,"Velvet Choker":37,"Prayer Wheel":25,"StrikeDummy":22,"Burning Blood":0}]},"card_choices":[{"not_picked":["Warcry","Thunderclap"],"picked":"Battle Trance","floor":0.0},{"not_picked":["Havoc","Wild Strike"],"picked":"Hemokinesis","floor":1.0},{"not_picked":["Combust","Body Slam"],"picked":"Rampage","floor":3.0},{"not_picked":["Rupture","Exhume"],"picked":"Clash","floor":4.0},{"not_picked":["Flex","Rage"],"picked":"Cleave","floor":5.0},{"not_picked":["Rupture","Dropkick"],"picked":"Spot Weakness","floor":7.0},{"not_picked":["Warcry","Corruption"],"picked":"Reaper","floor":10.0},{"not_picked":["Shrug It Off","Pummel"],"picked":"Seeing Red","floor":13.0},{"not_picked":["Sword Boomerang","Warcry","Heavy Blade"],"picked":"SKIP","floor":13.0},{"not_picked":["Demon Form","Barricade"],"picked":"Offering","floor":16.0},{"not_picked":["Body Slam","Sever Soul"],"picked":"Clothesline","floor":18.0},{"not_picked":["Pommel Strike","Warcry","Dropkick"],"picked":"SKIP","floor":18.0},{"not_picked":["Sword Boomerang","Heavy Blade"],"picked":"Rage","floor":21.0},{"not_picked":["Ghostly Armor","Cleave"],"picked":"Shockwave","floor":21.0},{"not_picked":["Headbutt","Clash"],"picked":"Rupture","floor":22.0},{"not_picked":["Clothesline","Clash","Power Through"],"picked":"SKIP","floor":22.0}],"player_experience":773887,"relics_obtained":[{"floor":7.0,"key":"Regal Pillow"},{"floor":9.0,"key":"StrikeDummy"},{"floor":10.0,"key":"Prayer Wheel"}],"event_choices":[{"damage_healed":0.0,"max_hp_gain":5.0,"max_hp_loss":0.0,"gold_gain":0.0,"event_name":"Big Fish","player_choice":"Donut","floor":2.0,"gold_loss":0.0,"damage_taken":0.0},{"damage_healed":0.0,"max_hp_gain":0.0,"max_hp_loss":0.0,"gold_gain":0.0,"event_name":"Shining Light","player_choice":"Entered Light","floor":12.0,"gold_loss":0.0,"damage_taken":17.0,"cards_upgraded":["Strike_R","Defend_R"]},{"damage_healed":0.0,"max_hp_gain":0.0,"max_hp_loss":0.0,"gold_gain":0.0,"event_name":"Living Wall","player_choice":"Grow","floor":14.0,"gold_loss":0.0,"damage_taken":0.0,"cards_upgraded":["Seeing Red"]},{"damage_healed":0.0,"max_hp_gain":0.0,"max_hp_loss":0.0,"gold_gain":0.0,"event_name":"The Woman in Blue","player_choice":"Bought 1 Potion","floor":19.0,"gold_loss":0.0,"damage_taken":0.0}],"is_beta":false,"boss_relics":[{"not_picked":["Coffee Dripper","Busted Crown"],"picked":"Velvet Choker"}],"items_purged_floors":[],"is_endless":false,"potions_floor_spawned":[4,5,21,22],"killed_by":"Slavers","ascension_level":14}}