{"host":"y1oqg7uy0jc6f5mb","time":1611939343,"event":{"mods":["BaseMod","Better Altar","Better Match","Better Note","Better Sensory Stone","Better Skull","Better Third Choice","Block Reminder","Colored Map","Colored Powertips","Custom Start","DeckTracker","Displayed Cursed Tome","Downfall","Highlight Path","Ironclad Rager","Minty Spire (QoL Compilation)","Permanent Neow","Quick Restart","Relic Sorter","Relic Stats","Replay The Spire","Shop Mod","StSLib"],"gold_per_floor":[349,361,54,68,518,538,538,12,12,30,50,67,86,111,125,125,125,125],"floor_reached":16,"language":"ENG","playtime":1510,"items_purged":["downfall:Icky"],"score":96,"play_id":"570c8228-e859-4fe2-81ac-f101397c2762","local_time":"20210130005543","is_ascension_mode":false,"campfire_choices":[{"data":"Guardian:CurlUp","floor":1.0,"key":"SMITH"}],"circlet_count":0,"master_deck":["Guardian:Strike_Guardian","Guardian:Strike_Guardian","Guardian:Strike_Guardian","Guardian:Strike_Guardian","Guardian:Defend_Guardian","Guardian:Defend_Guardian","Guardian:Defend_Guardian","Guardian:Defend_Guardian","Guardian:CurlUp+1","Guardian:TwinSlam","Guardian:GuardianWhirl","Guardian:Emergency","Guardian:SentryBeam","downfall:Icky","downfall:Icky","Guardian:FloatingOrbs","Guardian:Gem_Crimson","Guardian:Repulse","Guardian:PiercingHide","Guardian:PiercingHide","Guardian:BronzeOrb","Guardian:BodySlam","Guardian:Gem_White","Guardian:Gem_Purple","Guardian:EvasiveProtocol","Guardian:Gem_Lightblue"],"relics":["Guardian:ModeShifter","Dead Branch","Pet Ghost","Letter Opener","Odd Mushroom"],"acts_visited":["Exordium"],"potions_floor_usage":[16,16,16],"damage_taken":[{"damage":5.0,"enemies":"Small Slimes","floor":2.0,"turns":4.0},{"damage":0.0,"enemies":"downfall:FleeingMerchant","floor":3.0,"turns":4.0},{"damage":10.0,"enemies":"Jaw Worm","floor":4.0,"turns":5.0},{"damage":9.0,"enemies":"2 Louse","floor":6.0,"turns":2.0},{"damage":5.0,"enemies":"downfall:FleeingMerchant","floor":8.0,"turns":4.0},{"damage":0.0,"enemies":"2 Fungi Beasts","floor":10.0,"turns":4.0},{"damage":0,"enemies":"Exordium Wildlife","floor":11,"turns":3},{"damage":6,"enemies":"Red Slaver","floor":12,"turns":4},{"damage":0,"enemies":"2 Fungi Beasts","floor":13,"turns":3},{"damage":6,"enemies":"The Mushroom Lair","floor":14,"turns":5},{"damage":1,"enemies":"Exordium Wildlife","floor":15,"turns":4},{"damage":17,"enemies":"DF_ARCHETYPE_STREAMLINE","floor":16,"turns":8}],"seed_played":"-1298210113705556460","potions_obtained":[{"floor":6.0,"key":"FearPotion"},{"floor":10,"key":"DistilledChaos"},{"floor":12,"key":"Flashbang"}],"is_trial":false,"path_per_floor":["R","M","$","M","?","M","T","$","?","M","M","M","M","?","M","B"],"character_chosen":"GUARDIAN","items_purchased":["Dead Branch","Guardian:Repulse","Guardian:PiercingHide","Letter Opener","Guardian:BronzeOrb"],"campfire_rested":0,"item_purchase_floors":[3,8,8,8,8],"current_hp_per_floor":[56,51,51,41,41,32,32,27,27,27,27,21,21,15,14,0,0,0],"gold":125,"neow_bonus":"TWO_FIFTY_GOLD","is_daily":false,"chose_seed":false,"campfire_upgraded":1,"win_rate":0.0,"timestamp":1611939343,"path_taken":["R","M","$","M","?","M","T","$","?","M","M","M","M","?","M","BOSS"],"items_purchased_type":["Relic","Card","Card","Relic","Card"],"build_version":"2020-12-22","purchased_purges":1,"victory":false,"max_hp_per_floor":[80,80,80,80,80,80,80,80,80,80,80,80,80,80,80,80,80,80],"relic_stats":{"counters":[12,50],"Dead Branch":[82],"Letter Opener":[110],"obtain_stats":[{"Dead Branch":3,"Guardian:ModeShifter":0,"Letter Opener":8,"Odd Mushroom":14,"Pet Ghost":7},{"Dead Branch":2,"Guardian:ModeShifter":0,"Letter Opener":5,"Odd Mushroom":10,"Pet Ghost":4},{"Dead Branch":8,"Guardian:ModeShifter":0,"Letter Opener":19,"Odd Mushroom":38,"Pet Ghost":15}]},"card_choices":[{"not_picked":["Guardian:Recover","Guardian:PiercingHide"],"picked":"Guardian:GuardianWhirl","floor":2.0},{"not_picked":["Guardian:Recover","Guardian:Clone"],"picked":"Guardian:Emergency","floor":3.0},{"not_picked":["Guardian:TemporalStrike","Guardian:MultiBeam"],"picked":"Guardian:SentryBeam","floor":4.0},{"not_picked":["Guardian:Gem_Green","Guardian:Gem_Red"],"picked":"Guardian:FloatingOrbs","floor":6.0},{"not_picked":["Guardian:PrimingBeam","Guardian:PrismaticBarrier"],"picked":"Guardian:Gem_Crimson","floor":8.0},{"not_picked":["Guardian:ShieldCharger","Guardian:ChargeCore"],"picked":"Guardian:BodySlam","floor":10},{"not_picked":["Guardian:GuardianWhirl","Guardian:Gem_Fragmented"],"picked":"Guardian:Gem_White","floor":11},{"not_picked":["Guardian:GuardianWhirl","Guardian:ShieldCharger"],"picked":"Guardian:Gem_Purple","floor":12},{"not_picked":["Guardian:Harden","Guardian:RollAttack"],"picked":"Guardian:EvasiveProtocol","floor":13},{"not_picked":["Guardian:RollAttack","Guardian:ShieldSpikes"],"picked":"Guardian:Gem_Lightblue","floor":14},{"not_picked":["Guardian:Preprogram","Guardian:Suspension","Guardian:Reroute"],"picked":"SKIP","floor":15}],"player_experience":253352,"relics_obtained":[{"floor":7.0,"key":"Pet Ghost"},{"floor":14,"key":"Odd Mushroom"}],"event_choices":[{"damage_healed":0,"gold_gain":0,"player_choice":"Fought Mushrooms","damage_taken":0,"max_hp_gain":0,"max_hp_loss":0,"event_name":"Mushrooms","floor":14,"gold_loss":0}],"is_beta":false,"boss_relics":[],"items_purged_floors":[8],"is_endless":false,"potions_floor_spawned":[6,10,12,14,15],"killed_by":"DF_ARCHETYPE_STREAMLINE","ascension_level":0}}