{"host":"5j53u3d72gsce0fe","time":1611901696,"event":{"mods":["2.2 Compatiblity","AchievementEnabler","Aspiration","BaseMod","Beaked The Cultist","Better Altar","Better Match","Better Note","Better Sensory Stone","Better Skull","Better Third Choice","Better Vampires","Block Reminder","CCEM2","Card Forge","Colored Map","Colored Powertips","Colorless Booster Pack","Conspire","Defuse TimeMaze Blight","Dio Mod","Dota2Spire","Downfall","Emptier Cage","Energized Spire","Friendly Minions","GifTheSpireLib","Hermit","HexUI Lib","Hubris","Humility","Infinite Spire","Marked Mod","Mimic Mod","Minty Spire (QoL Compilation)","Relic Filter","Reliquary","Replay The Spire","Retaliation","Shade Mod","Small Relic Pack","StSLib","Stuff the Spire","The Animator","The Bug Knight","Transform Curses","Unceasing Turn Reminder","???Mod??????Boss"],"gold_per_floor":[99,116,116,136,152,152,185,213,213,242,142,127,158,158,178,276,276,176,235,300,300,320,108,108,108,151,228,240,322,433,543,659,806,818,830,946,958,970,1039,1138,1150,1274,1343,1355,1367,1491,1403,1515,1580,1677,1689,1816,14,14,14,14,14,14],"floor_reached":56,"language":"ENG","playtime":7800,"items_purged":[],"score":1041,"play_id":"112d5ad8-4952-48d6-98b6-e0499d647e26","local_time":"20210128222816","is_ascension_mode":true,"campfire_choices":[{"floor":1,"key":"DIG"},{"floor":11,"key":"RECALL"},{"data":"bronze:Strike","floor":18,"key":"SMITH"},{"data":"bronze:Strike","floor":35,"key":"SMITH"},{"data":"bronze:Strike","floor":45,"key":"SMITH"},{"data":"bronze:Strike","floor":47,"key":"SMITH"},{"data":"bronze:Strike","floor":54,"key":"SMITH"}],"circlet_count":0,"master_deck":["bronze:Strike+12","bronze:Defend","bronze:Defend","bronze:Replicate+1","bronze:Goto+1","bronze:WhirlingStrike+1","bronze:FineTuning+1","bronze:Constructor+1","StuffTheSpire:BrainWave+1","bronze:WhirlingStrike+1","bronze:ItsAFeature+1","bronze:CleanCode+1","bronze:ForceShield+1","bronze:DelayedSlice+1","bronze:Separator+1","bronze:Format+1","bronze:Shell+1","bronze:Iterate+1","bronze:Constructor+1","bronze:BitShift+1","bronze:ChildClass+1","bronze:DelayedGuard+1","bronze:WhirlingStrike+1","bronze:Verify+1","bronze:Mutator+1","bronze:Return+1","infinitespire:NeuralNetwork+1","bronze:FineTuning+1","bronze:Separator+1","bronze:OilSpill+1","bronze:ChosenStrike+1","bronze:WhirlingStrike+1","bronze:ForceShield+1"],"relics":["bronze:BronzeCore","Hammer of Thor","Seething Fire","Anvil of the Gods","Nunchaku","CCEMRelics:TechnogenicHelmet","Meat on the Bone","infinitespire:WardingShard","downfall:HeartBlessingBlue","Simple Rune","ReplayTheSpireMod:Ring of Challenge","Ring of Searing","downfall:HeartBlessingRed","WarpedTongs","CCEMRelics:CanOfSoda","Replay:Bottled Flurry","hubris:Towel","CCEMRelics:Francisca","MawBank","downfall:KnowingSkull","StuffTheSpire:SapphireSignet","hubris:Backtick","The Courier","reliquary:RedCape","reliquary:QuartzCube","reliquary:QuartzCube","reliquary:Knoch","aspiration:HummingbirdHeart","Lizard Tail","downfall:HeartBlessingGreen","Bird Faced Urn","CCEMRelics:HeirloomTomato","Dota2Spire:DivineRapier","Centennial Puzzle","hubris:BottledRain","CCEMRelics:Pendulum","aspiration:ChemicalBlood","Whetstone","StuffTheSpire:MayFlowers","bronze:ProtectiveGoggles","Pantograph"],"acts_visited":["Exordium","TheCity","TheBeyond","TheEnding"],"potions_floor_usage":[16,23,27,33,40,40,43,49,49,50,50,55,55,55,55,56],"damage_taken":[{"damage":0,"enemies":"2 Louse","floor":2,"turns":3},{"damage":0,"enemies":"Cultist","floor":4,"turns":2},{"damage":0,"enemies":"conspire:RoseBush","floor":5,"turns":3},{"damage":0,"enemies":"Exordium Wildlife","floor":7,"turns":4},{"damage":3,"enemies":"3 Sentries","floor":8,"turns":3},{"damage":0,"enemies":"Gremlin Nob","floor":10,"turns":3},{"damage":0,"enemies":"downfall:FleeingMerchant","floor":12,"turns":4},{"damage":15,"enemies":"Replay:BlueRogue","floor":13,"turns":3},{"damage":5,"enemies":"Exordium Wildlife","floor":15,"turns":2},{"damage":6,"enemies":"IC_STATUS_ARCHETYPE","floor":16,"turns":3},{"damage":5,"enemies":"Chosen","floor":19,"turns":2},{"damage":9,"enemies":"3 Byrds","floor":20,"turns":2},{"damage":10,"enemies":"3 Cultists","floor":22,"turns":3},{"damage":6,"enemies":"downfall:FleeingMerchant","floor":23,"turns":4},{"damage":0,"enemies":"conspire:SneckoGhost","floor":26,"turns":4},{"damage":6,"enemies":"Snake Plant","floor":27,"turns":3},{"damage":17,"enemies":"downfall:FleeingMerchant","floor":29,"turns":4},{"damage":14,"enemies":"Centurion and Healer","floor":30,"turns":4},{"damage":3,"enemies":"Shelled Parasite and Fungi","floor":31,"turns":2},{"damage":7,"enemies":"Cultist and Chosen","floor":32,"turns":3},{"damage":19,"enemies":"SI_MIRROR_ARCHETYPE","floor":33,"turns":6},{"damage":39,"enemies":"3 Shapes","floor":36,"turns":5},{"damage":3,"enemies":"Orb Walker","floor":39,"turns":2},{"damage":3,"enemies":"Transient","floor":40,"turns":6},{"damage":3,"enemies":"Giant Head","floor":42,"turns":6},{"damage":3,"enemies":"4 Shapes","floor":43,"turns":2},{"damage":3,"enemies":"Reptomancer","floor":46,"turns":3},{"damage":19,"enemies":"Maw","floor":48,"turns":4},{"damage":3,"enemies":"3 Darklings","floor":49,"turns":4},{"damage":143,"enemies":"WA_ARCHETYPE_DIVINITY","floor":50,"turns":7},{"damage":27,"enemies":"downfall:CharBossMerchant","floor":52,"turns":8},{"damage":53,"enemies":"downfall:NeowBoss","floor":55,"turns":17},{"damage":110,"enemies":"downfall:NeowBossFinal","floor":56,"turns":5}],"seed_played":"-3719498329101327531","potions_obtained":[{"floor":5,"key":"Weak Potion"},{"floor":10,"key":"SpeedPotion"},{"floor":13,"key":"Doom Potion"},{"floor":20,"key":"Toxic Potion"},{"floor":22,"key":"EssenceOfSteel"},{"floor":30,"key":"Dexterity Potion"},{"floor":33,"key":"Adrenaline Potion"},{"floor":39,"key":"Dota2Spire:HealingSalve"},{"floor":42,"key":"Dota2Spire:HealingSalve"},{"floor":43,"key":"Adrenaline Potion"},{"floor":48,"key":"Weak Potion"},{"floor":49,"key":"Dexterity Potion"}],"is_trial":false,"path_per_floor":["R_BF","M","?","M","M","?","MIM","E","T","E","R","$","E","?","M","B",null,"R","M","M","?","M","$","T","?","E","M","?","$","M","M","M","B",null,"R","M","?","AVR","M","M","T","E","M","?","R","E","R","M","M","B",null,"E","$","R","B","B"],"character_chosen":"THE_AUTOMATON","items_purchased":["CCEMRelics:CanOfSoda","CCEMRelics:HeirloomTomato","Dota2Spire:DivineRapier","Centennial Puzzle","hubris:BottledRain","CCEMRelics:Pendulum","LiquidBronze","PowerPotion","Dexterity Potion","aspiration:ChemicalBlood","Whetstone","StuffTheSpire:MayFlowers","bronze:ProtectiveGoggles","Pantograph"],"campfire_rested":0,"item_purchase_floors":[23,53,53,53,53,53,53,53,53,53,53,53,53,53],"current_hp_per_floor":[70,70,70,70,70,70,70,67,67,67,77,77,62,62,57,51,80,80,75,66,66,56,64,64,64,64,58,51,46,44,53,58,51,94,94,55,55,55,52,67,67,64,67,67,67,64,64,59,56,35,94,67,72,72,72,0,0,0],"gold":14,"neow_bonus":"RANDOM_COMMON_RELIC","is_daily":false,"chose_seed":false,"campfire_upgraded":5,"win_rate":0.0,"timestamp":1611901696,"path_taken":["R_BF","M","?","M","?","?","MIM","E","?","E","R","$","E","?","M","BOSS","R","M","M","?","?","$","T","?","E","M","?","$","M","?","M","BOSS","R","M","?","AVR","M","M","T","E","M","?","R","E","R","?","M","BOSS","E","$","R","BOSS","BOSS"],"items_purchased_type":["Relic","Relic","Relic","Relic","Relic","Relic","Potion","Potion","Potion","Relic","Relic","Relic","Relic","Relic"],"build_version":"2020-12-22","purchased_purges":0,"victory":false,"max_hp_per_floor":[70,70,70,70,70,70,70,70,70,70,80,80,80,80,80,80,80,80,80,80,80,80,94,94,94,94,94,94,94,94,94,94,94,94,94,94,94,94,94,94,94,94,94,94,94,94,94,94,94,94,94,94,99,99,99,99,99,99],"card_choices":[{"not_picked":["bronze:Overload","bronze:Invalidate"],"picked":"bronze:WhirlingStrike","floor":2},{"not_picked":["bronze:Iterate","bronze:DarkDash"],"picked":"bronze:FineTuning","floor":4},{"not_picked":["bronze:NullPointer","bronze:Overload"],"picked":"bronze:Constructor","floor":5},{"not_picked":["StuffTheSpire:Brawn","StuffTheSpire:Vigor"],"picked":"StuffTheSpire:BrainWave","floor":6},{"not_picked":["bronze:Separator","bronze:Repair"],"picked":"bronze:WhirlingStrike","floor":7},{"not_picked":["bronze:Optimize","bronze:Safeguard"],"picked":"bronze:ItsAFeature","floor":8},{"not_picked":["bronze:Deprecate","bronze:Shell"],"picked":"bronze:CleanCode","floor":10},{"not_picked":["bronze:Shield","bronze:Overload"],"picked":"bronze:ForceShield","floor":12},{"not_picked":["bronze:Safeguard","bronze:Deprecate"],"picked":"bronze:DelayedSlice","floor":13},{"not_picked":["bronze:Overload","bronze:NullPointer"],"picked":"bronze:Separator","floor":15},{"not_picked":["bronze:BurnOut","bronze:FindAndReplace"],"picked":"bronze:Format","floor":16},{"not_picked":["bronze:FollowUp","bronze:Iterate"],"picked":"bronze:Shell+1","floor":19},{"not_picked":["bronze:Invalidate","bronze:CutThrough"],"picked":"bronze:Iterate","floor":20},{"not_picked":["bronze:Invalidate","bronze:CutThrough"],"picked":"bronze:Constructor","floor":22},{"not_picked":["bronze:Flail","bronze:WildBeam"],"picked":"bronze:BitShift+1","floor":23},{"not_picked":["bronze:SpaghettiCode","bronze:ClassDefault"],"picked":"bronze:ChildClass","floor":26},{"not_picked":["bronze:Flail","bronze:Shield"],"picked":"bronze:DelayedGuard","floor":27},{"not_picked":["bronze:FineTuning","bronze:Backtrace"],"picked":"bronze:WhirlingStrike","floor":29},{"not_picked":["bronze:Shield","bronze:Iterate","bronze:DelayedGuard"],"picked":"SKIP","floor":30},{"not_picked":["bronze:Safeguard","bronze:BugBarrage","bronze:DelayedGuard"],"picked":"SKIP","floor":31},{"not_picked":["bronze:Constructor","bronze:BitShift"],"picked":"bronze:Verify","floor":32},{"not_picked":["bronze:Virus","bronze:Assembly"],"picked":"bronze:Mutator","floor":33},{"not_picked":["bronze:Turbo","bronze:Philosophize"],"picked":"bronze:Return+1","floor":36},{"not_picked":["bronze:Philosophize+1","bronze:CloningBeam"],"picked":"bronze:FineTuning+1","floor":39},{"not_picked":["bronze:FineTuning","bronze:Turbo"],"picked":"bronze:Separator","floor":40},{"not_picked":["bronze:Assembly","bronze:Repulsor"],"picked":"bronze:OilSpill","floor":42},{"not_picked":["bronze:Frontload","bronze:CutThrough+1"],"picked":"bronze:ChosenStrike","floor":43},{"not_picked":["bronze:BurnOut","bronze:DelayedGuard+1"],"picked":"bronze:WhirlingStrike","floor":46},{"not_picked":["bronze:Shield","bronze:Branch"],"picked":"bronze:ForceShield+1","floor":48},{"not_picked":["bronze:Turbo","bronze:CloningBeam","bronze:Frontload"],"picked":"SKIP","floor":49},{"not_picked":["bronze:BuggyMess","bronze:RecursiveStrike","bronze:Safeguard+1"],"picked":"SKIP","floor":52}],"player_experience":1308358,"relics_obtained":[{"floor":1,"key":"hubris:ToyBattleship"},{"floor":8,"key":"CCEMRelics:TechnogenicHelmet"},{"floor":9,"key":"Meat on the Bone"},{"floor":10,"key":"infinitespire:WardingShard"},{"floor":13,"key":"Simple Rune"},{"floor":14,"key":"ReplayTheSpireMod:Ring of Challenge"},{"floor":14,"key":"Ring of Searing"},{"floor":24,"key":"Replay:Bottled Flurry"},{"floor":26,"key":"CCEMRelics:Francisca"},{"floor":26,"key":"MawBank"},{"floor":31,"key":"StuffTheSpire:SapphireSignet"},{"floor":40,"key":"reliquary:QuartzCube"},{"floor":41,"key":"reliquary:Knoch"},{"floor":42,"key":"aspiration:HummingbirdHeart"},{"floor":46,"key":"Lizard Tail"},{"floor":52,"key":"Bird Faced Urn"}],"event_choices":[{"damage_healed":0,"gold_gain":0,"player_choice":"Leave","damage_taken":0,"max_hp_gain":0,"max_hp_loss":0,"event_name":"conspire:Investor","floor":37,"gold_loss":0}],"is_beta":false,"boss_relics":[{"not_picked":["Ectoplasm","Kintsugi","reliquary:KinkedSpring"]},{"not_picked":["energizedSpire:NeverEndingSparkler","Runic Dome"],"picked":"hubris:Backtick"}],"items_purged_floors":[],"is_endless":false,"potions_floor_spawned":[5,10,13,20,22,30,33,39,42,43,48,49],"killed_by":"downfall:NeowBossFinal","ascension_level":1,"is_humility":true}}