{"host":"vyjryxuuuxkt43k4","time":1611908069,"event":{"mods":["AchievementEnabler","BaseMod","Colored Map","DeckTracker","Keyboard Shortcuts","Minty Spire (QoL Compilation)","Permanent Neow","Quick Restart","Rare Cards Sparkle","StSLib","SuperFastMode","everything is the same but u backflip on backflip"],"gold_per_floor":[117,117,63,77,77,111,111,37,61,61,9,9,29,61,61,164,164,181,193,193,203,203,203],"floor_reached":22,"language":"KOR","playtime":855,"items_purged":[],"score":230,"play_id":"e597c0b0-63ca-4575-a93c-0c497e38ac65","local_time":"20210129171429","is_ascension_mode":true,"campfire_choices":[{"data":"EmptyFist","floor":7.0,"key":"SMITH"},{"data":"MentalFortress","floor":10.0,"key":"SMITH"},{"data":"Consecrate","floor":12.0,"key":"SMITH"},{"floor":15.0,"key":"REST"}],"circlet_count":0,"master_deck":["Strike_P","Strike_P","Strike_P","Strike_P","Defend_P","Defend_P","Defend_P","Defend_P","Eruption+1","Vigilance","SandsOfTime","EmptyFist+1","Consecrate+1","MentalFortress+1","ClearTheMind","Blasphemy","Halt","Adaptation"],"relics":["HolyWater","Ancient Tea Set","Bag of Marbles","PreservedInsect","Akabeko"],"acts_visited":["Exordium","TheCity"],"potions_floor_usage":[],"damage_taken":[{"damage":0.0,"enemies":"Small Slimes","floor":1.0,"turns":2.0},{"damage":7.0,"enemies":"Jaw Worm","floor":4.0,"turns":3.0},{"damage":27.0,"enemies":"Lagavulin","floor":6.0,"turns":4.0},{"damage":0.0,"enemies":"2 Louse","floor":13.0,"turns":1.0},{"damage":10.0,"enemies":"3 Sentries","floor":14.0,"turns":5.0},{"damage":24.0,"enemies":"Slime Boss","floor":16.0,"turns":4.0},{"damage":7.0,"enemies":"3 Byrds","floor":18.0,"turns":5.0},{"damage":6.0,"enemies":"2 Thieves","floor":19.0,"turns":3.0},{"damage":32.0,"enemies":"Snecko","floor":21.0,"turns":6.0},{"damage":29,"enemies":"Shelled Parasite and Fungi","floor":22,"turns":2}],"seed_played":"4791795093860759765","potions_obtained":[{"floor":6.0,"key":"Fire Potion"},{"floor":13.0,"key":"SteroidPotion"},{"floor":19.0,"key":"Fire Potion"},{"floor":21.0,"key":"BottledMiracle"}],"is_trial":false,"path_per_floor":["M","?","$","M","T","E","R","$","T","R","$","R","M","E","R","B",null,"M","M","?","M","M"],"character_chosen":"WATCHER","items_purchased":["EmptyFist","MentalFortress","SteroidPotion"],"campfire_rested":1,"item_purchase_floors":[3,8,11],"current_hp_per_floor":[72,65,65,58,58,31,31,31,31,31,31,31,31,21,42,18,72,65,59,59,27,0,0],"gold":203,"neow_bonus":"UPGRADE_CARD","is_daily":false,"chose_seed":false,"campfire_upgraded":3,"win_rate":0.0,"timestamp":1611908069,"path_taken":["M","?","$","M","?","E","R","$","T","R","?","R","M","E","R","BOSS","M","M","?","M","M"],"items_purchased_type":["Card","Card","Potion"],"build_version":"2020-12-22","purchased_purges":0,"victory":false,"max_hp_per_floor":[72,72,72,72,72,72,72,72,72,72,72,72,72,72,72,72,72,72,72,72,72,72,72],"card_choices":[{"not_picked":["BowlingBash","Prostrate"],"picked":"SandsOfTime","floor":1.0},{"not_picked":["BattleHymn","BowlingBash"],"picked":"Consecrate","floor":4.0},{"not_picked":["EmptyFist","LikeWater","CrushJoints"],"picked":"SKIP","floor":6.0},{"not_picked":["Weave","Consecrate"],"picked":"ClearTheMind","floor":13.0},{"not_picked":["PathToVictory","Sanctity","Wireheading"],"picked":"SKIP","floor":14.0},{"not_picked":["MasterReality","Alpha"],"picked":"Blasphemy","floor":16.0},{"not_picked":["ThirdEye","Tantrum"],"picked":"Halt","floor":18.0},{"not_picked":["Consecrate","DeceiveReality","CrushJoints"],"picked":"SKIP","floor":19.0},{"not_picked":["Tantrum","Weave+1","CrushJoints"],"picked":"SKIP","floor":21.0}],"player_experience":490001,"relics_obtained":[{"floor":6.0,"key":"Bag of Marbles"},{"floor":9.0,"key":"PreservedInsect"},{"floor":14.0,"key":"Akabeko"}],"event_choices":[{"damage_healed":0.0,"max_hp_gain":0.0,"max_hp_loss":0.0,"gold_gain":0.0,"event_name":"Scrap Ooze","player_choice":"Success","floor":2.0,"gold_loss":0.0,"damage_taken":7.0,"relics_obtained":["Ancient Tea Set"]},{"damage_healed":0.0,"max_hp_gain":0.0,"max_hp_loss":0.0,"gold_gain":0.0,"event_name":"The Library","player_choice":"Read","floor":20.0,"gold_loss":0.0,"damage_taken":0.0,"cards_obtained":["Adaptation"]}],"is_beta":false,"boss_relics":[{"not_picked":["Calling Bell","SacredBark"],"picked":"HolyWater"}],"items_purged_floors":[],"is_endless":false,"potions_floor_spawned":[6,13,19,21],"killed_by":"Shelled Parasite and Fungi","ascension_level":4}}