{"host":"na09lpbrez4gbfiz","time":1611914455,"event":{"mods":["Act Like it!","BaseMod","BetterRewards","Colored Map","Colored Powertips","DeckTracker","Googly Eyes","Highlight Path","Minty Spire (QoL Compilation)","Quick Restart","Spicy Shops","StSLib","SuperFastMode","Synergy Search"],"gold_per_floor":[110,110,123,123,142,142,168,168,215,227,227,238,256,270,270,365,365,381,401,401,401],"floor_reached":20,"language":"ENG","playtime":534,"items_purged":[],"score":214,"play_id":"52542976-0845-427c-96d9-c92116324bbf","local_time":"20210129110055","is_ascension_mode":true,"campfire_choices":[{"data":"Zap","floor":6.0,"key":"SMITH"},{"data":"Dualcast","floor":8.0,"key":"SMITH"},{"floor":11.0,"key":"REST"},{"floor":15.0,"key":"REST"}],"circlet_count":0,"master_deck":["Strike_B","Defend_B","Defend_B","Defend_B","Defend_B","Zap+1","Dualcast+1","Gash","All For One","Go for the Eyes+1"],"relics":["Black Star","DataDisk","Toy Ornithopter","PreservedInsect","Empty Cage"],"acts_visited":["Exordium","TheCity"],"potions_floor_usage":[20,20],"damage_taken":[{"damage":6.0,"enemies":"Small Slimes","floor":1.0,"turns":3.0},{"damage":10.0,"enemies":"Cultist","floor":3.0,"turns":4.0},{"damage":4.0,"enemies":"Jaw Worm","floor":5.0,"turns":5.0},{"damage":11.0,"enemies":"Gremlin Nob","floor":7.0,"turns":3.0},{"damage":13.0,"enemies":"3 Louse","floor":10.0,"turns":3.0},{"damage":14.0,"enemies":"Blue Slaver","floor":12.0,"turns":4.0},{"damage":4.0,"enemies":"2 Fungi Beasts","floor":13.0,"turns":4.0},{"damage":13.0,"enemies":"3 Louse","floor":14.0,"turns":3.0},{"damage":46.0,"enemies":"Hexaghost","floor":16.0,"turns":9.0},{"damage":29.0,"enemies":"2 Thieves","floor":18.0,"turns":3.0},{"damage":29.0,"enemies":"Shell Parasite","floor":19.0,"turns":6.0},{"damage":28,"enemies":"Snecko","floor":20,"turns":4}],"seed_played":"-1975545948101422965","potions_obtained":[{"floor":4.0,"key":"Swift Potion"},{"floor":4.0,"key":"AttackPotion"},{"floor":4.0,"key":"BlessingOfTheForge"},{"floor":7.0,"key":"Dexterity Potion"},{"floor":10.0,"key":"EntropicBrew"},{"floor":12.0,"key":"LiquidBronze"},{"floor":18.0,"key":"SteroidPotion"}],"is_trial":false,"path_per_floor":["M","?","M","?","M","R","E","R","T","M","R","M","M","M","R","B",null,"M","M","M"],"character_chosen":"DEFECT","items_purchased":[],"campfire_rested":2,"item_purchase_floors":[],"current_hp_per_floor":[69,69,59,59,55,55,44,44,44,31,53,39,35,22,44,23,75,46,17,0,0],"gold":401,"neow_bonus":"BOSS_RELIC","is_daily":false,"chose_seed":false,"campfire_upgraded":2,"win_rate":0.0,"timestamp":1611914455,"path_taken":["M","?","M","?","?","R","E","R","T","M","R","M","?","?","R","BOSS","M","M","M"],"items_purchased_type":[],"build_version":"2020-12-22","purchased_purges":0,"victory":false,"max_hp_per_floor":[75,75,75,75,75,75,75,75,75,75,75,75,75,75,75,75,75,75,75,75,75],"card_choices":[{"not_picked":["Steam","Blizzard"],"picked":"Gash","floor":1.0},{"not_picked":["Reinforced Body","Tempest","Conserve Battery"],"picked":"SKIP","floor":3.0},{"not_picked":["Leap","Consume","Conserve Battery"],"picked":"SKIP","floor":5.0},{"not_picked":["Streamline","Redo","Go for the Eyes"],"picked":"SKIP","floor":7.0},{"not_picked":["Go for the Eyes","Steam","Turbo"],"picked":"SKIP","floor":10.0},{"not_picked":["Tempest","Double Energy","Hyperbeam"],"picked":"SKIP","floor":12.0},{"not_picked":["Compile Driver","Sweeping Beam","Blizzard"],"picked":"SKIP","floor":13.0},{"not_picked":["Stack","Static Discharge","Barrage"],"picked":"SKIP","floor":14.0},{"not_picked":["Rainbow","Machine Learning"],"picked":"All For One","floor":16.0},{"not_picked":["Rip and Tear","Ball Lightning","Turbo"],"picked":"SKIP","floor":18.0},{"not_picked":["Hello World","Chaos+1"],"picked":"Go for the Eyes+1","floor":19.0}],"player_experience":203213,"relics_obtained":[{"floor":7.0,"key":"DataDisk"},{"floor":7.0,"key":"Toy Ornithopter"},{"floor":9.0,"key":"PreservedInsect"}],"event_choices":[{"cards_removed":["Strike_B"],"damage_healed":0.0,"max_hp_gain":0.0,"max_hp_loss":0.0,"gold_gain":0.0,"event_name":"Living Wall","player_choice":"Forget","floor":2.0,"gold_loss":0.0,"damage_taken":0.0},{"damage_healed":0.0,"max_hp_gain":0.0,"max_hp_loss":0.0,"gold_gain":0.0,"event_name":"Lab","player_choice":"Got Potions","floor":4.0,"gold_loss":0.0,"damage_taken":0.0}],"is_beta":false,"boss_relics":[{"not_picked":["Cursed Key","Busted Crown"],"picked":"Empty Cage"}],"items_purged_floors":[],"is_endless":false,"potions_floor_spawned":[5,7,10,12,14,18],"killed_by":"Snecko","ascension_level":4}}