{"host":"kg61lsvem4dxoat8","time":1611926274,"event":{"mods":["AchievementEnabler","BaseMod","Better Altar","Better Match","Better Sensory Stone","Highlight Path","Minty Spire (QoL Compilation)","Quick Restart","Relic Sorter","Relic Stats","StSLib","Synergy Search","slay the spire mod where everything is the same but ironclad has a cowboy hat"],"gold_per_floor":[110,50,65,84,234,261,261,186,186,186,545,545,556,574,574,574,574],"floor_reached":16,"language":"ENG","playtime":407,"items_purged":[],"score":200,"play_id":"863a0bac-0d3a-4e5a-ab68-b4919eae2017","local_time":"20210129211754","is_ascension_mode":true,"campfire_choices":[{"data":"Venomology","floor":7.0,"key":"SMITH"},{"data":"Cloak And Dagger","floor":10.0,"key":"SMITH"},{"data":"Backstab","floor":12.0,"key":"SMITH"},{"data":"Neutralize","floor":15.0,"key":"SMITH"}],"circlet_count":0,"master_deck":["AscendersBane","Strike_G","Strike_G","Strike_G","Strike_G","Defend_G","Defend_G","Defend_G","Defend_G","Defend_G","Survivor","Neutralize+1","Cloak And Dagger+1","Backstab+1","Doubt","Venomology+1"],"relics":["Ring of the Snake","NeowsBlessing","CaptainsWheel","Eternal Feather","Tingsha","Old Coin"],"acts_visited":["Exordium"],"potions_floor_usage":[16,16,16],"damage_taken":[{"damage":0.0,"enemies":"Jaw Worm","floor":1.0,"turns":1.0},{"damage":0.0,"enemies":"Cultist","floor":3.0,"turns":1.0},{"damage":0.0,"enemies":"2 Louse","floor":4.0,"turns":1.0},{"damage":50.0,"enemies":"3 Sentries","floor":6.0,"turns":18.0},{"damage":28.0,"enemies":"Gremlin Nob","floor":11.0,"turns":5.0},{"damage":8.0,"enemies":"Large Slime","floor":13.0,"turns":8.0},{"damage":1.0,"enemies":"Looter","floor":14.0,"turns":3.0},{"damage":0,"enemies":"Slime Boss","floor":16,"turns":3}],"seed_played":"3619340814710321996","potions_obtained":[{"floor":3.0,"key":"Regen Potion"},{"floor":11.0,"key":"EntropicBrew"}],"is_trial":false,"path_per_floor":["M","?","M","M","?","E","R","?","T","R","?","R","M","M","R","B"],"character_chosen":"THE_SILENT","items_purchased":[],"campfire_rested":0,"item_purchase_floors":[],"current_hp_per_floor":[59,59,59,59,59,24,33,33,33,42,14,23,30,29,38,38,38],"gold":574,"neow_bonus":"THREE_ENEMY_KILL","is_daily":false,"chose_seed":false,"campfire_upgraded":4,"win_rate":0.0,"timestamp":1611926274,"path_taken":["M","?","?","?","?","E","R","?","T","R","?","R","M","M","R","BOSS"],"items_purchased_type":[],"build_version":"2020-12-22","purchased_purges":0,"victory":false,"max_hp_per_floor":[66,66,66,66,66,66,66,66,66,66,66,66,66,66,66,66,66],"relic_stats":{"counters":[8,40],"Eternal Feather":36,"Tingsha":[11],"obtain_stats":[{"CaptainsWheel":2,"NeowsBlessing":0,"Eternal Feather":6,"Tingsha":9,"Ring of the Snake":0,"Old Coin":11},{"CaptainsWheel":1,"NeowsBlessing":0,"Eternal Feather":4,"Tingsha":4,"Ring of the Snake":0,"Old Coin":5},{"CaptainsWheel":1,"NeowsBlessing":0,"Eternal Feather":21,"Tingsha":21,"Ring of the Snake":0,"Old Coin":26}],"Ring of the Snake":[16]},"card_choices":[{"not_picked":["Acrobatics","PiercingWail","Bane"],"picked":"SKIP","floor":1.0},{"not_picked":["Dagger Spray","Quick Slash"],"picked":"Cloak And Dagger","floor":3.0},{"not_picked":["Deflect","Poisoned Stab"],"picked":"Backstab","floor":4.0},{"not_picked":["Deflect","Flechettes"],"picked":"Venomology","floor":6.0},{"not_picked":["Dodge and Roll","Calculated Gamble","Distraction"],"picked":"SKIP","floor":13.0},{"not_picked":["Poisoned Stab","Slice","Dagger Throw"],"picked":"SKIP","floor":14.0}],"player_experience":1420958,"relics_obtained":[{"floor":6.0,"key":"Eternal Feather"},{"floor":9.0,"key":"Tingsha"},{"floor":11.0,"key":"Old Coin"}],"event_choices":[{"damage_healed":0.0,"max_hp_gain":0.0,"max_hp_loss":0.0,"gold_gain":0.0,"event_name":"WeMeetAgain","player_choice":"Paid Gold","floor":2.0,"gold_loss":60.0,"damage_taken":0.0,"relics_obtained":["CaptainsWheel"]},{"damage_healed":0.0,"max_hp_gain":0.0,"max_hp_loss":0.0,"gold_gain":150.0,"event_name":"Liars Game","player_choice":"AGREE","floor":5.0,"gold_loss":0.0,"damage_taken":0.0,"cards_obtained":["Doubt"]},{"cards_removed":["Strike_G"],"damage_healed":0.0,"max_hp_gain":0.0,"max_hp_loss":0.0,"gold_gain":0.0,"event_name":"The Cleric","player_choice":"Card Removal","floor":8.0,"gold_loss":75.0,"damage_taken":0.0},{"damage_healed":0.0,"max_hp_gain":0.0,"max_hp_loss":0.0,"gold_gain":0.0,"event_name":"Dead Adventurer","player_choice":"Searched \u00272\u0027 times","floor":11.0,"gold_loss":0.0,"damage_taken":0.0}],"is_beta":false,"boss_relics":[],"items_purged_floors":[],"is_endless":false,"potions_floor_spawned":[3,11],"killed_by":"Slime Boss","ascension_level":20}}