{"host":"vyjryxuuuxkt43k4","time":1611899224,"event":{"mods":["AchievementEnabler","BaseMod","Colored Map","DeckTracker","Keyboard Shortcuts","Minty Spire (QoL Compilation)","Permanent Neow","Quick Restart","Rare Cards Sparkle","StSLib","SuperFastMode","everything is the same but u backflip on backflip"],"gold_per_floor":[111,125,139,89,89,89,122,122,122,158,158,158,25,61,61,184,184,197,217,142,142,157,190,190,225,225,76,109,109,150,180,180,314,314,333,353,353,132,156,156,194,194,194,194,194,234,234,254,254,254],"floor_reached":51,"language":"KOR","playtime":7474,"items_purged":["Worship","JustLucky","CutThroughFate"],"score":911,"play_id":"6fcad47f-345e-4d50-b8c6-1b1f06e996c8","local_time":"20210129144704","is_ascension_mode":true,"campfire_choices":[{"data":"CrushJoints","floor":6.0,"key":"SMITH"},{"data":"MentalFortress","floor":8.0,"key":"SMITH"},{"data":"Halt","floor":11.0,"key":"SMITH"},{"data":"ClearTheMind","floor":15.0,"key":"SMITH"},{"data":"Crescendo","floor":24.0,"key":"SMITH"},{"data":"Vault","floor":32.0,"key":"SMITH"},{"data":"DevaForm","floor":40.0,"key":"SMITH"},{"floor":42.0,"key":"REST"},{"floor":44.0,"key":"RECALL"},{"data":"ClearTheMind","floor":47,"key":"SMITH"},{"floor":49,"key":"REST"}],"circlet_count":0,"master_deck":["Eruption+1","Vigilance","CrushJoints+1","Halt+1","MentalFortress+1","MentalFortress","Adaptation+1","EmptyFist","ClearTheMind+1","DevaForm+1","ClearTheMind+1","Ragnarok","Crescendo+1","Vault+1","Vault+1"],"relics":["PureWater","Golden Idol","Mercury Hourglass","StrikeDummy","Nunchaku","Odd Mushroom","Pandora\u0027s Box","Omamori","TungstenRod","Gremlin Horn","CeramicFish","Red Mask","Busted Crown","Blue Candle","Pantograph"],"acts_visited":["Exordium","TheCity","TheBeyond"],"potions_floor_usage":[50],"damage_taken":[{"damage":2.0,"enemies":"Jaw Worm","floor":1.0,"turns":3.0},{"damage":1.0,"enemies":"Small Slimes","floor":2.0,"turns":4.0},{"damage":0.0,"enemies":"2 Louse","floor":3.0,"turns":2.0},{"damage":7.0,"enemies":"3 Sentries","floor":7.0,"turns":8.0},{"damage":0.0,"enemies":"Gremlin Nob","floor":10.0,"turns":2.0},{"damage":0.0,"enemies":"The Mushroom Lair","floor":14.0,"turns":2.0},{"damage":27.0,"enemies":"The Guardian","floor":16.0,"turns":7.0},{"damage":10.0,"enemies":"Chosen","floor":18.0,"turns":4.0},{"damage":14.0,"enemies":"2 Thieves","floor":19.0,"turns":3.0},{"damage":7.0,"enemies":"Sentry and Sphere","floor":22.0,"turns":4.0},{"damage":0.0,"enemies":"Slavers","floor":23.0,"turns":3.0},{"damage":13.0,"enemies":"Book of Stabbing","floor":25.0,"turns":4.0},{"damage":0.0,"enemies":"Gremlin Leader","floor":28.0,"turns":3.0},{"damage":28.0,"enemies":"Masked Bandits","floor":30.0,"turns":3.0},{"damage":0.0,"enemies":"Centurion and Healer","floor":31.0,"turns":3.0},{"damage":3.0,"enemies":"Collector","floor":33.0,"turns":5.0},{"damage":9.0,"enemies":"Orb Walker","floor":35.0,"turns":4.0},{"damage":39.0,"enemies":"3 Darklings","floor":36.0,"turns":4.0},{"damage":0.0,"enemies":"Transient","floor":39.0,"turns":6.0},{"damage":12.0,"enemies":"Nemesis","floor":41.0,"turns":5.0},{"damage":8,"enemies":"Giant Head","floor":46,"turns":4},{"damage":0,"enemies":"Writhing Mass","floor":48,"turns":5},{"damage":28,"enemies":"Awakened One","floor":50,"turns":8}],"seed_played":"6209988247620358419","potions_obtained":[{"floor":2.0,"key":"BottledMiracle"},{"floor":7.0,"key":"FearPotion"},{"floor":18.0,"key":"EntropicBrew"},{"floor":28.0,"key":"BottledMiracle"},{"floor":30.0,"key":"PowerPotion"},{"floor":39.0,"key":"SteroidPotion"},{"floor":41.0,"key":"Ancient Potion"},{"floor":46,"key":"StancePotion"}],"is_trial":false,"path_per_floor":["M","M","M","?","?","R","E","R","T","E","R","?","$","?","R","B",null,"M","M","$","?","M","E","R","E","T","$","E","?","?","M","R","B",null,"M","M","?","$","M","R","E","R","T","R","?","E","R","M","R","B",null],"character_chosen":"WATCHER","items_purchased":["Adaptation","EmptyFist","Swift Potion","EntropicBrew"],"campfire_rested":2,"item_purchase_floors":[13,13,27,38],"current_hp_per_floor":[70,69,69,69,51,51,44,44,44,44,44,49,49,49,49,22,77,67,62,62,62,55,55,55,42,42,42,42,67,39,39,39,36,77,68,29,34,34,34,34,22,45,45,45,45,37,37,37,60,49],"gold":254,"neow_bonus":"UPGRADE_CARD","is_daily":false,"chose_seed":false,"campfire_upgraded":8,"win_rate":0.0,"timestamp":1611899224,"path_taken":["M","M","M","?","?","R","E","R","T","E","R","?","$","?","R","BOSS","M","M","$","?","?","E","R","E","T","$","E","?","?","M","R","BOSS","M","M","?","$","?","R","E","R","T","R","?","E","R","?","R","BOSS"],"items_purchased_type":["Card","Card","Potion","Potion"],"build_version":"2020-12-22","purchased_purges":3,"victory":true,"max_hp_per_floor":[72,72,72,72,72,72,72,72,72,72,72,77,77,77,77,77,77,77,77,77,77,77,77,77,77,77,77,77,77,77,77,77,77,77,77,77,77,77,77,77,77,77,77,77,77,77,77,77,77,77],"card_choices":[{"not_picked":["PathToVictory","SashWhip","Protect"],"picked":"SKIP","floor":1.0},{"not_picked":["Protect","PathToVictory"],"picked":"CrushJoints","floor":2.0},{"not_picked":["SashWhip","JustLucky"],"picked":"Halt","floor":3.0},{"not_picked":["PathToVictory","ThirdEye"],"picked":"MentalFortress","floor":7.0},{"not_picked":["JustLucky","ClearTheMind"],"picked":"MentalFortress","floor":10.0},{"not_picked":["Protect","CarveReality"],"picked":"ClearTheMind","floor":14.0},{"not_picked":["Wish","Judgement"],"picked":"DevaForm","floor":16.0},{"not_picked":["BattleHymn","Fasting2","EmptyFist"],"picked":"SKIP","floor":18.0},{"not_picked":["ThirdEye+1","CarveReality","FlurryOfBlows"],"picked":"SKIP","floor":19.0},{"not_picked":["Halt+1","FollowUp","CrushJoints+1"],"picked":"SKIP","floor":22.0},{"not_picked":["Pray","FearNoEvil","Collect+1"],"picked":"SKIP","floor":23.0},{"not_picked":["LessonLearned","Wallop","Consecrate"],"picked":"SKIP","floor":25.0},{"not_picked":["FollowUp","SandsOfTime","JustLucky"],"picked":"SKIP","floor":28.0},{"not_picked":["Prostrate","Wireheading+1"],"picked":"Vault","floor":31.0},{"not_picked":["LessonLearned","Ragnarok"],"picked":"Vault","floor":33.0},{"not_picked":["EmptyBody+1"],"picked":"SKIP","floor":35.0},{"not_picked":["Pray+1"],"picked":"SKIP","floor":36.0},{"not_picked":["CutThroughFate"],"picked":"SKIP","floor":39.0},{"not_picked":["SandsOfTime"],"picked":"SKIP","floor":41.0},{"not_picked":["FlyingSleeves"],"picked":"SKIP","floor":46},{"not_picked":["Weave"],"picked":"SKIP","floor":48}],"player_experience":475399,"relics_obtained":[{"floor":7.0,"key":"Mercury Hourglass"},{"floor":9.0,"key":"StrikeDummy"},{"floor":10.0,"key":"Nunchaku"},{"floor":14.0,"key":"Odd Mushroom"},{"floor":23.0,"key":"Omamori"},{"floor":25.0,"key":"TungstenRod"},{"floor":26.0,"key":"Gremlin Horn"},{"floor":28.0,"key":"CeramicFish"},{"floor":30.0,"key":"Red Mask"},{"floor":41.0,"key":"Blue Candle"},{"floor":46,"key":"Pantograph"}],"event_choices":[{"cards_removed":["Defend_P"],"damage_healed":0.0,"max_hp_gain":0.0,"max_hp_loss":0.0,"gold_gain":0.0,"event_name":"The Cleric","player_choice":"Card Removal","floor":4.0,"gold_loss":50.0,"damage_taken":0.0},{"damage_healed":0.0,"max_hp_gain":0.0,"max_hp_loss":0.0,"gold_gain":0.0,"event_name":"Golden Idol","player_choice":"Take Damage","floor":5.0,"gold_loss":0.0,"damage_taken":18.0,"relics_obtained":["Golden Idol"]},{"damage_healed":0.0,"max_hp_gain":5.0,"max_hp_loss":0.0,"gold_gain":0.0,"event_name":"Big Fish","player_choice":"Donut","floor":12.0,"gold_loss":0.0,"damage_taken":0.0},{"damage_healed":0.0,"max_hp_gain":0.0,"max_hp_loss":0.0,"gold_gain":0.0,"event_name":"Mushrooms","player_choice":"Fought Mushrooms","floor":14.0,"gold_loss":0.0,"damage_taken":0.0},{"damage_healed":0.0,"max_hp_gain":0.0,"max_hp_loss":0.0,"gold_gain":0.0,"event_name":"Upgrade Shrine","player_choice":"Upgraded","floor":21.0,"gold_loss":0.0,"damage_taken":0.0,"cards_upgraded":["Adaptation"]},{"damage_healed":25.0,"max_hp_gain":0.0,"max_hp_loss":0.0,"gold_gain":0.0,"event_name":"The Library","player_choice":"Heal","floor":29.0,"gold_loss":0.0,"damage_taken":0.0},{"damage_healed":0.0,"max_hp_gain":0.0,"max_hp_loss":0.0,"gold_gain":0.0,"event_name":"Masked Bandits","player_choice":"Fought Bandits","floor":30.0,"gold_loss":0.0,"damage_taken":0.0},{"cards_removed":["BowlingBash"],"damage_healed":5.0,"max_hp_gain":0.0,"max_hp_loss":0.0,"gold_gain":0.0,"event_name":"Bonfire Elementals","player_choice":"Offered Common","floor":37.0,"gold_loss":0.0,"damage_taken":0.0},{"cards_removed":["BowlingBash"],"damage_healed":5.0,"max_hp_gain":0.0,"max_hp_loss":0.0,"gold_gain":0.0,"event_name":"Bonfire Elementals","player_choice":"Offered Special","floor":37.0,"gold_loss":0.0,"damage_taken":0.0},{"damage_healed":0.0,"max_hp_gain":0.0,"max_hp_loss":0.0,"gold_gain":0.0,"event_name":"Accursed Blacksmith","player_choice":"Forge","floor":45.0,"gold_loss":0.0,"damage_taken":0.0,"cards_upgraded":["Vault"]}],"is_beta":false,"boss_relics":[{"not_picked":["Black Star","Cursed Key"],"picked":"Pandora\u0027s Box"},{"not_picked":["SacredBark","HolyWater"],"picked":"Busted Crown"}],"items_purged_floors":[20,27,38],"is_endless":false,"potions_floor_spawned":[2,7,18,28,30,39,41,46],"ascension_level":3}}