{"host":"jhy70w0yh8dayqay","time":1611930758,"event":{"mods":["AchievementEnabler","BaseMod","Colored Map","Colored Powertips","DeckTracker","Minty Spire (QoL Compilation)","Permanent Neow","SuperFastMode"],"gold_per_floor":[117,131,81,93,73,101,101,130,153,78,78,98,98,129,129,206,206,221,40,53,68,68,68,100,117,117,152,172,7,25,43,43,119,119,135,180,200,44,44,44,63,63,117,117,117,143,157,183,183,183],"floor_reached":51,"language":"KOR","playtime":1696,"items_purged":["Strike_R","Strike_R","Strike_R"],"score":1436,"play_id":"06299ee0-afc2-4642-a9b1-bede6c73947a","local_time":"20210129233238","is_ascension_mode":true,"campfire_choices":[{"data":"Hemokinesis","floor":7,"key":"SMITH"},{"data":"Immolate","floor":11,"key":"SMITH"},{"data":"Carnage","floor":13,"key":"SMITH"},{"data":"Clothesline","floor":15,"key":"SMITH"},{"data":"Second Wind","floor":23,"key":"SMITH"},{"data":"Fire Breathing","floor":32,"key":"SMITH"},{"data":"Bludgeon","floor":40,"key":"SMITH"},{"data":"Feel No Pain","floor":42,"key":"SMITH"},{"data":"Armaments","floor":44,"key":"SMITH"},{"data":"Fire Breathing","floor":49,"key":"SMITH"}],"circlet_count":0,"master_deck":["AscendersBane","Defend_R+1","Defend_R","Defend_R","Defend_R","Immolate+1","Clothesline+1","Hemokinesis+1","Second Wind+1","Carnage+1","Shrug It Off","Power Through+1","Feel No Pain+1","Fire Breathing+1","Barricade","Fire Breathing+1","Sever Soul+1","Bludgeon+1","Armaments+1","Body Slam","Parasite","Entrench+1","Entrench"],"relics":["Burning Blood","MealTicket","Orichalcum","Toy Ornithopter","Darkstone Periapt","Snecko Eye","Centennial Puzzle","War Paint","HornCleat","Velvet Choker","Bird Faced Urn","Red Skull","Pen Nib","Art of War"],"acts_visited":["Exordium","TheCity","TheBeyond"],"potions_floor_usage":[6,8,16,24,27,33,36,50],"damage_taken":[{"damage":1,"enemies":"Cultist","floor":1,"turns":3},{"damage":7,"enemies":"2 Louse","floor":2,"turns":3},{"damage":10,"enemies":"Small Slimes","floor":4,"turns":2},{"damage":4,"enemies":"3 Sentries","floor":6,"turns":5},{"damage":21,"enemies":"Lagavulin","floor":8,"turns":5},{"damage":0,"enemies":"Exordium Thugs","floor":12,"turns":3},{"damage":12,"enemies":"3 Sentries","floor":14,"turns":4},{"damage":17,"enemies":"Slime Boss","floor":16,"turns":9},{"damage":2,"enemies":"Shell Parasite","floor":18,"turns":2},{"damage":0,"enemies":"3 Byrds","floor":20,"turns":4},{"damage":25,"enemies":"Cultist and Chosen","floor":21,"turns":5},{"damage":27,"enemies":"Book of Stabbing","floor":24,"turns":5},{"damage":2,"enemies":"Centurion and Healer","floor":25,"turns":3},{"damage":4,"enemies":"Gremlin Leader","floor":27,"turns":5},{"damage":0,"enemies":"Shelled Parasite and Fungi","floor":28,"turns":4},{"damage":2,"enemies":"Cultist and Chosen","floor":30,"turns":3},{"damage":8,"enemies":"Snake Plant","floor":31,"turns":2},{"damage":57,"enemies":"Collector","floor":33,"turns":8},{"damage":2,"enemies":"Orb Walker","floor":35,"turns":4},{"damage":30,"enemies":"2 Orb Walkers","floor":36,"turns":5},{"damage":8,"enemies":"3 Darklings","floor":37,"turns":5},{"damage":4,"enemies":"Spire Growth","floor":41,"turns":4},{"damage":0,"enemies":"Reptomancer","floor":46,"turns":6},{"damage":2,"enemies":"Writhing Mass","floor":47,"turns":4},{"damage":0,"enemies":"Nemesis","floor":48,"turns":7},{"damage":20,"enemies":"Donu and Deca","floor":50,"turns":8}],"seed_played":"-466324514991299837","potions_obtained":[{"floor":4,"key":"CultistPotion"},{"floor":5,"key":"BlessingOfTheForge"},{"floor":8,"key":"LiquidBronze"},{"floor":14,"key":"AttackPotion"},{"floor":16,"key":"LiquidBronze"},{"floor":18,"key":"CultistPotion"},{"floor":24,"key":"AttackPotion"},{"floor":30,"key":"Fire Potion"},{"floor":33,"key":"Block Potion"},{"floor":46,"key":"BlessingOfTheForge"}],"is_trial":false,"path_per_floor":["M","M","?","M","?","E","R","E","T","$","R","M","R","E","R","B",null,"M","$","M","M","$","R","E","M","T","E","M","$","M","M","R","B",null,"M","?","M","$","?","R","M","R","T","R","?","E","M","E","R","B",null],"character_chosen":"IRONCLAD","items_purchased":["Power Through","Fire Breathing","Bludgeon"],"campfire_rested":0,"item_purchase_floors":[19,29,38],"current_hp_per_floor":[55,54,54,50,50,52,52,37,37,52,52,58,58,52,52,46,68,72,75,75,56,71,71,54,58,58,65,71,75,75,73,73,24,62,66,47,53,68,68,68,75,75,75,75,75,75,81,81,81,73],"gold":183,"neow_bonus":"THREE_RARE_CARDS","is_daily":false,"chose_seed":false,"campfire_upgraded":10,"win_rate":0.0,"timestamp":1611930758,"path_taken":["M","?","?","M","?","E","R","E","T","$","R","M","R","E","R","BOSS","M","$","M","M","$","R","E","M","T","E","M","$","M","M","R","BOSS","M","?","M","$","?","R","?","R","T","R","?","E","?","E","R","BOSS"],"items_purchased_type":["Card","Card","Card"],"build_version":"2020-12-22","purchased_purges":3,"victory":true,"max_hp_per_floor":[75,75,75,75,75,75,75,75,75,75,75,75,75,75,75,75,75,75,75,75,75,75,75,75,75,75,75,75,75,75,75,75,75,75,75,75,75,75,75,75,75,75,75,75,75,75,81,81,81,81],"card_choices":[{"not_picked":["Berserk","Demon Form"],"picked":"Immolate","floor":0},{"not_picked":["Heavy Blade","Seeing Red"],"picked":"Clothesline","floor":1},{"not_picked":["Anger","Whirlwind"],"picked":"Hemokinesis","floor":2},{"not_picked":["Anger","Wild Strike","Sentinel"],"picked":"SKIP","floor":4},{"not_picked":["Brutality","Iron Wave","True Grit"],"picked":"SKIP","floor":6},{"not_picked":["Sentinel","Armaments"],"picked":"Second Wind","floor":8},{"not_picked":["Headbutt","Seeing Red"],"picked":"Carnage","floor":12},{"not_picked":["Cleave","Warcry"],"picked":"Shrug It Off","floor":14},{"not_picked":["Whirlwind","Heavy Blade","Headbutt"],"picked":"SKIP","floor":18},{"not_picked":["Body Slam","Dropkick","Infernal Blade+1"],"picked":"SKIP","floor":20},{"not_picked":["Searing Blow","Clash+1","Clothesline"],"picked":"SKIP","floor":21},{"not_picked":["Whirlwind","Combust","Headbutt"],"picked":"SKIP","floor":24},{"not_picked":["Whirlwind","Combust","Headbutt"],"picked":"SKIP","floor":24},{"not_picked":["Body Slam","Sword Boomerang","Flex"],"picked":"SKIP","floor":25},{"not_picked":["Sentinel","Wild Strike","Iron Wave"],"picked":"SKIP","floor":27},{"not_picked":["Combust","Carnage"],"picked":"Feel No Pain","floor":28},{"not_picked":["Anger","Feed","Cleave"],"picked":"SKIP","floor":30},{"not_picked":["Perfected Strike","Flex","Headbutt"],"picked":"SKIP","floor":31},{"not_picked":["Limit Break","Feed"],"picked":"Barricade","floor":33},{"not_picked":["Seeing Red","Whirlwind","True Grit"],"picked":"SKIP","floor":35},{"not_picked":["Anger+1","Flex"],"picked":"Fire Breathing","floor":36},{"not_picked":["Havoc","Shrug It Off"],"picked":"Sever Soul+1","floor":37},{"not_picked":["Armaments","Perfected Strike"],"picked":"Body Slam","floor":41},{"not_picked":["Perfected Strike+1","Second Wind","Rampage+1"],"picked":"SKIP","floor":46},{"not_picked":["Spot Weakness","Twin Strike"],"picked":"Entrench+1","floor":47},{"not_picked":["Inflame","Immolate"],"picked":"Entrench","floor":48}],"player_experience":458922,"relics_obtained":[{"floor":6,"key":"MealTicket"},{"floor":8,"key":"Orichalcum"},{"floor":9,"key":"Toy Ornithopter"},{"floor":14,"key":"Darkstone Periapt"},{"floor":24,"key":"Centennial Puzzle"},{"floor":26,"key":"War Paint"},{"floor":27,"key":"HornCleat"},{"floor":36,"key":"Bird Faced Urn"},{"floor":43,"key":"Red Skull"},{"floor":46,"key":"Pen Nib"},{"floor":48,"key":"Art of War"}],"event_choices":[{"cards_removed":["Strike_R"],"damage_healed":0,"gold_gain":0,"player_choice":"Card Removal","damage_taken":0,"max_hp_gain":0,"max_hp_loss":0,"event_name":"The Cleric","floor":3,"gold_loss":50},{"damage_healed":0,"gold_gain":0,"player_choice":"Bought 1 Potion","damage_taken":0,"max_hp_gain":0,"max_hp_loss":0,"event_name":"The Woman in Blue","floor":5,"gold_loss":0},{"damage_healed":0,"gold_gain":0,"player_choice":"Fight","damage_taken":0,"max_hp_gain":0,"max_hp_loss":0,"event_name":"Mysterious Sphere","floor":36,"gold_loss":0},{"damage_healed":0,"gold_gain":0,"cards_transformed":["Strike_R"],"player_choice":"Transformed","damage_taken":0,"max_hp_gain":0,"max_hp_loss":0,"event_name":"Transmorgrifier","floor":39,"gold_loss":0,"cards_obtained":["Armaments"]},{"cards_removed":["Bash"],"damage_healed":0,"gold_gain":0,"player_choice":"Offered Basic","damage_taken":0,"max_hp_gain":0,"max_hp_loss":0,"event_name":"Bonfire Elementals","floor":45,"gold_loss":0}],"is_beta":false,"boss_relics":[{"not_picked":["Philosopher\u0027s Stone","SlaversCollar"],"picked":"Snecko Eye"},{"not_picked":["Busted Crown","Astrolabe"],"picked":"Velvet Choker"}],"items_purged_floors":[10,19,29],"is_endless":false,"potions_floor_spawned":[4,8,14,16,18,24,30,33,35,46],"ascension_level":14}}