{"host":"qy1e0kd24tpj3i2m","time":1611936187,"event":{"mods":["Act Like it!","Alarm Clock","BaseMod","Better Skull","Better Vampires","Colored Map","Colored Powertips","Custom Start","Faster Ascension Climbing","Friendly Minions","GifTheSpireLib","Gremlin Skip","Highlight Path","Minty Spire (QoL Compilation)","Permanent Neow","Poor People Problems","Quick Restart","Red Circlet Mod","Relic Filter Mod","Relic Sorter","Reorder Act Four","SacredBarkPlus","Shop Mod","StSLib","SuperFastMode","Transform Curses","没有小屋子和绿帽子啦"],"gold_per_floor":[114,114,125,142,160,160,190,217,243,260,260,275,37,57,57,136,136,155,170,60,74,74,74,74,74,123,136,150,182,182,282,282,282,282],"floor_reached":33,"language":"ZHS","playtime":1533,"items_purged":["Strike_R"],"score":598,"play_id":"c85e1d9c-7e59-4d83-8e0a-aced4d899642","local_time":"20210130010307","is_ascension_mode":true,"campfire_choices":[{"data":"Whirlwind","floor":6.0,"key":"SMITH"},{"data":"Whirlwind","floor":15.0,"key":"SMITH"},{"floor":23.0,"key":"RECALL"},{"data":"Demon Form","floor":25.0,"key":"SMITH"},{"data":"Sword Boomerang","floor":32,"key":"SMITH"}],"circlet_count":0,"master_deck":["AscendersBane","Strike_R","Defend_R","Defend_R","Defend_R","Whirlwind+1","Bloodletting","Flex","Combust","Power Through","Whirlwind+1","Demon Form+1","Evolve+1","Sword Boomerang+1","Reaper","Ghostly Armor","Reckless Charge+1","Shrug It Off","Fire Breathing","Dark Embrace+1","Writhe","Flex"],"relics":["Burning Blood","Blood Vial","Regal Pillow","Orichalcum","Chemical X","Coffee Dripper","Red Mask","Self Forming Clay","Lizard Tail","StrikeDummy"],"acts_visited":["Exordium","TheCity"],"potions_floor_usage":[],"damage_taken":[{"damage":26.0,"enemies":"Jaw Worm","floor":1.0,"turns":5.0},{"damage":4.0,"enemies":"Cultist","floor":3.0,"turns":3.0},{"damage":12.0,"enemies":"2 Louse","floor":4.0,"turns":3.0},{"damage":3.0,"enemies":"Blue Slaver","floor":5.0,"turns":3.0},{"damage":13.0,"enemies":"Gremlin Nob","floor":8.0,"turns":3.0},{"damage":0.0,"enemies":"3 Louse","floor":10.0,"turns":1.0},{"damage":0.0,"enemies":"Lots of Slimes","floor":12.0,"turns":1.0},{"damage":13.0,"enemies":"Large Slime","floor":14.0,"turns":3.0},{"damage":8.0,"enemies":"The Guardian","floor":16.0,"turns":6.0},{"damage":1.0,"enemies":"Shell Parasite","floor":18.0,"turns":2.0},{"damage":11.0,"enemies":"3 Byrds","floor":19.0,"turns":3.0},{"damage":14.0,"enemies":"Snecko","floor":21.0,"turns":4.0},{"damage":29.0,"enemies":"Shelled Parasite and Fungi","floor":27.0,"turns":5.0},{"damage":2.0,"enemies":"Centurion and Healer","floor":28.0,"turns":4.0},{"damage":69.0,"enemies":"Masked Bandits","floor":29.0,"turns":4.0},{"damage":3,"enemies":"Colosseum Slavers","floor":31,"turns":2},{"damage":12,"enemies":"Colosseum Nobs","floor":31,"turns":4},{"damage":56,"enemies":"Automaton","floor":33,"turns":9}],"seed_played":"-3557826482087783895","potions_obtained":[{"floor":1.0,"key":"Fire Potion"},{"floor":5.0,"key":"Fire Potion"},{"floor":8.0,"key":"Ancient Potion"},{"floor":10.0,"key":"DistilledChaos"},{"floor":14.0,"key":"Energy Potion"},{"floor":18.0,"key":"BloodPotion"},{"floor":19.0,"key":"Fruit Juice"},{"floor":21.0,"key":"Explosive Potion"}],"is_trial":false,"path_per_floor":["M","?","M","M","M","R","?","E","T","M","?","M","$","M","R","B",null,"M","M","?","M","$","R","?","R","T","M","M","?","?","?","R","B"],"character_chosen":"IRONCLAD","items_purchased":["Chemical X"],"campfire_rested":0,"item_purchase_floors":[13],"current_hp_per_floor":[48,48,50,44,47,47,47,42,42,50,43,51,51,46,46,46,63,68,68,68,68,68,68,68,68,68,70,73,10,10,11,11,1,1],"gold":282,"neow_bonus":"TRANSFORM_TWO_CARDS","is_daily":false,"chose_seed":false,"campfire_upgraded":4,"win_rate":0.0,"timestamp":1611936187,"path_taken":["M","?","M","?","M","R","?","E","T","M","?","M","?","M","R","BOSS","M","M","?","?","$","R","?","R","T","M","M","?","?","?","R","BOSS"],"items_purchased_type":["Relic"],"build_version":"2020-12-22","purchased_purges":1,"victory":false,"max_hp_per_floor":[68,68,68,68,68,68,68,68,68,68,68,68,68,68,68,68,68,68,73,73,73,73,73,73,73,73,73,73,73,73,73,73,73,73],"card_choices":[{"not_picked":["Battle Trance","Heavy Blade"],"picked":"Flex","floor":1.0},{"not_picked":["Intimidate","Twin Strike"],"picked":"Combust","floor":3.0},{"not_picked":["Wild Strike","Clash"],"picked":"Power Through","floor":4.0},{"not_picked":["Battle Trance","Carnage"],"picked":"Whirlwind","floor":5.0},{"not_picked":["Anger","Warcry"],"picked":"Demon Form","floor":8.0},{"not_picked":["Warcry","True Grit"],"picked":"Evolve","floor":10.0},{"not_picked":["Intimidate","Twin Strike","Infernal Blade"],"picked":"SKIP","floor":12.0},{"not_picked":["Warcry","Havoc"],"picked":"Sword Boomerang","floor":14.0},{"not_picked":["Exhume","Limit Break"],"picked":"Reaper","floor":16.0},{"not_picked":["Heavy Blade","Headbutt"],"picked":"Ghostly Armor","floor":18.0},{"not_picked":["Shrug It Off","Perfected Strike"],"picked":"Reckless Charge+1","floor":19.0},{"not_picked":["Anger","Clash","Spot Weakness"],"picked":"SKIP","floor":21.0},{"not_picked":["Wild Strike","Anger"],"picked":"Shrug It Off","floor":27.0},{"not_picked":["Armaments","Intimidate"],"picked":"Fire Breathing","floor":28.0},{"not_picked":["Shockwave","Immolate"],"picked":"Dark Embrace+1","floor":29.0},{"not_picked":["Thunderclap","Iron Wave"],"picked":"Flex","floor":31}],"player_experience":966190,"relics_obtained":[{"floor":8.0,"key":"Regal Pillow"},{"floor":9.0,"key":"Orichalcum"},{"floor":29.0,"key":"Red Mask"},{"floor":31,"key":"Lizard Tail"},{"floor":31,"key":"StrikeDummy"}],"event_choices":[{"cards_removed":["Strike_R"],"damage_healed":0.0,"max_hp_gain":0.0,"max_hp_loss":0.0,"gold_gain":0.0,"event_name":"Wheel of Change","player_choice":"Card Removal","floor":2.0,"gold_loss":0.0,"damage_taken":0.0},{"damage_healed":0.0,"max_hp_gain":0.0,"max_hp_loss":0.0,"gold_gain":30.0,"event_name":"Dead Adventurer","player_choice":"Searched \u00272\u0027 times","floor":7.0,"gold_loss":0.0,"damage_taken":0.0,"relics_obtained":["Blood Vial"]},{"cards_removed":["Strike_R"],"damage_healed":0.0,"max_hp_gain":0.0,"max_hp_loss":0.0,"gold_gain":0.0,"event_name":"Golden Wing","player_choice":"Card Removal","floor":11.0,"gold_loss":0.0,"damage_taken":7.0},{"cards_removed":["Strike_R"],"damage_healed":0.0,"max_hp_gain":0.0,"max_hp_loss":0.0,"gold_gain":0.0,"event_name":"Designer","player_choice":"Upgrade and Remove","floor":20.0,"gold_loss":110.0,"damage_taken":0.0,"cards_upgraded":["Evolve"]},{"damage_healed":0.0,"max_hp_gain":0.0,"max_hp_loss":0.0,"gold_gain":0.0,"event_name":"Ghosts","player_choice":"Ignored","floor":24.0,"gold_loss":0.0,"damage_taken":0.0},{"damage_healed":0.0,"max_hp_gain":0.0,"max_hp_loss":0.0,"gold_gain":0.0,"event_name":"Masked Bandits","player_choice":"Fought Bandits","floor":29.0,"gold_loss":0.0,"damage_taken":0.0},{"damage_healed":0.0,"max_hp_gain":0.0,"max_hp_loss":0.0,"gold_gain":0.0,"event_name":"The Mausoleum","player_choice":"Opened","floor":30.0,"gold_loss":0.0,"damage_taken":0.0,"relics_obtained":["Self Forming Clay"],"cards_obtained":["Writhe"]},{"damage_healed":0,"gold_gain":0,"player_choice":"Fight","damage_taken":0,"max_hp_gain":0,"max_hp_loss":0,"event_name":"Colosseum","floor":31,"gold_loss":0},{"damage_healed":0,"gold_gain":0,"player_choice":"Fought Nobs","damage_taken":0,"max_hp_gain":0,"max_hp_loss":0,"event_name":"Colosseum","floor":31,"gold_loss":0}],"is_beta":false,"boss_relics":[{"not_picked":["Runic Cube","Velvet Choker"],"picked":"Coffee Dripper"}],"items_purged_floors":[13],"is_endless":false,"potions_floor_spawned":[1,5,8,10,14,18,19,21],"killed_by":"Automaton","ascension_level":20}}