{"host":"rw7a2h039i1hcs3q","time":1611909462,"event":{"mods":["BaseMod","Better Altar","Better Match","Better Note","Better Sensory Stone","Better Skull","Better Third Choice","Booster Modes","Colored Powertips","Downfall","Halation","Hermit","Highlight Path","Hubris","Infinite Spire","Jedi Mod","Minty Spire (QoL Compilation)","Random Character Button","Rare Cards Sparkle","StSLib","The Cursed","The Dragon Tamer","The Hierophant","Unceasing Turn Reminder"],"gold_per_floor":[99,99,119,135,0,0,48,73,93,93,93,104,104,84,103,199,199,199,209,19,19,35,52,76,76,109,309,323,338,358,370,381,381,381],"floor_reached":33,"language":"ENG","playtime":1490,"items_purged":["downfall:Malfunctioning","TheCursedMod:VitalStrike","TheCursedMod:StunningStrike"],"score":396,"play_id":"e22f3f27-2150-454d-8662-cc8fb00d7d91","local_time":"20210129093742","daily_mods":["Draft"],"is_ascension_mode":false,"campfire_choices":[{"data":"TheCursedMod:Evocation","floor":1,"key":"SMITH"},{"data":"hubris:Fate","floor":11,"key":"SMITH"},{"data":"TheCursedMod:Torture","floor":13,"key":"SMITH"},{"data":"hexamod:TimeOfNeed","floor":18,"key":"SMITH"}],"circlet_count":0,"master_deck":["TheCursedMod:FuryStrike","TheCursedMod:Evocation+1","TheCursedMod:SpitefulPray","TheCursedMod:FuryStrike","TheCursedMod:CursedMace+1","TheCursedMod:TacticalStrike+1","TheCursedMod:SurpriseAttack","TheCursedMod:WearCloak","TheCursedMod:WearCloak","TheCursedMod:WearCloak","TheCursedMod:WearCloak+1","TheCursedMod:TacticalStrike","TheCursedMod:TacticalStrike","TheCursedMod:CursedBoomerang","TheCursedMod:Torture+1","TheCursedMod:SurpriseAttack","TheCursedMod:SurpriseAttack","hubris:Fate+1","TheCursedMod:SurpriseAttack","TheCursedMod:Torture","TheCursedMod:AshesToAshes","hexamod:TimeOfNeed+1","TheCursedMod:CircleOfWindfury","TheCursedMod:TacticalStrike","Blade Dance+1","expansioncontent:QuickStudy","hermit:Glare","TheCursedMod:CursedAmulet","hermit:EyeOfTheStorm","Jack Of All Trades"],"relics":["infinitespire:DarkRift","Blood Vial","Pear","PrismaticShard","jedi:cryingmask","Nloth\u0027s Gift","PreservedInsect","Incense Burner","Omamori"],"acts_visited":["Exordium","TheCity"],"potions_floor_usage":[26],"damage_taken":[{"damage":0,"enemies":"Jaw Worm","floor":3,"turns":1},{"damage":0,"enemies":"Small Slimes","floor":4,"turns":1},{"damage":10,"enemies":"downfall:FleeingMerchant","floor":5,"turns":4},{"damage":0,"enemies":"Gremlin Nob","floor":8,"turns":2},{"damage":0,"enemies":"2 Louse","floor":9,"turns":1},{"damage":0,"enemies":"Exordium Thugs","floor":12,"turns":1},{"damage":0,"enemies":"downfall:FleeingMerchant","floor":14,"turns":3},{"damage":0,"enemies":"3 Louse","floor":15,"turns":3},{"damage":10,"enemies":"WA_ARCHETYPE_RETAIN","floor":16,"turns":4},{"damage":9,"enemies":"3 Byrds","floor":19,"turns":3},{"damage":10,"enemies":"Chosen","floor":22,"turns":3},{"damage":0,"enemies":"Sentry and Sphere","floor":23,"turns":3},{"damage":23,"enemies":"Slavers","floor":26,"turns":4},{"damage":0,"enemies":"Centurion and Healer","floor":28,"turns":2},{"damage":0,"enemies":"3 Cultists","floor":29,"turns":3},{"damage":7,"enemies":"Snecko","floor":30,"turns":3},{"damage":2,"enemies":"Cultist and Chosen","floor":31,"turns":2},{"damage":3,"enemies":"Chosen and Byrds","floor":32,"turns":4},{"damage":2,"enemies":"DF_ARCHETYPE_CLAW","floor":33,"turns":2}],"seed_played":"-8503441266542379127","potions_obtained":[{"floor":4,"key":"SteroidPotion"},{"floor":8,"key":"jedi:wingpotion"},{"floor":9,"key":"Weak Potion"},{"floor":19,"key":"champ:CounterPotion"},{"floor":26,"key":"Dexterity Potion"},{"floor":29,"key":"Swift Potion"}],"is_trial":true,"path_per_floor":["R","?","M","M","$","?","T","E","M","?","R","M","R","$","M","B",null,"R","M","$","?","M","M","T","AVR","E","?","M","M","M","M","M","B"],"character_chosen":"THE_CURSED","items_purchased":["TheCursedMod:SurpriseAttack","TheCursedMod:AshesToAshes","PrismaticShard","jedi:cryingmask","TheCursedMod:TacticalStrike"],"campfire_rested":0,"item_purchase_floors":[5,14,14,20,20],"current_hp_per_floor":[75,75,75,75,65,47,47,59,61,61,61,63,63,65,82,74,85,85,76,76,76,68,70,70,70,59,59,61,63,58,58,57,57,57],"gold":381,"neow_bonus":"","is_daily":false,"chose_seed":false,"campfire_upgraded":4,"win_rate":0.0,"timestamp":1611909462,"path_taken":["R","?","M","M","$","?","T","E","M","?","R","M","R","?","M","BOSS","R","M","$","?","M","M","T","AVR","E","?","?","?","M","M","M","BOSS"],"items_purchased_type":["Card","Card","Relic","Relic","Card"],"build_version":"2020-12-22","purchased_purges":3,"victory":false,"max_hp_per_floor":[75,75,75,75,75,75,75,85,85,85,85,85,85,85,85,85,85,85,85,85,85,85,85,85,85,85,85,85,85,85,85,85,85,85],"card_choices":[{"not_picked":["TheCursedMod:DarkBarrier","TheCursedMod:ForbiddenAlchemy"],"picked":"TheCursedMod:StunningStrike","floor":0},{"not_picked":["TheCursedMod:CircleOfFocus","TheCursedMod:TroublousMinions"],"picked":"TheCursedMod:FuryStrike","floor":0},{"not_picked":["TheCursedMod:EmpowerCircles","TheCursedMod:PrepareRite"],"picked":"TheCursedMod:Evocation","floor":0},{"not_picked":["TheCursedMod:SpreadPlague","TheCursedMod:AbyssShockwave"],"picked":"TheCursedMod:SpitefulPray","floor":0},{"not_picked":["TheCursedMod:CircleOfWindfury","TheCursedMod:SpreadPlague"],"picked":"TheCursedMod:FuryStrike","floor":0},{"not_picked":["TheCursedMod:Obscuration","TheCursedMod:Wield"],"picked":"TheCursedMod:CursedMace","floor":0},{"not_picked":["TheCursedMod:CircleOfCorruption","TheCursedMod:CursedAmulet"],"picked":"TheCursedMod:TacticalStrike","floor":0},{"not_picked":["TheCursedMod:CursedMace","TheCursedMod:RavingStaff"],"picked":"TheCursedMod:VitalStrike","floor":0},{"not_picked":["TheCursedMod:TacticalStrike","TheCursedMod:Wield"],"picked":"TheCursedMod:SurpriseAttack","floor":0},{"not_picked":["TheCursedMod:Torture","TheCursedMod:VitalStrike"],"picked":"TheCursedMod:WearCloak","floor":0},{"not_picked":["TheCursedMod:SpitefulStrike","TheCursedMod:SurpriseAttack"],"picked":"TheCursedMod:WearCloak","floor":0},{"not_picked":["TheCursedMod:VitalStrike","TheCursedMod:SpitefulStrike"],"picked":"TheCursedMod:WearCloak","floor":0},{"not_picked":["TheCursedMod:CircleOfCorruption","TheCursedMod:CursedMace"],"picked":"TheCursedMod:WearCloak","floor":0},{"not_picked":["TheCursedMod:CursedShiv","TheCursedMod:RavingStaff"],"picked":"TheCursedMod:TacticalStrike","floor":0},{"not_picked":["TheCursedMod:CircleOfFlame","TheCursedMod:CircleOfCorruption"],"picked":"TheCursedMod:TacticalStrike","floor":0},{"not_picked":["TheCursedMod:WearCloak","TheCursedMod:EmpowerCircles"],"picked":"TheCursedMod:CursedBoomerang","floor":3},{"not_picked":["TheCursedMod:Stretching","TheCursedMod:ReleasedStrength"],"picked":"TheCursedMod:Torture","floor":4},{"not_picked":["TheCursedMod:HellfireBreathing","TheCursedMod:CursedMace"],"picked":"TheCursedMod:SurpriseAttack","floor":5},{"not_picked":["hubris:InfiniteBlow+8","infinitespire:SealOfDarkness+"],"picked":"hubris:Fate","floor":6},{"not_picked":["TheCursedMod:PrepareRite","TheCursedMod:CircleOfFlame"],"picked":"TheCursedMod:SurpriseAttack","floor":8},{"not_picked":["TheCursedMod:TroublousMinions","TheCursedMod:HellfireBreathing","TheCursedMod:BlessingInDisguise"],"picked":"SKIP","floor":9},{"not_picked":["TheCursedMod:TacticalStrike","TheCursedMod:FleshFromBone"],"picked":"TheCursedMod:Torture","floor":12},{"not_picked":["TheCursedMod:UltimatePain","TheCursedMod:CursedShiv","TheCursedMod:ManaCirculation"],"picked":"SKIP","floor":14},{"not_picked":["hexamod:HeatMetal","Cloak And Dagger","sneckomod:UnknownCommonAttack"],"picked":"SKIP","floor":15},{"not_picked":["TheCursedMod:OutForBlood","Guardian:FastForward"],"picked":"hexamod:TimeOfNeed","floor":16},{"not_picked":["Dagger Throw+1","sneckomod:UnendingSupply"],"picked":"TheCursedMod:CircleOfWindfury","floor":19},{"not_picked":["hexamod:ShieldOfDarkness","bronze:Frontload"],"picked":"Blade Dance+1","floor":22},{"not_picked":["FollowUp","TheCursedMod:AshesToAshes","bronze:Turbo"],"picked":"SKIP","floor":23},{"not_picked":["sneckomod:UnknownStrength","DTMod:Feint+1"],"picked":"expansioncontent:QuickStudy","floor":26},{"not_picked":["SandsOfTime","Distraction"],"picked":"hermit:Glare","floor":28},{"not_picked":["Go for the Eyes","hermit:Quickdraw"],"picked":"TheCursedMod:CursedAmulet","floor":29},{"not_picked":["bronze:WildBeam","Guardian:Gem_Purple"],"picked":"hermit:EyeOfTheStorm","floor":30},{"not_picked":["Slimebound:ServeAndProtect","DTMod:QuickFly","Guardian:ShieldCharger"],"picked":"SKIP","floor":31},{"not_picked":["sneckomod:UnknownClassGUARDIAN","hierophant:DeathKnell"],"picked":"Jack Of All Trades","floor":32}],"player_experience":138080,"relics_obtained":[{"floor":7,"key":"Blood Vial"},{"floor":8,"key":"Pear"},{"floor":24,"key":"PreservedInsect"},{"floor":26,"key":"Omamori"}],"event_choices":[{"damage_healed":0,"gold_gain":200,"player_choice":"Gold","damage_taken":0,"max_hp_gain":0,"max_hp_loss":0,"event_name":"Wheel of Change","floor":27,"gold_loss":0}],"is_beta":false,"boss_relics":[{"not_picked":["bronze:MakeshiftBattery","Snecko Eye","Busted Crown"]}],"items_purged_floors":[5,14,25],"is_endless":false,"potions_floor_spawned":[4,8,9,19,23,26,29],"killed_by":"DF_ARCHETYPE_CLAW","ascension_level":0}}