{"host":"6xsbn6ynqlzwllfm","time":1611949415,"event":{"mods":["2.2 Compatiblity","BaseMod","Bestiary","Colored Map","Colored Powertips","Curses Come First","Highlight Path","Keyboard Shortcuts","Minty Spire (QoL Compilation)","Relic Stats","Slay the Relics Exporter","StSLib","SuperFastMode"],"gold_per_floor":[113,113,113,15,28,63,63,90,164,198,198,208,219,253,253,358,358,340,340,22,41,41,75,75,75],"floor_reached":24,"language":"ENG","playtime":1189,"items_purged":["Defend_P"],"score":414,"play_id":"2105c19f-765d-4a91-8611-76629d3e5001","local_time":"20210129144335","is_ascension_mode":true,"campfire_choices":[{"data":"Eruption","floor":7,"key":"SMITH"},{"floor":11,"key":"REST"},{"data":"Study","floor":15,"key":"SMITH"}],"circlet_count":0,"master_deck":["AscendersBane","Strike_P","Strike_P","Strike_P","Defend_P+1","Defend_P+1","Defend_P","Eruption+1","Vigilance","EmptyFist","EmptyBody","BowlingBash","EmptyFist","FlurryOfBlows","Conclude","Study+1","DeceiveReality","FlyingSleeves","SpiritShield","WheelKick+1","Necronomicurse","Wallop+1","Worship"],"relics":["PureWater","NeowsBlessing","Dream Catcher","White Beast Statue","Letter Opener","Lantern","Blue Candle","Snecko Eye","Necronomicon","Molten Egg 2","Boot"],"acts_visited":["Exordium","TheCity"],"potions_floor_usage":[8,14,16,16,18,23,24,24],"damage_taken":[{"damage":0,"enemies":"Jaw Worm","floor":1,"turns":1},{"damage":0,"enemies":"Small Slimes","floor":5,"turns":1},{"damage":0,"enemies":"3 Sentries","floor":6,"turns":1},{"damage":5,"enemies":"Lagavulin","floor":8,"turns":6},{"damage":35,"enemies":"Gremlin Nob","floor":10,"turns":5},{"damage":0,"enemies":"2 Louse","floor":12,"turns":2},{"damage":1,"enemies":"Blue Slaver","floor":13,"turns":3},{"damage":2,"enemies":"3 Sentries","floor":14,"turns":4},{"damage":2,"enemies":"Hexaghost","floor":16,"turns":7},{"damage":12,"enemies":"2 Thieves","floor":18,"turns":4},{"damage":0,"enemies":"3 Byrds","floor":21,"turns":4},{"damage":22,"enemies":"Gremlin Leader","floor":23,"turns":4},{"damage":10,"enemies":"Centurion and Healer","floor":24,"turns":1}],"seed_played":"6772334770210157339","potions_obtained":[{"floor":5,"key":"FearPotion"},{"floor":8,"key":"Weak Potion"},{"floor":10,"key":"SteroidPotion"},{"floor":12,"key":"EntropicBrew"},{"floor":13,"key":"Strength Potion"},{"floor":14,"key":"LiquidBronze"},{"floor":16,"key":"DuplicationPotion"},{"floor":18,"key":"Block Potion"},{"floor":21,"key":"LiquidMemories"},{"floor":23,"key":"PowerPotion"}],"is_trial":false,"path_per_floor":["M","?","?","$","M","E","R","E","T","E","R","M","M","E","R","B",null,"M","?","$","M","?","E","M"],"character_chosen":"WATCHER","items_purchased":["EmptyBody","Molten Egg 2","Wallop+1"],"campfire_rested":1,"item_purchase_floors":[4,20,20],"current_hp_per_floor":[65,51,44,44,44,44,44,39,39,4,25,25,24,22,22,20,59,47,31,31,31,31,9,0,0],"gold":75,"neow_bonus":"THREE_ENEMY_KILL","is_daily":false,"chose_seed":false,"campfire_upgraded":2,"win_rate":0.0,"timestamp":1611949415,"path_taken":["M","?","?","?","M","E","R","E","T","E","R","?","M","E","R","BOSS","M","?","$","M","?","E","M"],"items_purchased_type":["Card","Relic","Card"],"build_version":"2020-12-22","purchased_purges":1,"victory":false,"max_hp_per_floor":[72,72,72,72,72,72,72,72,72,72,72,72,72,72,72,72,72,72,72,72,72,72,72,72,72],"relic_stats":{"Dream Catcher":1,"counters":[13,43],"Blue Candle":[0],"Snecko Eye":[26,19,28,21],"Necronomicon":[9],"Letter Opener":[56],"Boot":[0],"obtain_stats":[{"Dream Catcher":6,"Lantern":10,"NeowsBlessing":0,"Blue Candle":14,"Snecko Eye":17,"Molten Egg 2":20,"Necronomicon":19,"Letter Opener":9,"PureWater":0,"Boot":23,"White Beast Statue":8},{"Dream Catcher":3,"Lantern":5,"NeowsBlessing":0,"Blue Candle":8,"Snecko Eye":9,"Molten Egg 2":10,"Necronomicon":10,"Letter Opener":4,"PureWater":0,"Boot":12,"White Beast Statue":4},{"Dream Catcher":3,"Lantern":14,"NeowsBlessing":0,"Blue Candle":23,"Snecko Eye":30,"Molten Egg 2":34,"Necronomicon":34,"Letter Opener":9,"PureWater":0,"Boot":42,"White Beast Statue":9}]},"card_choices":[{"not_picked":["CutThroughFate","Perseverance"],"picked":"EmptyFist","floor":1},{"not_picked":["FlurryOfBlows","Adaptation"],"picked":"BowlingBash","floor":5},{"not_picked":["SashWhip","SignatureMove"],"picked":"EmptyFist","floor":6},{"not_picked":["FollowUp","EmptyMind"],"picked":"FlurryOfBlows","floor":8},{"not_picked":["ClearTheMind","EmptyBody","ThirdEye"],"picked":"SKIP","floor":10},{"not_picked":["CrushJoints","SpiritShield"],"picked":"Conclude","floor":11},{"not_picked":["FollowUp","Crescendo"],"picked":"Study","floor":12},{"not_picked":["SashWhip","Wireheading"],"picked":"DeceiveReality","floor":13},{"not_picked":["FollowUp","ClearTheMind"],"picked":"FlyingSleeves","floor":14},{"not_picked":["ConjureBlade","Brilliance"],"picked":"SpiritShield","floor":16},{"not_picked":["FollowUp","WindmillStrike"],"picked":"WheelKick+1","floor":18},{"not_picked":["JustLucky+1","ReachHeaven+1"],"picked":"Worship","floor":21},{"not_picked":["DeceiveReality","MasterReality","SashWhip+1"],"picked":"SKIP","floor":23}],"player_experience":1221158,"relics_obtained":[{"floor":6,"key":"Dream Catcher"},{"floor":8,"key":"White Beast Statue"},{"floor":9,"key":"Letter Opener"},{"floor":10,"key":"Lantern"},{"floor":14,"key":"Blue Candle"},{"floor":19,"key":"Necronomicon"},{"floor":23,"key":"Boot"}],"event_choices":[{"damage_healed":0,"gold_gain":0,"player_choice":"Entered Light","damage_taken":14,"max_hp_gain":0,"max_hp_loss":0,"event_name":"Shining Light","floor":2,"gold_loss":0,"cards_upgraded":["Defend_P","Defend_P"]},{"cards_removed":["Strike_P"],"damage_healed":0,"gold_gain":0,"player_choice":"Card Removal","damage_taken":7,"max_hp_gain":0,"max_hp_loss":0,"event_name":"Golden Wing","floor":3,"gold_loss":0},{"damage_healed":0,"gold_gain":0,"player_choice":"Obtained Book","damage_taken":16,"max_hp_gain":0,"max_hp_loss":0,"event_name":"Cursed Tome","floor":19,"gold_loss":0},{"damage_healed":0,"gold_gain":0,"player_choice":"Ignored","damage_taken":0,"max_hp_gain":0,"max_hp_loss":0,"event_name":"The Mausoleum","floor":22,"gold_loss":0}],"is_beta":false,"boss_relics":[{"not_picked":["SlaversCollar","Tiny House"],"picked":"Snecko Eye"}],"items_purged_floors":[4],"is_endless":false,"potions_floor_spawned":[5,8,10,12,13,14,16,18,21,23],"killed_by":"Centurion and Healer","ascension_level":11}}