{"host":"xt86it2r6tj4p7je","time":1611901877,"event":{"mods":["Act Like it!","AlwaysNeverKeys","Aspiration","BaseMod","Better Altar","Better Match","Better Note","Better Sensory Stone","Better Skull","Better Third Choice","Card Forge","Clockwork Mod","Conspire","Defuse TimeMaze Blight","Downfall","Elementarium","Energized Spire","Friendly Minions","GifTheSpireLib","Hubris","Ironclad Rager","Key Reminder","Minty Spire (QoL Compilation)","StSLib","The Construct","The Cursed","The Hierophant","The Judge","The Witch","Uncapped","thorton"],"gold_per_floor":[99,111,129,54,54,70,96,123,23,38,23,42,58,58,76,180,180,80,97,112,212,212,112,112,128,128,128,143,157,182,282,297,401,401,401,426,426,75,95,106,106,119,119,119,138,138,151,179,190,190,190,222,130,130,130,130],"floor_reached":57,"language":"ENG","playtime":4269,"items_purged":[],"score":1273,"play_id":"47afda40-5a58-4d9b-add4-8e322bd4789d","local_time":"20210129013117","is_ascension_mode":false,"campfire_choices":[{"data":"champ:Taunt","floor":1,"key":"SMITH"},{"data":"champ:FanOfKnives","floor":9,"key":"SMITH"},{"floor":18,"key":"REST"},{"floor":23,"key":"REST"},{"floor":26,"key":"REST"},{"data":"champ:HeavySlash","floor":35,"key":"SMITH"},{"floor":43,"key":"REST"},{"floor":54,"key":"REST"}],"circlet_count":0,"master_deck":["champ:Strike+1","champ:Strike+1","champ:Strike+1","champ:Strike+1","champ:Defend+1","champ:Defend+1","champ:Defend+1","champ:Defend+1","champ:Execute+1","champ:Taunt+1","Demon Form+1","Infinite Blades+1","champ:PerfectedStrike+1","champ:PerfectedStrike+1","Mind Blast+1","champ:StanceDance+1","champ:FanOfKnives+1","champ:FlashCut+1","champ:Haymaker+1","champ:FlashCut+1","champ:RisingSlash+1","champ:Duel+1","champ:IgnorePain+1","champ:Shatter+1","champ:BerserkersShout+1","champ:Taunt+1","champ:StanceDance+1","champ:ShieldSlam+1","champ:CheapShot+1","Mind Blast+1","hubris:Envy","champ:BringItOn+1","champ:PreciseThrust+1","champ:Haymaker+1","champ:Backstep+1","champ:HeavySlash+1","champ:FaceSlap+1","champ:PreciseThrust+1","champ:PerfectedStrike+1","expansioncontent:DashGenerateEvil+1","expansioncontent:GuardianWhirl+1","champ:SetATrap+1","champ:GutPunch+1","champ:CalledShot+1","expansioncontent:AwakenDeath+1","expansioncontent:Chronoboost+1","expansioncontent:DashGenerateEvil+1","champ:FocusedDefense+1","champ:BringItOn+1","champ:DefensiveShout+1","expansioncontent:InvincibleStrength+1","expansioncontent:InvincibleStrength+1","expansioncontent:DashGenerateEvil+1","expansioncontent:StudyTheSpire+1","expansioncontent:LastStand+1","champ:UltimateStance+1","expansioncontent:YouAreMine+1"],"relics":["champ:ChampionCrown","Hammer of Thor","Seething Fire","Anvil of the Gods","Regal Pillow","hubris:Towel","champ:FightingForDummies","Lantern","downfall:HeartBlessingRed","Black Star","downfall:HeartBlessingGreen","downfall:GremlinSack","downfall:HeartBlessingBlue","Bronze Scales","construct:FoamFinger","conspire:BottledYoYo","champ:BlackKnightHelmet","Bottled Tornado","energizedSpire:SpiderWeb","Boot","Guardian:PocketSentry","Blood Vial","champ:BerserkersGuideToSlaughter","hubris:SphereOfDissonance","hubris:DeckOfHolding","aspiration:StickyExplosives_weak","hubris:SlimyHat","construct:BoolHorns"],"acts_visited":["Exordium","TheCity","TheBeyond","TheEnding"],"potions_floor_usage":[11,12,16,20,28,30,31,50,50,50],"damage_taken":[{"damage":0,"enemies":"conspire:RoseBush","floor":2,"turns":3},{"damage":0,"enemies":"Cultist","floor":3,"turns":3},{"damage":0,"enemies":"2 Louse","floor":6,"turns":2},{"damage":4,"enemies":"Exordium Wildlife","floor":10,"turns":2},{"damage":0,"enemies":"downfall:FleeingMerchant","floor":11,"turns":4},{"damage":7,"enemies":"Exordium Thugs","floor":12,"turns":3},{"damage":12,"enemies":"Blue Slaver","floor":13,"turns":2},{"damage":0,"enemies":"3 Louse","floor":15,"turns":2},{"damage":29,"enemies":"DF_ARCHETYPE_STREAMLINE","floor":16,"turns":6},{"damage":0,"enemies":"conspire:FuzzyDice","floor":19,"turns":4},{"damage":0,"enemies":"Shell Parasite","floor":20,"turns":3},{"damage":8,"enemies":"Shell Parasite","floor":21,"turns":3},{"damage":27,"enemies":"Snake Plant","floor":25,"turns":2},{"damage":9,"enemies":"Shelled Parasite and Fungi","floor":28,"turns":2},{"damage":0,"enemies":"Centurion and Healer","floor":29,"turns":3},{"damage":34,"enemies":"conspire:SneckoGhost","floor":30,"turns":4},{"damage":5,"enemies":"conspire:SneckoGhost","floor":31,"turns":6},{"damage":6,"enemies":"Snake Plant","floor":32,"turns":3},{"damage":34,"enemies":"WA_ARCHETYPE_CALM","floor":33,"turns":7},{"damage":23,"enemies":"conspire:MimicChest","floor":36,"turns":4},{"damage":10,"enemies":"downfall:FleeingMerchant","floor":38,"turns":5},{"damage":4,"enemies":"Orb Walker","floor":39,"turns":3},{"damage":12,"enemies":"3 Shapes","floor":40,"turns":5},{"damage":15,"enemies":"Spire Growth","floor":42,"turns":3},{"damage":32,"enemies":"3 Darklings","floor":45,"turns":4},{"damage":3,"enemies":"Maw","floor":47,"turns":5},{"damage":24,"enemies":"Reptomancer","floor":48,"turns":6},{"damage":0,"enemies":"4 Shapes","floor":49,"turns":5},{"damage":35,"enemies":"IC_BLOCK_ARCHETYPE","floor":50,"turns":5},{"damage":12,"enemies":"downfall:CharBossMerchant","floor":52,"turns":7},{"damage":20,"enemies":"downfall:NeowBoss","floor":55,"turns":13},{"damage":31,"enemies":"downfall:NeowBossFinal","floor":56,"turns":7}],"seed_played":"2270474727966982863","potions_obtained":[{"floor":3,"key":"Swift Potion"},{"floor":10,"key":"DuplicationPotion"},{"floor":15,"key":"Regen Potion"},{"floor":19,"key":"Fire Potion"},{"floor":22,"key":"DuplicationPotion"},{"floor":22,"key":"Dexterity Potion"},{"floor":22,"key":"hexamod:SoulburnPotion"},{"floor":25,"key":"FearPotion"},{"floor":29,"key":"FearPotion"},{"floor":32,"key":"champ:OpenerPotion"},{"floor":33,"key":"DuplicationPotion"},{"floor":40,"key":"Strength Potion"},{"floor":48,"key":"Block Potion"}],"is_trial":false,"path_per_floor":["R","M","M","?","?","M","T","T","R","M","$","M","M","?","M","B",null,"R","M","M","?","?","R","T","M","R","?","M","M","E","?","M","B",null,"R","?","?","$","M","M","T","M","R","?","M","?","M","E","M","B",null,"E","$","R","B","B",null],"character_chosen":"THE_CHAMP","items_purchased":["Blood Vial","champ:BerserkersGuideToSlaughter","champ:PerfectedStrike","FearPotion","expansioncontent:DashGenerateEvil","expansioncontent:GuardianWhirl","expansioncontent:YouAreMine"],"campfire_rested":5,"item_purchase_floors":[38,38,38,38,38,38,53],"current_hp_per_floor":[90,90,90,90,90,90,90,90,90,86,86,79,67,67,67,53,90,90,90,90,82,82,100,100,93,100,100,91,91,67,67,61,27,100,100,82,82,72,75,65,65,67,100,90,65,65,64,42,44,26,100,88,88,100,80,61],"gold":130,"neow_bonus":"RANDOM_COMMON_RELIC","is_daily":false,"chose_seed":false,"campfire_upgraded":3,"win_rate":0.0,"timestamp":1611901877,"path_taken":["R","M","M","?","?","?","T","?","R","M","$","M","M","?","M","BOSS","R","M","M","?","?","R","T","?","R","?","M","M","E","?","M","BOSS","R","?","?","$","M","M","T","M","R","?","M","?","M","E","M","BOSS","E","$","R","BOSS","BOSS"],"items_purchased_type":["Relic","Relic","Card","Potion","Card","Card","Card"],"build_version":"2020-12-22","purchased_purges":0,"victory":true,"max_hp_per_floor":[90,90,90,90,90,90,90,90,90,90,90,90,90,90,90,90,90,90,90,90,90,90,100,100,100,100,100,100,100,100,100,100,100,100,100,100,100,100,100,100,100,100,100,100,100,100,100,100,100,100,100,100,100,100,100,100],"card_choices":[{"not_picked":["champ:IronFortress","champ:FalseCounter"],"picked":"champ:PerfectedStrike","floor":2},{"not_picked":["champ:TornadoPunch","champ:PreciseThrust"],"picked":"champ:PerfectedStrike","floor":3},{"not_picked":["Discovery","Good Instincts"],"picked":"Mind Blast","floor":4},{"not_picked":["champ:Shatter","champ:EnGarde"],"picked":"champ:StanceDance","floor":4},{"not_picked":["champ:EnGarde","champ:Circumvent"],"picked":"champ:FanOfKnives","floor":6},{"not_picked":["champ:Duel","champ:HeartStrike"],"picked":"champ:FlashCut","floor":10},{"not_picked":["champ:RisingSlash","champ:Shatter"],"picked":"champ:Haymaker","floor":11},{"not_picked":["champ:BladeFlurry","champ:StanceDance"],"picked":"champ:FlashCut","floor":12},{"not_picked":["champ:DefensiveShout","champ:TornadoPunch"],"picked":"champ:RisingSlash","floor":13},{"not_picked":["champ:SkillfulDodge","champ:GutPunch"],"picked":"champ:Duel","floor":15},{"not_picked":["champ:SwordThrow","champ:HoldFirm"],"picked":"champ:IgnorePain","floor":16},{"not_picked":["champ:EndlessRage+1","champ:RecklessLeap"],"picked":"champ:Shatter+1","floor":19},{"not_picked":["champ:FanOfKnives","champ:SkillfulDodge"],"picked":"champ:BerserkersShout","floor":20},{"not_picked":["champ:RecklessLeap+1","champ:CalledShot"],"picked":"champ:BringItOn","floor":21},{"not_picked":["champ:RisingSlash","champ:RecklessLeap+1","champ:DefensiveShout"],"picked":"SKIP","floor":25},{"not_picked":["champ:Lariat","champ:Endure"],"picked":"champ:PreciseThrust+1","floor":28},{"not_picked":["champ:EndlessRage","champ:FocusedBerserking","champ:BladeFlurry"],"picked":"SKIP","floor":29},{"not_picked":["champ:BringItOn","champ:ArenaPreparation+1","champ:FocusedBerserking"],"picked":"SKIP","floor":30},{"not_picked":["champ:BerserkersShout","champ:TornadoPunch"],"picked":"champ:Haymaker","floor":31},{"not_picked":["champ:DeathBlow","champ:StanceDance"],"picked":"champ:Backstep+1","floor":32},{"not_picked":["champ:GladiatorForm","champ:SteelEdge"],"picked":"champ:HeavySlash","floor":33},{"not_picked":["champ:SetATrap","champ:StanceDance+1"],"picked":"champ:FaceSlap","floor":36},{"not_picked":["champ:Shatter","champ:TornadoPunch+1"],"picked":"champ:PreciseThrust+1","floor":38},{"not_picked":["champ:HeartStrike","champ:BerserkersShout"],"picked":"champ:SetATrap","floor":39},{"not_picked":["champ:CrookedStrike","champ:FanOfKnives+1"],"picked":"champ:GutPunch","floor":40},{"not_picked":["champ:Haymaker+1","champ:BladeFlurry+1"],"picked":"champ:CalledShot","floor":42},{"not_picked":["expansioncontent:InvincibleStrength","expansioncontent:Chronoboost"],"picked":"expansioncontent:AwakenDeath","floor":44},{"not_picked":["expansioncontent:DashGenerateEvil","expansioncontent:GuardianWhirl"],"picked":"expansioncontent:Chronoboost","floor":44},{"not_picked":["expansioncontent:InvincibleStrength","expansioncontent:DecaShield"],"picked":"expansioncontent:DashGenerateEvil","floor":44},{"not_picked":["champ:FlashCut+1","champ:BladeFlurry"],"picked":"champ:FocusedDefense+1","floor":45},{"not_picked":["champ:PreemptiveStrike","champ:EnGarde"],"picked":"champ:BringItOn+1","floor":47},{"not_picked":["champ:RisingSlash","champ:RapidStrikes","champ:Encircle+1"],"picked":"SKIP","floor":48},{"not_picked":["champ:Parry","champ:RecklessLeap+1"],"picked":"champ:DefensiveShout+1","floor":49},{"not_picked":["champ:EndlessRage+1","champ:ShieldSlam"],"picked":"champ:UltimateStance","floor":52}],"player_experience":248520,"relics_obtained":[{"floor":7,"key":"champ:FightingForDummies"},{"floor":8,"key":"Lantern"},{"floor":21,"key":"downfall:GremlinSack"},{"floor":24,"key":"Bronze Scales"},{"floor":30,"key":"construct:FoamFinger"},{"floor":30,"key":"conspire:BottledYoYo"},{"floor":31,"key":"champ:BlackKnightHelmet"},{"floor":31,"key":"Bottled Tornado"},{"floor":36,"key":"Boot"},{"floor":37,"key":"Guardian:PocketSentry"},{"floor":41,"key":"hubris:SphereOfDissonance"},{"floor":48,"key":"hubris:DeckOfHolding"},{"floor":48,"key":"aspiration:StickyExplosives_weak"},{"floor":52,"key":"hubris:SlimyHat"},{"floor":52,"key":"construct:BoolHorns"}],"event_choices":[{"damage_healed":0,"gold_gain":0,"player_choice":"1","damage_taken":0,"max_hp_gain":0,"max_hp_loss":0,"event_name":"betterMatch:BetterMatch","floor":4,"gold_loss":0,"cards_obtained":["betterMatch:ColorlessUncommonCard","betterMatch:CommonCard"]},{"damage_healed":0,"gold_gain":0,"player_choice":"Got Potions","damage_taken":0,"max_hp_gain":0,"max_hp_loss":0,"event_name":"Lab","floor":22,"gold_loss":0}],"is_beta":false,"boss_relics":[{"not_picked":["energizedSpire:DeadBattery","bronze:MakeshiftBattery"],"picked":"Black Star"},{"not_picked":["aspiration:SilentSkillbook","Busted Crown"],"picked":"energizedSpire:SpiderWeb"}],"items_purged_floors":[],"is_endless":false,"potions_floor_spawned":[3,10,15,19,25,29,32,33,40,47,48,49],"ascension_level":0}}