{"host":"vfg9szunmpjwj08o","time":1611953394,"event":{"mods":["Act Like it!","BaseMod","Challenge The Spire","Colored Map","Colored Powertips","Conspire","Dark Map","Minty Spire (QoL Compilation)","Relic Stats","StSLib","Waifu the Spire"],"gold_per_floor":[119,119,194,44,63,63,63,63],"floor_reached":7,"language":"ENG","playtime":322,"items_purged":["Strike_P"],"score":55,"play_id":"279d0d27-4d5f-431e-81c2-1249d7ff2671","local_time":"20210129214954","is_ascension_mode":true,"campfire_choices":[{"data":"Eruption","floor":6,"key":"SMITH"}],"circlet_count":0,"master_deck":["Strike_P","Strike_P","Strike_P","Defend_P","Defend_P","Defend_P","Defend_P","Eruption+1","Vigilance","Transmutation","JustLucky","Adaptation"],"relics":["PureWater","conspire:DeflatedDodgeball"],"acts_visited":["Exordium"],"potions_floor_usage":[],"damage_taken":[{"damage":1,"enemies":"Cultist","floor":1,"turns":4},{"damage":3,"enemies":"Jaw Worm","floor":5,"turns":5},{"damage":29,"enemies":"3 Sentries","floor":7,"turns":8}],"seed_played":"-5895242048744878017","potions_obtained":[{"floor":1,"key":"BlessingOfTheForge"}],"is_trial":false,"path_per_floor":["M","?","?","$","M","R","E"],"character_chosen":"WATCHER","items_purchased":["Adaptation"],"campfire_rested":0,"item_purchase_floors":[4],"current_hp_per_floor":[46,43,32,32,29,29,0,0],"gold":63,"neow_bonus":"RANDOM_COLORLESS_2","is_daily":false,"chose_seed":false,"campfire_upgraded":1,"win_rate":0.0,"timestamp":1611953394,"path_taken":["M","?","?","$","M","R","E"],"items_purchased_type":["Card"],"build_version":"2020-12-22","purchased_purges":1,"victory":false,"max_hp_per_floor":[72,72,72,72,72,72,72,72],"relic_stats":{"counters":[3,17],"obtain_stats":[{"PureWater":0,"conspire:DeflatedDodgeball":2},{"PureWater":0,"conspire:DeflatedDodgeball":1},{"PureWater":0,"conspire:DeflatedDodgeball":4}]},"card_choices":[{"not_picked":["Master of Strategy","The Bomb"],"picked":"Transmutation","floor":0},{"not_picked":["DeceiveReality","FearNoEvil"],"picked":"JustLucky","floor":1},{"not_picked":["CrushJoints","Swivel","ThirdEye"],"picked":"SKIP","floor":5}],"player_experience":1085993,"relics_obtained":[],"event_choices":[{"damage_healed":0,"gold_gain":0,"player_choice":"Success","damage_taken":3,"relics_obtained":["conspire:DeflatedDodgeball"],"max_hp_gain":0,"max_hp_loss":0,"event_name":"Scrap Ooze","floor":2,"gold_loss":0},{"damage_healed":0,"gold_gain":75,"player_choice":"Gather Gold","damage_taken":11,"max_hp_gain":0,"max_hp_loss":0,"event_name":"World of Goop","floor":3,"gold_loss":0}],"is_beta":false,"boss_relics":[],"items_purged_floors":[4],"is_endless":false,"potions_floor_spawned":[1],"killed_by":"3 Sentries","ascension_level":8}}