{"host":"or1kyy78tiubr3jv","time":1611957984,"event":{"mods":["2.2 Compatiblity","AchievementEnabler","BaseMod","Bestiary","Better Note","Better Third Choice","BetterRewards","Colored Map","Colored Powertips","DeckTracker","Downfall","Energized Spire","Highlight Path","Infinite Spire","Minty Spire (QoL Compilation)","Quick Restart","Relic Filter","Reworked Bosses","StSLib","The Cursed","The Runesmith","The Showman"],"gold_per_floor":[0,0,0,10,0,0,53,67,86,86,104,14,34,34,50,154,154,154,172,22,22,122,122,122,136,36,55,55,19,64,84,104,104,104,104],"floor_reached":33,"language":"ENG","playtime":2169,"items_purged":["bronze:Strike","bronze:Defend"],"score":284,"play_id":"ddba359d-3724-455c-b10c-10f53522ebc4","local_time":"20210129170624","is_ascension_mode":true,"campfire_choices":[{"data":"bronze:Replicate","floor":1,"key":"SMITH"},{"data":"bronze:Goto","floor":10,"key":"SMITH"},{"data":"bronze:InfiniteLoop","floor":18,"key":"SMITH"},{"floor":23,"key":"RECALL"},{"data":"bronze:ForceShield","floor":26,"key":"SMITH"},{"data":"bronze:Optimize","floor":28,"key":"SMITH"}],"circlet_count":0,"master_deck":["bronze:Defend","bronze:Defend","bronze:Replicate+1","bronze:Goto+1","bronze:Optimize","bronze:Terminator","bronze:Branch","bronze:Iterate","bronze:Constructor","bronze:ForceShield+1","bronze:InfiniteLoop+1","bronze:ClassDefault","bronze:ItsAFeature","bronze:Optimize+1","bronze:OilSpill+1","bronze:FineTuning","bronze:Boost","bronze:Iterate","bronze:DigitalCarnage+1","bronze:BronzeArmor"],"relics":["bronze:BronzeCore","infinitespire:Satchel","energizedSpire:DeadBattery","Turnip","Eternal Feather","downfall:HeartBlessingRed","Boot","Regal Pillow"],"acts_visited":["Exordium","TheCity"],"potions_floor_usage":[16,20,20,25],"damage_taken":[{"damage":0,"enemies":"downfall:FleeingMerchant","floor":3,"turns":4},{"damage":8,"enemies":"2 Louse","floor":4,"turns":2},{"damage":0,"enemies":"downfall:FleeingMerchant","floor":5,"turns":4},{"damage":0,"enemies":"Cultist","floor":8,"turns":2},{"damage":0,"enemies":"Small Slimes","floor":9,"turns":2},{"damage":10,"enemies":"3 Louse","floor":11,"turns":4},{"damage":7,"enemies":"downfall:FleeingMerchant","floor":12,"turns":4},{"damage":11,"enemies":"Blue Slaver","floor":13,"turns":3},{"damage":0,"enemies":"Exordium Wildlife","floor":15,"turns":3},{"damage":9,"enemies":"SI_SHIV_ARCHETYPE","floor":16,"turns":5},{"damage":4,"enemies":"Shell Parasite","floor":19,"turns":3},{"damage":0,"enemies":"downfall:FleeingMerchant","floor":20,"turns":4},{"damage":5,"enemies":"IC_STATUS_ARCHETYPE","floor":22,"turns":5},{"damage":9,"enemies":"3 Byrds","floor":25,"turns":5},{"damage":18,"enemies":"Centurion and Healer","floor":27,"turns":5},{"damage":0,"enemies":"downfall:FleeingMerchant","floor":29,"turns":1},{"damage":2,"enemies":"Snecko","floor":31,"turns":3},{"damage":31,"enemies":"Shelled Parasite and Fungi","floor":32,"turns":3},{"damage":33,"enemies":"WA_ARCHETYPE_CALM","floor":33,"turns":5}],"seed_played":"1751676260551829539","potions_obtained":[{"floor":4,"key":"DistilledChaos"},{"floor":11,"key":"Strength Potion"},{"floor":16,"key":"SkillPotion"},{"floor":19,"key":"sneckomod:MuddlingPotion"},{"floor":31,"key":"Dexterity Potion"}],"is_trial":false,"path_per_floor":["R","?","$","M","$","?","T","M","M","R","M","$","M","?","M","B",null,"R","M","$","?","?","R","T","M","R","M","R","$","T","M","M","B"],"character_chosen":"THE_AUTOMATON","items_purchased":["Fruit Juice","bronze:ItsAFeature","Boot","bronze:Boost","bronze:Iterate"],"campfire_rested":0,"item_purchase_floors":[20,20,29,29,29],"current_hp_per_floor":[70,70,70,62,62,62,62,62,62,62,52,45,34,34,34,25,70,70,66,71,71,66,75,75,66,75,57,66,66,66,64,33,0,0,0],"gold":104,"neow_bonus":"REMOVE_TWO","is_daily":false,"chose_seed":false,"campfire_upgraded":5,"win_rate":0.0,"timestamp":1611957984,"path_taken":["R","?","$","?","?","?","T","M","M","R","M","$","M","?","M","BOSS","R","M","$","?","?","R","T","M","R","M","R","$","?","M","M","BOSS"],"items_purchased_type":["Potion","Card","Relic","Card","Card"],"build_version":"2020-12-22","purchased_purges":2,"victory":false,"max_hp_per_floor":[70,70,70,70,70,70,70,70,70,70,70,70,70,70,70,70,70,70,70,75,75,75,75,75,75,75,75,75,75,75,75,75,75,75,75],"card_choices":[{"not_picked":["bronze:OilSpill","bronze:DelayedGuard"],"picked":"bronze:Terminator","floor":3},{"not_picked":["bronze:FineTuning","bronze:DelayedSlice"],"picked":"bronze:Branch","floor":4},{"not_picked":["bronze:Invalidate","bronze:Frontload"],"picked":"bronze:Iterate","floor":5},{"not_picked":["bronze:InfiniteBeams","bronze:Deprecate"],"picked":"bronze:Constructor","floor":8},{"not_picked":["bronze:DelayedGuard","bronze:Frontload","bronze:TinkerersToolbox"],"picked":"SKIP","floor":9},{"not_picked":["bronze:ChildClass","bronze:Turbo","bronze:DelayedSlice"],"picked":"SKIP","floor":11},{"not_picked":["bronze:WildBeam","bronze:ChosenStrike"],"picked":"bronze:ForceShield","floor":12},{"not_picked":["bronze:BuggyMess","bronze:WhirlingStrike","bronze:Overheat"],"picked":"SKIP","floor":13},{"not_picked":["bronze:OilSpill","bronze:Allocate","bronze:Backtrace"],"picked":"SKIP","floor":15},{"not_picked":["bronze:ShipIt","bronze:AlphaBuild"],"picked":"bronze:InfiniteLoop","floor":16},{"not_picked":["bronze:Overheat+1","bronze:Iterate"],"picked":"bronze:ClassDefault","floor":19},{"not_picked":["bronze:Safeguard","bronze:TinkerersToolbox","bronze:Branch+1"],"picked":"SKIP","floor":20},{"not_picked":["bronze:FineTuning","bronze:WhirlingStrike"],"picked":"bronze:Optimize","floor":22},{"not_picked":["bronze:TinkerersToolbox","bronze:BuggyMess","bronze:CutThrough"],"picked":"SKIP","floor":25},{"not_picked":["bronze:Repair","bronze:Shield+1"],"picked":"bronze:OilSpill+1","floor":27},{"not_picked":["bronze:ForceShield+1","bronze:CutThrough"],"picked":"bronze:FineTuning","floor":29},{"not_picked":["bronze:BuggyMess","bronze:ForLoop"],"picked":"bronze:DigitalCarnage+1","floor":31},{"not_picked":["bronze:BuggyMess","bronze:Terminator"],"picked":"bronze:BronzeArmor","floor":32}],"player_experience":575402,"relics_obtained":[{"floor":7,"key":"infinitespire:Satchel"},{"floor":22,"key":"Turnip"},{"floor":22,"key":"Eternal Feather"},{"floor":30,"key":"Regal Pillow"}],"event_choices":[{"damage_healed":0,"gold_gain":0,"player_choice":"Ignored","damage_taken":0,"max_hp_gain":0,"max_hp_loss":0,"event_name":"Ghosts","floor":21,"gold_loss":0}],"is_beta":false,"boss_relics":[{"not_picked":["expansioncontent:StudyCardRelic","Philosopher\u0027s Stone"],"picked":"energizedSpire:DeadBattery"}],"items_purged_floors":[12,29],"is_endless":false,"potions_floor_spawned":[4,11,16,19,31],"killed_by":"WA_ARCHETYPE_CALM","ascension_level":4}}