{"host":"gp3usc0dpezjueuv","time":1611914203,"event":{"mods":["Act Like it!","BaseMod","BetterRewards","CapriCore","Colored Powertips","Dota2Spire","HololiveMod","Jedi Mod","Minty Spire (QoL Compilation)","Quick Restart","Remove Card Discount Mod","Replay The Spire","Spicy Shops","StSLib","Swap Starting Deck Mod","The Alterego","WarShipGirlsR/??少女R mod","Yakumo Yukari mod","Youmu（魂魄妖?）"],"gold_per_floor":[84,95,108,108,126,158,158,176,176,201,216,9,22,52,52,153,153,172,7,23,23,23,51,51,85,139,139,157,157,157,182,182,285,285,299,311,80,80,11,11,37,50,50,67,96,109,136,150,150,150],"floor_reached":51,"language":"ZHS","playtime":1963,"items_purged":["Hololive_Defend","Hololive_Defend","Hololive_Strike","Hololive_Strike","Hololive_CallMinatoAqua","Hololive_CallShishiroBotan","Shame","Pain","Hololive_Strike","Hololive_Strike","Hololive_Defend","Hololive_Defend","Hololive_Sequa","Parasite"],"score":1292,"play_id":"1c77be16-92e8-47e9-93e4-623a061e6446","local_time":"20210129175643","is_ascension_mode":false,"campfire_choices":[{"data":"Hololive_StrengthChampion","floor":7,"key":"SMITH"},{"data":"Hololive_StrengthChampion+1","floor":15,"key":"SMITH"},{"data":"Hololive_StrengthChampion+2","floor":24,"key":"SMITH"},{"floor":27,"key":"REST"},{"data":"Hololive_StrengthChampion+3","floor":29,"key":"SMITH"},{"data":"Hololive_StrengthChampion+4","floor":32,"key":"SMITH"},{"data":"Hololive_CallDoris","floor":40,"key":"SMITH"},{"floor":49,"key":"DIG"}],"circlet_count":0,"master_deck":["Hololive_Rebound","Hololive_StrengthChampion+5","Hololive_CocoNews","Hololive_Trident","Hololive_FlyingPonyTail","Hololive_ManjiGathering+1","Hololive_Thief+1","Hololive_CocoNews","Hololive_StarCraft+1","Hololive_SoulCatcher+1","Dramatic Entrance","Hololive_OvertimeWork+1","Pot Of Greed+1","Pot Of Greed","Hololive_StrengthChampion+1","Hololive_DDD","AbeCurse","Hololive_CandyCastle","Hololive_CallDoris+1","Hololive_Thief+1","Hololive_Thief+1","Hololive_Trident+1"],"relics":["Hololive_TheStar","Hololive_OneManArmy","Pear","Sling","Anchor","Matryoshka","jedi:fakemustache","Replay:Ringing Soul","Replay:Rubber Ducky","Dota2Spire:Desolator","ReplayTheSpireMod:Lightbulb","Membership Card","jedi:heavyjacket","Guide Book","MealTicket","Ring of Chaos","Replay:Bottled Eggs","Frozen Eye","alterego_mod:SomeoneToFightFor","Dota2Spire:ArcaneBoots","Grinning Jar","Regal Pillow","Orichalcum","Singing Bowl","jedi:angrymask","Abe\u0027s Treasure","TheAbacus","Oddly Smooth Stone","Happy Flower","DollysMirror","War Paint","Quantum Egg","Blue Doll","Bag of Preparation","Art of War","Dota2Spire:Butterfly"],"acts_visited":["Exordium","TheCity","TheBeyond"],"potions_floor_usage":[8,44,50,50],"damage_taken":[{"damage":0,"enemies":"2 Louse","floor":1,"turns":2},{"damage":0,"enemies":"Jaw Worm","floor":2,"turns":2},{"damage":0,"enemies":"Cultist","floor":3,"turns":2},{"damage":0,"enemies":"2 Fungi Beasts","floor":5,"turns":2},{"damage":0,"enemies":"Replay:BlueRogue","floor":6,"turns":3},{"damage":0,"enemies":"Looter","floor":8,"turns":2},{"damage":0,"enemies":"Lagavulin","floor":10,"turns":2},{"damage":0,"enemies":"Blue Slaver","floor":11,"turns":2},{"damage":0,"enemies":"Lots of Slimes","floor":13,"turns":2},{"damage":0,"enemies":"3 Sentries","floor":14,"turns":3},{"damage":0,"enemies":"Fading Forest","floor":16,"turns":10},{"damage":0,"enemies":"Chosen","floor":18,"turns":2},{"damage":0,"enemies":"Shell Parasite","floor":20,"turns":2},{"damage":0,"enemies":"Slavers","floor":23,"turns":1},{"damage":0,"enemies":"Gremlin Leader","floor":25,"turns":1},{"damage":0,"enemies":"Snake Plant","floor":28,"turns":2},{"damage":0,"enemies":"Book of Stabbing","floor":31,"turns":2},{"damage":0,"enemies":"Collector","floor":33,"turns":5},{"damage":0,"enemies":"3 Darklings","floor":35,"turns":3},{"damage":0,"enemies":"Orb Walker","floor":36,"turns":1},{"damage":0,"enemies":"Giant Head","floor":41,"turns":2},{"damage":0,"enemies":"Spire Growth","floor":42,"turns":2},{"damage":0,"enemies":"Sphere and 2 Shapes","floor":44,"turns":2},{"damage":0,"enemies":"R_Hoarder","floor":45,"turns":2},{"damage":0,"enemies":"Maw","floor":46,"turns":2},{"damage":0,"enemies":"Giant Head","floor":47,"turns":2},{"damage":0,"enemies":"Writhing Mass","floor":48,"turns":1},{"damage":0,"enemies":"Replay:Hell Engine","floor":50,"turns":2}],"seed_played":"-6292905041618730970","potions_obtained":[{"floor":1,"key":"Toxic Potion"},{"floor":6,"key":"Fire Potion"},{"floor":8,"key":"BlessingOfTheForge"},{"floor":11,"key":"DuplicationPotion"},{"floor":13,"key":"PowerPotion"},{"floor":14,"key":"Energy Potion"},{"floor":44,"key":"Strength Potion"}],"is_trial":false,"path_per_floor":["M","M","M","?","M","E","R","M","T","E","M","$","M","E","R","B",null,"M","$","M","?","?","E","R","E","T","R","M","R","T","E","R","B",null,"M","M","$","?","$","R","E","M","T","M","E","M","E","M","R","B",null],"character_chosen":"Hololive_HololiveCharacter","items_purchased":["Pear","Sling","Hololive_CallMinatoAqua","Anchor","Matryoshka","Hololive_StrengthChampion","jedi:fakemustache","Hololive_CallShishiroBotan","Membership Card","jedi:heavyjacket","Guide Book","Replay:Bottled Eggs","Frozen Eye","Hololive_SoulCatcher+1","Dramatic Entrance","TheAbacus","Oddly Smooth Stone","Hololive_CallDoris","Happy Flower","DollysMirror","War Paint"],"campfire_rested":1,"item_purchase_floors":[0,0,0,0,0,0,0,0,12,12,12,19,19,19,19,37,37,37,37,39,39],"current_hp_per_floor":[37,37,37,37,37,37,37,40,40,43,43,54,57,57,57,60,60,60,63,66,66,54,54,54,57,57,74,77,77,77,79,79,82,85,88,90,93,96,96,96,98,100,100,103,105,107,109,111,111,111],"gold":150,"neow_bonus":"","is_daily":false,"chose_seed":false,"campfire_upgraded":6,"win_rate":0.0,"timestamp":1611914203,"path_taken":["M","M","M","?","M","E","R","M","T","E","M","?","M","E","R","BOSS","M","$","M","?","?","E","R","E","T","R","M","R","?","E","R","BOSS","M","M","$","?","$","R","E","?","T","M","E","M","E","M","R","BOSS"],"items_purchased_type":["Relic","Relic","Card","Relic","Relic","Card","Relic","Card","Relic","Relic","Relic","Relic","Relic","Card","Card","Relic","Relic","Card","Relic","Relic","Relic"],"build_version":"2020-12-22","purchased_purges":14,"victory":true,"max_hp_per_floor":[45,45,45,45,45,45,45,48,48,51,51,54,57,57,57,60,60,60,63,66,66,71,71,71,74,74,74,77,77,77,79,79,82,85,88,90,93,96,96,96,98,100,100,103,105,107,109,111,111,111],"card_choices":[{"not_picked":["Hololive_CallMoonaHoshinova","Hololive_Breathe","Hololive_RevenueBasedLive","Hololive_CallInugamiKorone"],"picked":"SKIP","floor":1},{"not_picked":["Hololive_Psychosis","Hololive_FlyingPonyTail","Hololive_RevenueBasedLive"],"picked":"Hololive_CocoNews","floor":2},{"not_picked":["Hololive_CallArtia","Hololive_IdolExercise","Hololive_CallShiranuiFlare"],"picked":"Hololive_Trident","floor":3},{"not_picked":["Hololive_Rebound","Hololive_Yoholoon","Hololive_CallAkaiHaato"],"picked":"Hololive_FlyingPonyTail","floor":5},{"not_picked":["Hololive_Rebound","Hololive_LuckPotion","Hololive_CallShirakamiFubuki","Hololive_CallShishiroBotan"],"picked":"SKIP","floor":6},{"not_picked":["Hololive_CallHoushouMarine","Hololive_CallShiranuiFlare","Hololive_CallTsunomakiWatame"],"picked":"Hololive_ManjiGathering","floor":8},{"not_picked":["Hololive_CallTokoyamiTowa","Hololive_Rebound","Hololive_CallMoonaHoshinova"],"picked":"Hololive_Thief","floor":10},{"not_picked":["Hololive_LuckPotion","Hololive_CallShishiroBotan","Hololive_CallAkaiHaato","Hololive_HuntDinosaur"],"picked":"SKIP","floor":11},{"not_picked":["Hololive_Trident","Hololive_Sequa","Hololive_Breathe"],"picked":"Hololive_CocoNews","floor":13},{"not_picked":["Hololive_Sequa","Hololive_DevilCharm","Hololive_CallAkiRosenthal","Hololive_CallHoushouMarine"],"picked":"SKIP","floor":14},{"not_picked":["Hololive_AWSL","Hololive_Recruit","Hololive_ScarfAndHalo"],"picked":"Hololive_StarCraft","floor":16},{"not_picked":["Hololive_Sequa+1","Hololive_CallMurasakiShion","Hololive_RevenueBasedLive","Hololive_Trident"],"picked":"SKIP","floor":18},{"not_picked":["Hololive_SummonFox","Hololive_CallAmaneKanata","Hololive_LuckPotion"],"picked":"Hololive_OvertimeWork+1","floor":20},{"not_picked":["Hololive_Rebound","Hololive_FlyingPonyTail","Hololive_Drill","Hololive_Nanodesu"],"picked":"SKIP","floor":23},{"not_picked":["Hololive_FlyingPonyTail","Hololive_CallOkamiMio","Hololive_CallDoris","Hololive_BeCareful"],"picked":"SKIP","floor":25},{"not_picked":["Hololive_Sequa","Hololive_CallOmaruPolka","Hololive_Psychosis"],"picked":"Hololive_StrengthChampion+1","floor":28},{"not_picked":["Hololive_CallOmaruPolka","Hololive_CallOkamiMio","Hololive_HuntDinosaur","Hololive_Psychosis"],"picked":"Singing Bowl","floor":31},{"not_picked":["Hololive_AWSL","Hololive_IdolExercise","Hololive_StarCraft"],"picked":"Hololive_DDD","floor":33},{"not_picked":["Hololive_OvertimeWork","Hololive_LuckPotion+1","Hololive_Rebound+1"],"picked":"Hololive_CandyCastle","floor":35},{"not_picked":["Hololive_OvertimeWork","Hololive_Trident","Hololive_CallAiraniIofifteen+1","Hololive_CallHoshimachiSuisei"],"picked":"Singing Bowl","floor":36},{"not_picked":["Hololive_Trident+1","Hololive_RevenueBasedLive+1","Hololive_OvertimeWork","Hololive_HuntDinosaur"],"picked":"Singing Bowl","floor":41},{"not_picked":["Hololive_AWSL","Hololive_HuntDinosaur","Hololive_CallShishiroBotan","Hololive_Rebound+1"],"picked":"Singing Bowl","floor":42},{"not_picked":["Hololive_LuckPotion","Hololive_OvertimeWork","Hololive_HuntDinosaur+1"],"picked":"Hololive_Trident+1","floor":44},{"not_picked":["Hololive_Breathe","Hololive_LuckPotion+1","Hololive_Rebound","Hololive_Drill+1"],"picked":"Singing Bowl","floor":45},{"not_picked":["Hololive_CallAkaiHaato+1","Hololive_CallShishiroBotan","Hololive_RevenueBasedLive+1","Hololive_BeCareful"],"picked":"Singing Bowl","floor":46},{"not_picked":["Hololive_CallYuzukiChoco+1","Hololive_Drill+1","Hololive_SummonFox+1","Hololive_Breathe"],"picked":"Singing Bowl","floor":47},{"not_picked":["Hololive_Drill+1","Hololive_Yoholoon+1","Hololive_Watashimo+1","Hololive_Rebound"],"picked":"Singing Bowl","floor":48}],"player_experience":508185,"relics_obtained":[{"floor":6,"key":"Replay:Ringing Soul"},{"floor":9,"key":"Replay:Rubber Ducky"},{"floor":9,"key":"Dota2Spire:Desolator"},{"floor":10,"key":"ReplayTheSpireMod:Lightbulb"},{"floor":14,"key":"MealTicket"},{"floor":23,"key":"Dota2Spire:ArcaneBoots"},{"floor":25,"key":"Grinning Jar"},{"floor":26,"key":"Regal Pillow"},{"floor":26,"key":"Orichalcum"},{"floor":30,"key":"Singing Bowl"},{"floor":31,"key":"jedi:angrymask"},{"floor":41,"key":"Quantum Egg"},{"floor":43,"key":"Blue Doll"},{"floor":45,"key":"Bag of Preparation"},{"floor":47,"key":"Art of War"},{"floor":49,"key":"Dota2Spire:Butterfly"}],"event_choices":[{"damage_healed":0,"gold_gain":0,"player_choice":"Ignored","damage_taken":0,"max_hp_gain":0,"max_hp_loss":0,"event_name":"Golden Wing","floor":4,"gold_loss":0},{"damage_healed":0,"gold_gain":0,"player_choice":"Choice 2","damage_taken":0,"relics_obtained":["alterego_mod:SomeoneToFightFor"],"max_hp_gain":0,"max_hp_loss":0,"event_name":"?的神圣花?","floor":21,"gold_loss":0},{"damage_healed":0,"gold_gain":0,"player_choice":"Shed Blood","damage_taken":17,"max_hp_gain":5,"max_hp_loss":0,"event_name":"Forgotten Altar","floor":22,"gold_loss":0},{"damage_healed":0,"gold_gain":0,"player_choice":"Copied","damage_taken":0,"max_hp_gain":0,"max_hp_loss":0,"event_name":"Duplicator","floor":38,"gold_loss":0,"cards_obtained":["Hololive_Thief"]}],"is_beta":false,"boss_relics":[{"not_picked":["Ectoplasm","SlaversCollar"],"picked":"Ring of Chaos"},{"not_picked":["Snecko Eye","Fusion Hammer"],"picked":"Abe\u0027s Treasure"}],"items_purged_floors":[0,0,0,0,12,12,12,19,19,19,19,37,37,39],"is_endless":false,"potions_floor_spawned":[1,6,8,11,13,14,18,25,31,41,42,44,46,47,48],"ascension_level":0}}