{"host":"zsnmfqgcm92hlreo","time":1611917547,"event":{"mods":["AchievementEnabler","BaseMod","Bestiary","Block Reminder","Colored Powertips","Minty Spire (QoL Compilation)","Permanent Neow","Quick Restart","Relic Stats","Weighted Paths"],"gold_per_floor":[114,129,198,298,313,343,343,43,43,43,43,43,43,58,58,158,158,173,173,23,38,62,101,101,140,165,180,204,204,234,234,234,343,343,367,391,391,400,424,424,424,454,479,494,533,533,8,35,35,35],"floor_reached":51,"language":"ENG","playtime":2149,"items_purged":["PiercingWail"],"score":1013,"play_id":"413e9905-84e6-41f5-8aea-3c65300c4781","local_time":"20210129045227","daily_mods":["Shiny","ControlledChaos","Lethality"],"is_ascension_mode":false,"campfire_choices":[{"floor":7.0,"key":"REST"},{"data":"Wraith Form v2","floor":10.0,"key":"SMITH"},{"data":"After Image","floor":12.0,"key":"SMITH"},{"data":"Glass Knife","floor":15.0,"key":"SMITH"},{"data":"Envenom","floor":24.0,"key":"SMITH"},{"data":"Adrenaline","floor":32.0,"key":"SMITH"},{"data":"Wraith Form v2","floor":40,"key":"SMITH"},{"data":"Malaise","floor":46,"key":"SMITH"},{"data":"Phantasmal Killer","floor":49,"key":"SMITH"}],"circlet_count":0,"master_deck":["Venomology","Corpse Explosion","Malaise+1","Phantasmal Killer+1","Die Die Die","Adrenaline+1","Envenom+1","Doppelganger","Burst","Wraith Form v2+1","Tools of the Trade","Night Terror","Unload","After Image+1","Bullet Time","Storm of Steel","Glass Knife+1","A Thousand Cuts","Cloak And Dagger","Acrobatics","Leg Sweep","Regret","Wraith Form v2+1","CurseOfTheBell","Terror","Blade Dance","Backstab","Backstab","Adrenaline","Acrobatics+1","Leg Sweep+1","Wraith Form v2+1","Caltrops+1","Crippling Poison+1","Dark Shackles+1","Jack Of All Trades+1","Madness+1"],"relics":["Ring of the Snake","Frozen Eye","Akabeko","Anchor","ClockworkSouvenir","Nunchaku","Meat on the Bone","Oddly Smooth Stone","Calling Bell","CeramicFish","Darkstone Periapt","Du-Vu Doll","MutagenicStrength","Sling","Regal Pillow","Toy Ornithopter","PreservedInsect","Prayer Wheel","Runic Dome","MealTicket","Snake Skull","Toxic Egg 2","Happy Flower","Orrery","Boot"],"acts_visited":["Exordium","TheCity","TheBeyond"],"potions_floor_usage":[33,50,50,50],"damage_taken":[{"damage":18.0,"enemies":"Jaw Worm","floor":1.0,"turns":4.0},{"damage":0.0,"enemies":"Small Slimes","floor":2.0,"turns":2.0},{"damage":0.0,"enemies":"Cultist","floor":5.0,"turns":2.0},{"damage":17.0,"enemies":"Gremlin Nob","floor":6.0,"turns":3.0},{"damage":2.0,"enemies":"Exordium Thugs","floor":14.0,"turns":3.0},{"damage":24.0,"enemies":"Hexaghost","floor":16.0,"turns":8.0},{"damage":2.0,"enemies":"2 Thieves","floor":18.0,"turns":4.0},{"damage":0.0,"enemies":"Spheric Guardian","floor":21.0,"turns":2.0},{"damage":18.0,"enemies":"Snecko","floor":22.0,"turns":3.0},{"damage":0.0,"enemies":"Slavers","floor":23.0,"turns":1.0},{"damage":0.0,"enemies":"Gremlin Leader","floor":25.0,"turns":4.0},{"damage":1.0,"enemies":"Cultist and Chosen","floor":27.0,"turns":2.0},{"damage":11.0,"enemies":"Shelled Parasite and Fungi","floor":28.0,"turns":4.0},{"damage":0.0,"enemies":"Slavers","floor":30.0,"turns":2.0},{"damage":0.0,"enemies":"Snake Plant","floor":31.0,"turns":1.0},{"damage":35,"enemies":"Champ","floor":33,"turns":10},{"damage":0,"enemies":"3 Darklings","floor":35,"turns":4},{"damage":0,"enemies":"3 Shapes","floor":36,"turns":1},{"damage":3,"enemies":"Spire Growth","floor":39,"turns":5},{"damage":0,"enemies":"Reptomancer","floor":42,"turns":3},{"damage":1,"enemies":"Transient","floor":44,"turns":5},{"damage":1,"enemies":"Giant Head","floor":45,"turns":7},{"damage":1,"enemies":"Awakened One","floor":50,"turns":8}],"seed_played":"1138922244981197753","potions_obtained":[{"floor":2.0,"key":"Dexterity Potion"},{"floor":6.0,"key":"Regen Potion"},{"floor":16.0,"key":"BlessingOfTheForge"},{"floor":22.0,"key":"SmokeBomb"},{"floor":23.0,"key":"Explosive Potion"},{"floor":35,"key":"CultistPotion"}],"is_trial":false,"path_per_floor":["M","M","?","?","M","E","R","$","T","R","T","R","?","M","R","B",null,"M","?","$","M","M","E","R","E","T","M","M","?","E","M","R","B",null,"M","M","?","?","M","R","?","E","T","M","E","R","$","?","R","B",null],"character_chosen":"THE_SILENT","items_purchased":["Anchor","ClockworkSouvenir","Sling","Happy Flower","Orrery","Boot"],"campfire_rested":1,"item_purchase_floors":[8,8,20,47,47,47],"current_hp_per_floor":[52,52,52,52,52,35,56,56,56,56,56,56,56,54,54,45,70,68,68,68,68,50,50,50,50,50,54,43,66,66,70,70,36,70,70,70,70,70,67,67,67,67,67,66,65,65,70,60,60,70],"gold":35,"neow_bonus":"","is_daily":true,"chose_seed":false,"campfire_upgraded":8,"win_rate":0.0,"timestamp":1611917547,"path_taken":["M","M","?","?","?","E","R","?","T","R","?","R","?","M","R","BOSS","M","?","$","M","M","E","R","E","T","M","M","?","E","M","R","BOSS","M","M","?","?","?","R","?","E","T","M","E","R","$","?","R","BOSS"],"items_purchased_type":["Relic","Relic","Relic","Relic","Relic","Relic"],"build_version":"2020-12-22","purchased_purges":1,"victory":true,"max_hp_per_floor":[70,70,70,70,70,70,70,70,70,70,70,70,70,70,70,70,70,70,70,70,70,70,70,70,70,70,70,70,70,70,70,70,70,70,70,70,70,70,70,70,70,70,70,70,70,70,70,70,70,70],"relic_stats":{"Darkstone Periapt":0,"Regal Pillow":0,"Happy Flower":[2],"counters":[23,88],"CeramicFish":117,"PreservedInsect":224,"Snake Skull":[32],"Boot":[0],"Nunchaku":[14],"Prayer Wheel":4,"MealTicket":5,"obtain_stats":[{"Darkstone Periapt":17,"Regal Pillow":23,"CeramicFish":17,"Snake Skull":43,"Sling":20,"Boot":47,"ClockworkSouvenir":8,"Frozen Eye":0,"Nunchaku":9,"Prayer Wheel":30,"MealTicket":42,"Toxic Egg 2":45,"Ring of the Snake":0,"Happy Flower":47,"Oddly Smooth Stone":13,"PreservedInsect":26,"Akabeko":6,"Calling Bell":17,"Du-Vu Doll":17,"Runic Dome":34,"Anchor":8,"MutagenicStrength":19,"Orrery":47,"Toy Ornithopter":25,"Meat on the Bone":11},{"Darkstone Periapt":6,"Regal Pillow":10,"CeramicFish":6,"Snake Skull":20,"Sling":7,"Boot":22,"ClockworkSouvenir":4,"Frozen Eye":0,"Nunchaku":4,"Prayer Wheel":14,"MealTicket":20,"Toxic Egg 2":22,"Ring of the Snake":0,"Happy Flower":22,"Oddly Smooth Stone":4,"PreservedInsect":11,"Akabeko":4,"Calling Bell":6,"Du-Vu Doll":6,"Runic Dome":16,"Anchor":4,"MutagenicStrength":7,"Orrery":22,"Toy Ornithopter":11,"Meat on the Bone":4},{"Darkstone Periapt":22,"Regal Pillow":32,"CeramicFish":22,"Snake Skull":68,"Sling":26,"Boot":80,"ClockworkSouvenir":11,"Frozen Eye":0,"Nunchaku":11,"Prayer Wheel":44,"MealTicket":68,"Toxic Egg 2":80,"Ring of the Snake":0,"Happy Flower":80,"Oddly Smooth Stone":11,"PreservedInsect":36,"Akabeko":11,"Calling Bell":22,"Du-Vu Doll":22,"Runic Dome":55,"Anchor":11,"MutagenicStrength":26,"Orrery":80,"Toy Ornithopter":36,"Meat on the Bone":11}],"Toy Ornithopter":21,"Ring of the Snake":[46],"Meat on the Bone":0},"card_choices":[{"not_picked":["Masterful Stab","Infinite Blades"],"picked":"Cloak And Dagger","floor":1.0},{"not_picked":["Slice","Endless Agony"],"picked":"Acrobatics","floor":2.0},{"not_picked":["Bane","Finisher"],"picked":"PiercingWail","floor":5.0},{"not_picked":["Quick Slash","Dodge and Roll"],"picked":"Leg Sweep","floor":6.0},{"not_picked":["Choke","Blade Dance","Bane"],"picked":"SKIP","floor":14.0},{"not_picked":["Storm of Steel","After Image"],"picked":"Wraith Form v2","floor":16.0},{"not_picked":["Deadly Poison","Deflect","Predator"],"picked":"SKIP","floor":18.0},{"not_picked":["Reflex","Slice+1","Tools of the Trade"],"picked":"SKIP","floor":21.0},{"not_picked":["Deflect","Prepared"],"picked":"Terror","floor":22.0},{"not_picked":["Catalyst","Distraction+1"],"picked":"Blade Dance","floor":23.0},{"not_picked":["Infinite Blades","Blade Dance"],"picked":"Backstab","floor":25.0},{"not_picked":["Dagger Spray","Sucker Punch","Bane+1"],"picked":"SKIP","floor":27.0},{"not_picked":["Blur","Bane"],"picked":"Backstab","floor":28.0},{"not_picked":["Choke","Quick Slash+1","Escape Plan"],"picked":"SKIP","floor":30.0},{"not_picked":["Envenom","Venomology"],"picked":"Adrenaline","floor":33},{"not_picked":["Flying Knee+1","Sucker Punch"],"picked":"Acrobatics+1","floor":35},{"not_picked":["Dodge and Roll+1","Phantasmal Killer","PiercingWail"],"picked":"SKIP","floor":35},{"not_picked":["Flying Knee","Accuracy+1"],"picked":"Leg Sweep+1","floor":36},{"not_picked":["Cloak And Dagger","Poisoned Stab","Dash"],"picked":"SKIP","floor":36},{"not_picked":["Underhanded Strike+1","Slice"],"picked":"Caltrops+1","floor":39},{"not_picked":["Quick Slash+1","Eviscerate+1","Envenom"],"picked":"SKIP","floor":39},{"not_picked":["Slice","Phantasmal Killer","Dagger Spray+1"],"picked":"SKIP","floor":42},{"not_picked":["Dash+1","Prepared+1","Choke+1"],"picked":"SKIP","floor":44},{"not_picked":["Accuracy+1","Terror+1","PiercingWail+1"],"picked":"SKIP","floor":44},{"not_picked":["Poisoned Stab","Sucker Punch+1"],"picked":"Crippling Poison+1","floor":45},{"not_picked":["PanicButton+1","Bandage Up+1"],"picked":"Dark Shackles+1","floor":48},{"not_picked":["Dark Shackles+1","Good Instincts+1"],"picked":"Jack Of All Trades+1","floor":48},{"not_picked":["Jack Of All Trades+1","Discovery+1"],"picked":"Madness+1","floor":48}],"player_experience":937370,"relics_obtained":[{"floor":6.0,"key":"Akabeko"},{"floor":9.0,"key":"Nunchaku"},{"floor":11.0,"key":"Meat on the Bone"},{"floor":17.0,"key":"CeramicFish"},{"floor":17.0,"key":"Darkstone Periapt"},{"floor":17.0,"key":"Du-Vu Doll"},{"floor":23.0,"key":"Regal Pillow"},{"floor":25.0,"key":"Toy Ornithopter"},{"floor":26.0,"key":"PreservedInsect"},{"floor":30.0,"key":"Prayer Wheel"},{"floor":42,"key":"MealTicket"},{"floor":43,"key":"Snake Skull"},{"floor":45,"key":"Toxic Egg 2"}],"event_choices":[{"damage_healed":0.0,"max_hp_gain":0.0,"max_hp_loss":0.0,"gold_gain":69.0,"event_name":"Golden Wing","player_choice":"Gained Gold","floor":3.0,"gold_loss":0.0,"damage_taken":0.0},{"damage_healed":0.0,"max_hp_gain":0.0,"max_hp_loss":0.0,"gold_gain":100.0,"event_name":"Wheel of Change","player_choice":"Gold","floor":4.0,"gold_loss":0.0,"damage_taken":0.0},{"damage_healed":0.0,"max_hp_gain":0.0,"max_hp_loss":0.0,"gold_gain":0.0,"event_name":"Big Fish","player_choice":"Box","floor":13.0,"gold_loss":0.0,"damage_taken":0.0,"relics_obtained":["Oddly Smooth Stone"],"cards_obtained":["Regret"]},{"damage_healed":0.0,"max_hp_gain":0.0,"max_hp_loss":0.0,"gold_gain":0.0,"event_name":"Drug Dealer","player_choice":"Inject Mutagens","floor":19.0,"gold_loss":0.0,"damage_taken":0.0,"relics_obtained":["MutagenicStrength"]},{"damage_healed":23.0,"max_hp_gain":0.0,"max_hp_loss":0.0,"gold_gain":0.0,"event_name":"The Library","player_choice":"Heal","floor":29.0,"gold_loss":0.0,"damage_taken":0.0},{"damage_healed":0,"gold_gain":0,"player_choice":"Ignored","damage_taken":0,"max_hp_gain":0,"max_hp_loss":0,"event_name":"Tomb of Lord Red Mask","floor":37,"gold_loss":0},{"damage_healed":0,"gold_gain":0,"player_choice":"Copied","damage_taken":0,"max_hp_gain":0,"max_hp_loss":0,"event_name":"Duplicator","floor":38,"gold_loss":0,"cards_obtained":["Wraith Form v2"]},{"cards_removed":["Grand Finale"],"damage_healed":0,"gold_gain":0,"player_choice":"Removed Attack","damage_taken":0,"max_hp_gain":0,"max_hp_loss":0,"event_name":"Falling","floor":41,"gold_loss":0},{"damage_healed":0,"gold_gain":0,"player_choice":"Memory 3","damage_taken":10,"max_hp_gain":0,"max_hp_loss":0,"event_name":"SensoryStone","floor":48,"gold_loss":0}],"is_beta":false,"boss_relics":[{"not_picked":["Ring of the Serpent","WristBlade"],"picked":"Calling Bell"},{"not_picked":["Empty Cage","Tiny House"],"picked":"Runic Dome"}],"items_purged_floors":[47],"is_endless":false,"potions_floor_spawned":[2,6,16,22,23,27,30,35,39,44],"ascension_level":0}}