{"host":"0kk91h4bq4kgfj0u","time":1611930619,"event":{"mods":["BaseMod","Minty Spire (QoL Compilation)","StSLib"],"gold_per_floor":[116,130,130,205,225,251,251,251,274,274,274,13,43,62,62,167,167,183,183,194,209,209,209,209],"floor_reached":23,"language":"ENG","playtime":967,"items_purged":[],"score":274,"play_id":"8d3c758d-acd1-4e67-a0ef-01563d249b8d","local_time":"20210129093019","is_ascension_mode":true,"campfire_choices":[{"floor":7,"key":"REST"},{"floor":10,"key":"REST"},{"floor":15,"key":"REST"}],"circlet_count":0,"master_deck":["Strike_G+1","Strike_G","Strike_G","Strike_G","Strike_G","Defend_G+1","Defend_G","Defend_G","Defend_G","Defend_G+1","Survivor+1","Neutralize","Blade Dance","Flying Knee","Heel Hook","Footwork","Infinite Blades","Cloak And Dagger","Envenom","CurseOfTheBell","Deflect","Dash+1","Blade Dance+1","Writhe"],"relics":["Ring of the Snake","Lantern","Happy Flower","The Courier","Pear","War Paint","Calling Bell","Orichalcum","Frozen Egg 2","TungstenRod","Omamori"],"acts_visited":["Exordium","TheCity"],"potions_floor_usage":[6,23,23],"damage_taken":[{"damage":1,"enemies":"Jaw Worm","floor":1,"turns":5},{"damage":3,"enemies":"2 Louse","floor":2,"turns":3},{"damage":0,"enemies":"Small Slimes","floor":5,"turns":2},{"damage":32,"enemies":"Gremlin Nob","floor":6,"turns":4},{"damage":30,"enemies":"Lagavulin","floor":13,"turns":7},{"damage":2,"enemies":"Red Slaver","floor":14,"turns":4},{"damage":50,"enemies":"The Guardian","floor":16,"turns":14},{"damage":13,"enemies":"Shell Parasite","floor":18,"turns":8},{"damage":6,"enemies":"Chosen","floor":20,"turns":5},{"damage":20,"enemies":"3 Cultists","floor":21,"turns":8},{"damage":36,"enemies":"Cultist and Chosen","floor":23,"turns":7}],"seed_played":"3676729996931204408","potions_obtained":[{"floor":1,"key":"AttackPotion"},{"floor":2,"key":"ColorlessPotion"},{"floor":16,"key":"DuplicationPotion"},{"floor":21,"key":"Explosive Potion"}],"is_trial":false,"path_per_floor":["M","M","?","?","M","E","R","?","T","R","T","$","E","M","R","B",null,"M","?","M","M","?","M"],"character_chosen":"THE_SILENT","items_purchased":["Pear","Infinite Blades"],"campfire_rested":3,"item_purchase_floors":[12,12],"current_hp_per_floor":[76,73,58,47,47,15,38,38,38,61,61,71,41,39,65,15,69,56,61,55,35,35,0,0],"gold":209,"neow_bonus":"TEN_PERCENT_HP_BONUS","is_daily":false,"chose_seed":false,"campfire_upgraded":0,"win_rate":0.0,"timestamp":1611930619,"path_taken":["M","M","?","?","M","E","R","?","T","R","?","?","E","M","R","BOSS","M","?","M","?","?","M"],"items_purchased_type":["Relic","Card"],"build_version":"2020-12-22","purchased_purges":0,"victory":false,"max_hp_per_floor":[77,77,77,77,77,77,77,77,77,77,77,87,87,87,87,87,87,87,87,87,87,87,87,87],"card_choices":[{"not_picked":["Well Laid Plans","Eviscerate"],"picked":"Blade Dance","floor":1},{"not_picked":["Backstab","PiercingWail"],"picked":"Flying Knee","floor":2},{"not_picked":["Prepared","Outmaneuver"],"picked":"Heel Hook","floor":5},{"not_picked":["Dash","Burst"],"picked":"Footwork","floor":6},{"not_picked":["Crippling Poison","Slice"],"picked":"Cloak And Dagger","floor":13},{"not_picked":["Dagger Throw","Endless Agony"],"picked":"Quick Slash","floor":14},{"not_picked":["Tools of the Trade","Wraith Form v2"],"picked":"Envenom","floor":16},{"not_picked":["Flying Knee","Concentrate"],"picked":"Deflect","floor":18},{"not_picked":["Slice","Leg Sweep"],"picked":"Dash+1","floor":20},{"not_picked":["Sucker Punch","Deadly Poison"],"picked":"Blade Dance+1","floor":21}],"player_experience":822729,"relics_obtained":[{"floor":6,"key":"Lantern"},{"floor":9,"key":"Happy Flower"},{"floor":11,"key":"The Courier"},{"floor":13,"key":"War Paint"},{"floor":17,"key":"Orichalcum"},{"floor":17,"key":"Frozen Egg 2"},{"floor":17,"key":"TungstenRod"}],"event_choices":[{"damage_healed":0,"gold_gain":0,"player_choice":"Entered Light","damage_taken":15,"max_hp_gain":0,"max_hp_loss":0,"event_name":"Shining Light","floor":3,"gold_loss":0,"cards_upgraded":["Defend_G","Strike_G"]},{"damage_healed":0,"gold_gain":75,"player_choice":"Gather Gold","damage_taken":11,"max_hp_gain":0,"max_hp_loss":0,"event_name":"World of Goop","floor":4,"gold_loss":0},{"damage_healed":0,"gold_gain":0,"player_choice":"Ignored","damage_taken":0,"max_hp_gain":0,"max_hp_loss":0,"event_name":"Liars Game","floor":8,"gold_loss":0},{"cards_removed":["Quick Slash"],"damage_healed":5,"gold_gain":0,"player_choice":"Offered Common","damage_taken":0,"max_hp_gain":0,"max_hp_loss":0,"event_name":"Bonfire Elementals","floor":19,"gold_loss":0},{"cards_removed":["Quick Slash"],"damage_healed":5,"gold_gain":0,"player_choice":"Offered Special","damage_taken":0,"max_hp_gain":0,"max_hp_loss":0,"event_name":"Bonfire Elementals","floor":19,"gold_loss":0},{"damage_healed":0,"gold_gain":0,"player_choice":"Opened","damage_taken":0,"relics_obtained":["Omamori"],"max_hp_gain":0,"max_hp_loss":0,"event_name":"The Mausoleum","floor":22,"gold_loss":0,"cards_obtained":["Writhe"]}],"is_beta":false,"boss_relics":[{"not_picked":["SacredBark","Sozu"],"picked":"Calling Bell"}],"items_purged_floors":[],"is_endless":false,"potions_floor_spawned":[1,2,16,21],"killed_by":"Cultist and Chosen","ascension_level":5}}