{"host":"Sylvester","time":1611905793,"event":{"mods":["BaseMod","Colored Map","Minty Spire (QoL Compilation)","Replay The Spire","StSLib","The Cursed"],"gold_per_floor":[116,116,136,156,156,191,191,202,202,202,202,234,248,267,267,365,365,375,375,387,327,343,372,372,372],"floor_reached":24,"language":"ENG","playtime":1165,"items_purged":[],"score":228,"play_id":"652c5280-3953-46ed-ada5-f0f2d01b27a7","local_time":"20210128233633","is_ascension_mode":false,"campfire_choices":[{"data":"TheCursedMod:CursedStaff","floor":7,"key":"SMITH"},{"data":"TheCursedMod:Grudge","floor":10,"key":"SMITH"}],"circlet_count":0,"master_deck":["TheCursedMod:Strike_TheCursed","TheCursedMod:Defend_TheCursed","TheCursedMod:Defend_TheCursed","TheCursedMod:Defend_TheCursed","TheCursedMod:Defend_TheCursed","TheCursedMod:CursedWand","TheCursedMod:CleanUpWorkshop","TheCursedMod:Dregs","TheCursedMod:CursedStaff+1","TheCursedMod:FuryStrike","TheCursedMod:AbyssShockwave+1","TheCursedMod:HellsGateOpen","TheCursedMod:Grudge+1","TheCursedMod:RapidMovement","TheCursedMod:CursedBlade+1","TheCursedMod:Neurasthenia+1","TheCursedMod:SpitefulStrike","TheCursedMod:EmpowerCircles","TheCursedMod:CircleOfWindfury","TheCursedMod:Evocation+1"],"relics":["TheCursedMod:BlackMagic101","NeowsBlessing","Potion Belt","Toy Ornithopter","Replay:Accelerometer","Cursed Key","Replay:Bottled Steam"],"acts_visited":["Exordium","TheCity"],"potions_floor_usage":[16,16],"damage_taken":[{"damage":0,"enemies":"Cultist","floor":1,"turns":1},{"damage":0,"enemies":"2 Louse","floor":3,"turns":1},{"damage":0,"enemies":"Jaw Worm","floor":4,"turns":1},{"damage":16,"enemies":"Replay:BlueRogue","floor":6,"turns":4},{"damage":5,"enemies":"Lots of Slimes","floor":8,"turns":2},{"damage":14,"enemies":"3 Sentries","floor":12,"turns":5},{"damage":4,"enemies":"Exordium Wildlife","floor":13,"turns":3},{"damage":13,"enemies":"Exordium Thugs","floor":14,"turns":2},{"damage":35,"enemies":"Fading Forest","floor":16,"turns":11},{"damage":10,"enemies":"3 Byrds","floor":18,"turns":5},{"damage":2,"enemies":"Spheric Guardian","floor":20,"turns":3},{"damage":0,"enemies":"Cultist and Chosen","floor":22,"turns":6},{"damage":50,"enemies":"Book of Stabbing","floor":23,"turns":6},{"damage":15,"enemies":"Snecko","floor":24,"turns":3}],"seed_played":"-5426415556647610741","potions_obtained":[{"floor":1,"key":"Dexterity Potion"},{"floor":6,"key":"SpeedPotion"},{"floor":8,"key":"LiquidBronze"},{"floor":14,"key":"Death Potion"},{"floor":22,"key":"BlessingOfTheForge"}],"is_trial":false,"path_per_floor":["M","?","M","M","$","E","R","M","T","R","?","E","M","M","R_BF","B",null,"M","?","M","?","M","E","M"],"character_chosen":"THE_CURSED","items_purchased":[],"campfire_rested":0,"item_purchase_floors":[],"current_hp_per_floor":[75,75,75,75,75,59,59,54,54,54,54,40,36,23,45,20,75,65,65,63,63,63,13,0,0],"gold":372,"neow_bonus":"THREE_ENEMY_KILL","is_daily":false,"chose_seed":false,"campfire_upgraded":2,"win_rate":0.0,"timestamp":1611905793,"path_taken":["M","?","M","?","$","E","R","M","T","R","?","E","?","M","R_BF","BOSS","M","?","?","?","M","E","M"],"items_purchased_type":[],"build_version":"2020-11-17","purchased_purges":0,"victory":false,"max_hp_per_floor":[75,75,75,75,75,75,75,75,75,75,75,75,75,75,75,75,75,75,75,75,75,75,75,75,75],"card_choices":[{"not_picked":["TheCursedMod:SaltUponWound","TheCursedMod:WearCloak"],"picked":"TheCursedMod:CursedStaff","floor":1},{"not_picked":["TheCursedMod:TacticalStrike","TheCursedMod:CursedShiv"],"picked":"TheCursedMod:FuryStrike","floor":3},{"not_picked":["TheCursedMod:SaltUponWound","TheCursedMod:ReleasedStrength"],"picked":"TheCursedMod:AbyssShockwave","floor":4},{"not_picked":["TheCursedMod:CursedAmulet","TheCursedMod:RapidMovement"],"picked":"TheCursedMod:HellsGateOpen","floor":6},{"not_picked":["TheCursedMod:WearCloak","TheCursedMod:CircleOfWindfury"],"picked":"TheCursedMod:Grudge","floor":8},{"not_picked":["TheCursedMod:CircleOfWindfury","TheCursedMod:CursedBoomerang"],"picked":"TheCursedMod:RapidMovement","floor":12},{"not_picked":["TheCursedMod:Hemoplague","TheCursedMod:Torture"],"picked":"TheCursedMod:CursedBlade","floor":13},{"not_picked":["TheCursedMod:Torture","TheCursedMod:CursedMace","TheCursedMod:SpitefulStrike"],"picked":"SKIP","floor":14},{"not_picked":["TheCursedMod:CollectTribute","TheCursedMod:AntiAging"],"picked":"TheCursedMod:Neurasthenia","floor":16},{"not_picked":["TheCursedMod:SurpriseAttack","TheCursedMod:Obscuration","TheCursedMod:HellfireBreathing"],"picked":"SKIP","floor":18},{"not_picked":["TheCursedMod:Stigma+1","TheCursedMod:CircleOfFlame+1"],"picked":"TheCursedMod:SpitefulStrike","floor":20},{"not_picked":["TheCursedMod:TroublousMinions","TheCursedMod:CursedBoomerang","TheCursedMod:CursedShiv"],"picked":"SKIP","floor":22},{"not_picked":["TheCursedMod:WearCloak","TheCursedMod:VitalStrike"],"picked":"TheCursedMod:Evocation+1","floor":23}],"player_experience":161241,"relics_obtained":[{"floor":6,"key":"Potion Belt"},{"floor":9,"key":"Toy Ornithopter"},{"floor":12,"key":"Replay:Accelerometer"},{"floor":23,"key":"Replay:Bottled Steam"}],"event_choices":[{"cards_removed":["TheCursedMod:Strike_TheCursed"],"damage_healed":0,"gold_gain":0,"player_choice":"Offered Basic","damage_taken":0,"max_hp_gain":0,"max_hp_loss":0,"event_name":"Bonfire Elementals","floor":2,"gold_loss":0},{"damage_healed":0,"gold_gain":0,"player_choice":"Forge","damage_taken":0,"max_hp_gain":0,"max_hp_loss":0,"event_name":"Accursed Blacksmith","floor":11,"gold_loss":0,"cards_upgraded":["TheCursedMod:AbyssShockwave"]},{"damage_healed":0,"gold_gain":0,"player_choice":"Upgraded","damage_taken":0,"max_hp_gain":0,"max_hp_loss":0,"event_name":"Upgrade Shrine","floor":19,"gold_loss":0,"cards_upgraded":["TheCursedMod:Neurasthenia"]},{"damage_healed":0,"gold_gain":0,"cards_transformed":["TheCursedMod:Strike_TheCursed","TheCursedMod:Strike_TheCursed"],"player_choice":"Transformed Cards","damage_taken":0,"max_hp_gain":0,"max_hp_loss":0,"event_name":"Designer","floor":21,"gold_loss":60,"cards_obtained":["TheCursedMod:EmpowerCircles","TheCursedMod:CircleOfWindfury"]}],"is_beta":true,"boss_relics":[{"not_picked":["Ring of Chaos","TheCursedMod:FourLeafCloverCharm"],"picked":"Cursed Key"}],"items_purged_floors":[],"is_endless":false,"potions_floor_spawned":[1,6,8,14,22],"killed_by":"Snecko","ascension_level":0}}