{"host":"zk71suw73lg2r165","time":1611933061,"event":{"mods":["BaseMod","Colored Map","Minty Spire (QoL Compilation)","Permanent Neow","Relic Stats","StSLib"],"gold_per_floor":[109,123,123,134,154,187,187,187,187],"floor_reached":8,"language":"ENG","playtime":244,"items_purged":[],"score":116,"play_id":"6c8f9870-ddec-4f4a-a6de-00bd92d10c68","local_time":"20210129101101","is_ascension_mode":true,"campfire_choices":[{"floor":7,"key":"REST"}],"circlet_count":0,"master_deck":["AscendersBane","Strike_B","Strike_B","Strike_B","Strike_B","Defend_B","Defend_B","Defend_B","Defend_B","Zap","Dualcast","Seek","Steam","Ball Lightning","Go for the Eyes","Reinforced Body","Defragment"],"relics":["Cracked Core","Bag of Preparation"],"acts_visited":["Exordium"],"potions_floor_usage":[8],"damage_taken":[{"damage":1,"enemies":"Cultist","floor":1,"turns":3},{"damage":3,"enemies":"Small Slimes","floor":2,"turns":3},{"damage":1,"enemies":"Jaw Worm","floor":4,"turns":3},{"damage":7,"enemies":"2 Fungi Beasts","floor":5,"turns":3},{"damage":50,"enemies":"3 Sentries","floor":6,"turns":8},{"damage":24,"enemies":"Gremlin Nob","floor":8,"turns":3}],"seed_played":"6910443345404407557","potions_obtained":[{"floor":1,"key":"FearPotion"},{"floor":3,"key":"PotionOfCapacity"},{"floor":3,"key":"EssenceOfSteel"}],"is_trial":false,"path_per_floor":["M","M","?","M","M","E","R","E"],"character_chosen":"DEFECT","items_purchased":[],"campfire_rested":1,"item_purchase_floors":[],"current_hp_per_floor":[63,60,60,59,52,2,21,0,0],"gold":187,"neow_bonus":"THREE_RARE_CARDS","is_daily":false,"chose_seed":false,"campfire_upgraded":0,"win_rate":0.0,"timestamp":1611933061,"path_taken":["M","?","?","M","?","E","R","E"],"items_purchased_type":[],"build_version":"2020-12-22","purchased_purges":0,"victory":false,"max_hp_per_floor":[64,64,64,64,64,64,64,64,64],"relic_stats":{"counters":[6,23],"Bag of Preparation":[2],"obtain_stats":[{"Bag of Preparation":6,"Cracked Core":0},{"Bag of Preparation":5,"Cracked Core":0},{"Bag of Preparation":20,"Cracked Core":0}]},"card_choices":[{"not_picked":["Meteor Strike","Amplify"],"picked":"Seek","floor":0},{"not_picked":["Fusion","Blizzard"],"picked":"Steam","floor":1},{"not_picked":["Heatsinks","Rebound"],"picked":"Ball Lightning","floor":2},{"not_picked":["Blizzard","Beam Cell"],"picked":"Go for the Eyes","floor":4},{"not_picked":["Leap","Beam Cell"],"picked":"Reinforced Body","floor":5},{"not_picked":["Steam","Aggregate"],"picked":"Defragment","floor":6}],"player_experience":1417892,"relics_obtained":[{"floor":6,"key":"Bag of Preparation"}],"event_choices":[{"damage_healed":0,"gold_gain":0,"player_choice":"Got Potions","damage_taken":0,"max_hp_gain":0,"max_hp_loss":0,"event_name":"Lab","floor":3,"gold_loss":0}],"is_beta":false,"boss_relics":[],"items_purged_floors":[],"is_endless":false,"potions_floor_spawned":[1,4],"killed_by":"Gremlin Nob","ascension_level":20}}