{"host":"36zn1fhase90d3ns","time":1611914967,"event":{"mods":["2.2 Compatiblity","AchievementEnabler","Act Like it!","Aspiration","BaseMod","BetterRewards","Block Reminder","Colored Map","Colored Powertips","Conspire","Curses Come First","Custom Start","Energized Spire","Friendly Minions","Halation","Hermit","Hubris","Minty Spire (QoL Compilation)","Prisma Mod","Quick Restart","Relic Sorter","Replay The Spire","Shade Mod","Spicy Shops","StSLib","The Necromancer","Unceasing Turn Reminder","Yohane!"],"gold_per_floor":[109,109,109,22,22,53,53,82,82,97,128,128,144,158,158,263,263,275,375,70,87,101,101,101,101,127,127,2,31,31,31,31],"floor_reached":31,"language":"ENG","playtime":1607,"items_purged":["Injury","Strike_G","Strike_G"],"score":424,"play_id":"52ac612b-1d64-4c04-bf24-ddafd4b2da6d","local_time":"20210129040927","is_ascension_mode":true,"campfire_choices":[{"floor":15,"key":"REST"},{"floor":23,"key":"REST"},{"data":"Survivor","floor":25,"key":"SMITH"},{"data":"Cloak And Dagger","floor":27,"key":"SMITH"}],"circlet_count":0,"master_deck":["Strike_G","Strike_G","Strike_G","Defend_G","Defend_G","Defend_G","Defend_G","Defend_G","Survivor+1","Neutralize","Well Laid Plans","Cloak And Dagger+1","hubris:Sniper","Hidden Blade","hubris:Sniper","Pot Of Greed","Pot Of Greed","Infinite Blades","Blade Dance","Dagger Throw+1","Replay:Bag of Tricks","Noxious Fumes","Noxious Fumes+1","Footwork+1","Underhanded Strike+1","Pot Of Greed","Infinite Blades+1","Noxious Fumes+1","Footwork+1"],"relics":["Ring of the Snake","Membership Card","Mercury Hourglass","hubris:Towel","Molten Egg 2","aspiration:ArtOfWarUpgrade","Grinning Jar","Replay:Bottled Flurry","hubris:OldNail","SlaversCollar","Frozen Egg 2","Blue Doll","Regal Pillow","Oddly Smooth Stone","Lantern"],"acts_visited":["Exordium","TheCity"],"potions_floor_usage":[8,11,16,22,29,31],"damage_taken":[{"damage":0,"enemies":"Small Slimes","floor":1,"turns":4},{"damage":20,"enemies":"3 Sentries","floor":6,"turns":8},{"damage":15,"enemies":"Lagavulin","floor":8,"turns":8},{"damage":0,"enemies":"2 Louse","floor":10,"turns":3},{"damage":14,"enemies":"3 Sentries","floor":11,"turns":8},{"damage":1,"enemies":"Jaw Worm","floor":13,"turns":4},{"damage":10,"enemies":"3 Louse","floor":14,"turns":3},{"damage":18,"enemies":"Slime Boss","floor":16,"turns":7},{"damage":30,"enemies":"Shell Parasite","floor":18,"turns":7},{"damage":13,"enemies":"Spheric Guardian","floor":21,"turns":4},{"damage":14,"enemies":"Shelled Parasite and Fungi","floor":22,"turns":4},{"damage":19,"enemies":"Book of Stabbing","floor":29,"turns":6},{"damage":31,"enemies":"Snecko","floor":31,"turns":4}],"seed_played":"2531540125551663448","potions_obtained":[{"floor":6,"key":"GhostInAJar"},{"floor":10,"key":"PowerPotion"},{"floor":13,"key":"Milkshake"},{"floor":21,"key":"Regen Potion"},{"floor":22,"key":"SkillPotion"},{"floor":29,"key":"AttackPotion"}],"is_trial":false,"path_per_floor":["M","?","?","$","T","E","R","E","T","M","E","R","M","M","R","B",null,"M","?","$","M","M","R","?","R","T","R","$","E","?","M"],"character_chosen":"THE_SILENT","items_purchased":["Membership Card","Well Laid Plans","Mercury Hourglass","hubris:Sniper","Frozen Egg 2","Noxious Fumes+1","Blue Doll","Oddly Smooth Stone","Infinite Blades+1"],"campfire_rested":2,"item_purchase_floors":[0,0,0,4,20,20,20,28,28],"current_hp_per_floor":[70,70,70,70,70,50,50,35,35,35,21,21,20,10,31,13,70,40,40,40,27,27,48,48,48,48,48,48,29,29,0,0],"gold":31,"neow_bonus":"","is_daily":false,"chose_seed":false,"campfire_upgraded":2,"win_rate":0.0,"timestamp":1611914967,"path_taken":["M","?","?","$","?","E","R","E","T","M","E","R","M","M","R","BOSS","M","?","?","M","M","R","?","R","T","R","$","E","?","M"],"items_purchased_type":["Relic","Card","Relic","Card","Relic","Card","Relic","Relic","Card"],"build_version":"2020-12-22","purchased_purges":3,"victory":false,"max_hp_per_floor":[70,70,70,70,70,70,70,70,70,70,70,70,70,70,70,70,70,70,70,70,70,70,70,70,70,70,70,70,70,70,70,70],"card_choices":[{"not_picked":["Eviscerate","Poisoned Stab"],"picked":"Cloak And Dagger","floor":1},{"not_picked":["Night Terror","Poison Darts"],"picked":"Hidden Blade","floor":6},{"not_picked":["Distraction","Hidden Blade"],"picked":"hubris:Sniper","floor":8},{"not_picked":["Hidden Blade","conspire:PoisonWeapons","Flying Knee+1"],"picked":"SKIP","floor":10},{"not_picked":["Predator+1","PiercingWail"],"picked":"Infinite Blades","floor":11},{"not_picked":["hubris:SlightOfHand","Well Laid Plans"],"picked":"Blade Dance","floor":13},{"not_picked":["Endless Agony+1","Concentrate"],"picked":"Dagger Throw+1","floor":14},{"not_picked":["ReplayTheSpireMod:Necrosis","A Thousand Cuts"],"picked":"Replay:Bag of Tricks","floor":16},{"not_picked":["Blur","Hidden Blade"],"picked":"Noxious Fumes","floor":18},{"not_picked":["Sucker Punch+1","Quick Slash+1"],"picked":"Footwork+1","floor":21},{"not_picked":["Heel Hook+1","Masterful Stab+1"],"picked":"Underhanded Strike+1","floor":22},{"not_picked":["Toxin Wave+1","Escape Plan"],"picked":"Noxious Fumes+1","floor":29}],"player_experience":469222,"relics_obtained":[{"floor":5,"key":"Molten Egg 2"},{"floor":6,"key":"Art of War"},{"floor":8,"key":"Grinning Jar"},{"floor":9,"key":"Replay:Bottled Flurry"},{"floor":11,"key":"hubris:OldNail"},{"floor":26,"key":"Regal Pillow"},{"floor":29,"key":"Lantern"}],"event_choices":[{"damage_healed":0,"gold_gain":100,"player_choice":"Pray","damage_taken":0,"max_hp_gain":0,"max_hp_loss":0,"event_name":"Golden Shrine","floor":19,"gold_loss":0},{"damage_healed":0,"gold_gain":0,"player_choice":"Copied","damage_taken":0,"max_hp_gain":0,"max_hp_loss":0,"event_name":"Duplicator","floor":30,"gold_loss":0,"cards_obtained":["Footwork"]}],"is_beta":false,"boss_relics":[{"not_picked":["Philosopher\u0027s Stone","hubris:HollowSoul"],"picked":"SlaversCollar"}],"items_purged_floors":[0,4,20],"is_endless":false,"potions_floor_spawned":[6,10,13,21,22,29],"killed_by":"Snecko","ascension_level":3}}