{"host":"kiczkwpc36uxnkg8","time":1611939694,"event":{"mods":["AchievementEnabler","Act Like it!","Aspiration","BaseMod","Colored Powertips","Energized Spire","GifTheSpireLib","Hubris","Infinite Spire","Koishi","Minty Spire (QoL Compilation)","Pale of the Ancients","Permanent Neow","Quick Restart","Relic Filter","Remilia??????","Replay The Spire","Spicy Shops","StSLib","Stuff the Spire","The Bug Knight","The Servant 0.9.4","Wandering Minibosses"],"gold_per_floor":[113,113,113,113,52,87,99,142,181,363,375,401,543,520,532,675,687,720,732,744,756,768,930,942,974,986,1098,1110,1110],"floor_reached":28,"language":"ENG","playtime":995,"items_purged":["Injury"],"score":410,"play_id":"20a6831e-a391-4573-b08b-725f03050e51","local_time":"20210129170134","is_ascension_mode":true,"campfire_choices":[{"data":"HollowMod:AbyssShriek","floor":7.0,"key":"SMITH"},{"data":"HollowMod:ShadowDash","floor":15,"key":"SMITH"},{"floor":24,"key":"REST"}],"circlet_count":0,"master_deck":["Phantasmal Killer+1","HollowMod:NailStrikeStart","HollowMod:NailStrikeStart","HollowMod:NailStrikeStart","HollowMod:NailStrikeStart","HollowMod:QuickDashStart","HollowMod:QuickDashStart","HollowMod:QuickDashStart","HollowMod:QuickDashStart","HollowMod:PogoStrike","HollowMod:GreatSlash","StuffTheSpire:Innocence","HollowMod:AbyssShriek+1","HollowMod:FallenFury","HollowMod:DoubleDash","HollowMod:DashSlash","HollowMod:ShadowDash+1","HollowMod:SoulMaster","Vengeance+1","HollowMod:VoidDash","Prostrate+1"],"relics":["Honey Jar","Golden Idol","Juzu Bracelet","MawBank","StuffTheSpire:TintedRock","Bag of Preparation","StuffTheSpire:SapphireSignet","hubris:CuriousFeather","aspiration:WatcherSkillbook","HollowMod:VoidIdolRelic","ReplayTheSpireMod:EnergyBall","PreservedInsect","hubris:Metronome"],"acts_visited":["Exordium","TheCity"],"potions_floor_usage":[8,18],"damage_taken":[{"damage":0.0,"enemies":"Small Slimes","floor":1.0,"turns":3.0},{"damage":2.0,"enemies":"HollowMod:MossKnight","floor":6.0,"turns":5.0},{"damage":1,"enemies":"Gremlin Nob","floor":8,"turns":3},{"damage":22,"enemies":"HollowMod:MossKnight","floor":10,"turns":3},{"damage":1,"enemies":"2 Louse","floor":12,"turns":2},{"damage":0,"enemies":"3 Sentries","floor":13,"turns":2},{"damage":9,"enemies":"Fading Forest","floor":16,"turns":11},{"damage":22,"enemies":"Shell Parasite","floor":18,"turns":4},{"damage":50,"enemies":"HollowMod:Nosk","floor":23,"turns":6},{"damage":24,"enemies":"Spheric Guardian","floor":25,"turns":4},{"damage":4,"enemies":"Centurion and Healer","floor":28,"turns":1}],"seed_played":"6779406603734709080","potions_obtained":[{"floor":6.0,"key":"FearPotion"},{"floor":8,"key":"Fire Potion"},{"floor":12,"key":"Venom Potion"},{"floor":25,"key":"SteroidPotion"}],"is_trial":false,"path_per_floor":["M","?","?","?","$","E","R","E","T","E","?","M","E","?","R","B",null,"M","?","$","?","AVR","E","R","M","T","?","M"],"character_chosen":"THE_BUGKNIGHT","items_purchased":["Juzu Bracelet"],"campfire_rested":1,"item_purchase_floors":[5],"current_hp_per_floor":[75,75,69,62,62,60,60,59,59,37,37,36,36,53,53,56,66,44,51,51,51,51,3,23,1,1,1,0,0],"gold":1110,"neow_bonus":"BOSS_RELIC","is_daily":false,"chose_seed":false,"campfire_upgraded":2,"win_rate":0.0,"timestamp":1611939694,"path_taken":["M","?","?","?","?","E","R","E","T","E","?","M","E","?","R","BOSS","M","?","$","?","AVR","E","R","M","T","?","M"],"items_purchased_type":["Relic"],"build_version":"2020-12-22","purchased_purges":1,"victory":false,"max_hp_per_floor":[75,75,69,69,69,69,69,69,69,69,69,69,69,69,69,69,69,69,69,69,69,69,69,69,69,69,69,69,69],"card_choices":[{"not_picked":["HollowMod:CoiledNail","HollowMod:NewJinnsSoul","HollowMod:VengefulVoid"],"picked":"HollowMod:GreatSlash","floor":1.0},{"not_picked":["HollowMod:ChannelNail","HollowMod:ShadowDash","HollowMod:VengefulVoid"],"picked":"HollowMod:AbyssShriek","floor":6.0},{"not_picked":["HollowMod:GreatSlash","HollowMod:SoulShaman","HollowMod:InfectedAttack"],"picked":"HollowMod:FallenFury","floor":8},{"not_picked":["HollowMod:NewGlowingWomb","HollowMod:GoodIntentions","HollowMod:SoulEater"],"picked":"HollowMod:DoubleDash","floor":10},{"not_picked":["HollowMod:SharpenedNail","HollowMod:LifebloodCore","HollowMod:SoulEater"],"picked":"HollowMod:DashSlash","floor":12},{"not_picked":["HollowMod:MothsMistake","HollowMod:FallenFury","HollowMod:SharpenedNail"],"picked":"HollowMod:ShadowDash","floor":13},{"not_picked":["HollowMod:PureVessel","HollowMod:ZotesMagnificence","HollowMod:Hiveblood"],"picked":"HollowMod:SoulMaster","floor":16},{"not_picked":["HollowMod:DoubleDash","Wallop","HollowMod:HowlingWraiths","HollowMod:SiblingsSouls"],"picked":"Vengeance+1","floor":18},{"not_picked":["HollowMod:DescendingDark","CrushJoints","SignatureMove+1","HollowMod:LuriensSpire"],"picked":"HollowMod:VoidDash","floor":23},{"not_picked":["HollowMod:NewLittleFool","SashWhip","HollowMod:SharpenedNail","HollowMod:AbyssShriek"],"picked":"Prostrate+1","floor":25}],"player_experience":663192,"relics_obtained":[{"floor":6.0,"key":"MawBank"},{"floor":8,"key":"StuffTheSpire:TintedRock"},{"floor":9,"key":"Bag of Preparation"},{"floor":10,"key":"StuffTheSpire:SapphireSignet"},{"floor":13,"key":"hubris:CuriousFeather"},{"floor":23,"key":"PreservedInsect"},{"floor":26,"key":"hubris:Metronome"}],"event_choices":[{"cards_removed":["HollowMod:FocusHealStart"],"damage_healed":0.0,"max_hp_gain":0.0,"max_hp_loss":0.0,"gold_gain":0.0,"event_name":"Living Wall","player_choice":"Forget","floor":2.0,"gold_loss":0.0,"damage_taken":0.0},{"damage_healed":0.0,"max_hp_gain":0.0,"max_hp_loss":6.0,"gold_gain":0.0,"event_name":"Golden Idol","player_choice":"Lose Max HP","floor":3.0,"gold_loss":0.0,"damage_taken":0.0,"relics_obtained":["Golden Idol"]},{"damage_healed":17,"gold_gain":0,"player_choice":"Healed","damage_taken":0,"max_hp_gain":0,"max_hp_loss":0,"event_name":"The Cleric","floor":14,"gold_loss":35},{"damage_healed":0,"gold_gain":0,"player_choice":"Ignored","damage_taken":0,"max_hp_gain":0,"max_hp_loss":0,"event_name":"Beggar","floor":21,"gold_loss":0},{"damage_healed":0,"gold_gain":100,"player_choice":"Pray","damage_taken":0,"max_hp_gain":0,"max_hp_loss":0,"event_name":"Golden Shrine","floor":27,"gold_loss":0}],"is_beta":false,"boss_relics":[{"not_picked":["hubris:HollowSoul","Snecko Eye"],"picked":"aspiration:WatcherSkillbook"}],"items_purged_floors":[22],"is_endless":false,"potions_floor_spawned":[6,8,12,25],"killed_by":"Centurion and Healer","ascension_level":5}}