{"host":"q206iib20se9i6w7","time":1611897962,"event":{"mods":["AchievementEnabler","BaseMod","Bestiary","Block Reminder","Colored Map","Colored Powertips","Curses Come First","Highlight Path","Key Reminder","Minty Spire (QoL Compilation)","Quick Restart","Random Character Button","Relic Stats","StSLib","SuperFastMode","Unceasing Turn Reminder"],"gold_per_floor":[117,117,130,130,130,130,165,165,165,186,186,210,250,273,273,397,397,421,421,434,533,130,130,170,170,244,275,275,299,299,324,324,445,445,460,473,497,516,516,516,131,464,464,480,510,575,615,643,655,667],"floor_reached":51,"language":"ENG","playtime":3279,"items_purged":["Strike_P+1","Strike_P+1"],"score":1528,"play_id":"89493a22-e568-4a08-8a3b-0581aac23ca0","local_time":"20210128232602","is_ascension_mode":true,"campfire_choices":[{"data":"Eruption","floor":6,"key":"SMITH"},{"data":"LessonLearned","floor":8,"key":"SMITH"},{"floor":15,"key":"REST"},{"data":"Scrawl","floor":23,"key":"SMITH"},{"data":"Ghostly","floor":28,"key":"SMITH"},{"data":"Ghostly","floor":30,"key":"SMITH"},{"data":"Ghostly","floor":32,"key":"SMITH"},{"floor":40,"key":"REST"},{"data":"Ghostly","floor":49,"key":"SMITH"}],"circlet_count":0,"master_deck":["AscendersBane","Strike_P+1","Defend_P+1","Defend_P+1","Defend_P+1","Defend_P+1","Eruption+1","Vigilance+1","Consecrate+1","Weave+1","LessonLearned+1","ClearTheMind+1","DeusExMachina+1","CutThroughFate","Adaptation+1","JustLucky+1","EmptyFist","Scrawl+1","ThirdEye+1","Evaluate+1","Panache+1","TalkToTheHand+1","LikeWater+1","TalkToTheHand+1","Ghostly+1","Ghostly+1","Ghostly+1","Ghostly+1","Ghostly+1","JustLucky+1","DevaForm+1","CutThroughFate+1","MasterReality+1","CurseOfTheBell","CutThroughFate","Evaluate+1","CutThroughFate+1","Fasting2+1","MentalFortress+1","Nirvana+1","Evaluate","Crescendo+1","Nirvana+1","CutThroughFate+1"],"relics":["PureWater","NeowsBlessing","Letter Opener","Dream Catcher","Kunai","Frozen Egg 2","Philosopher\u0027s Stone","Yang","Bottled Flame","Strawberry","Calling Bell","Calipers","Sundial","Juzu Bracelet","Oddly Smooth Stone","Ornamental Fan","MawBank","Bird Faced Urn","Toxic Egg 2"],"acts_visited":["Exordium","TheCity","TheBeyond"],"potions_floor_usage":[16,35,46,50],"damage_taken":[{"damage":0,"enemies":"Small Slimes","floor":1,"turns":1},{"damage":0,"enemies":"Jaw Worm","floor":3,"turns":1},{"damage":0,"enemies":"Lagavulin","floor":7,"turns":2},{"damage":1,"enemies":"2 Louse","floor":10,"turns":2},{"damage":1,"enemies":"2 Fungi Beasts","floor":12,"turns":3},{"damage":30,"enemies":"Gremlin Nob","floor":13,"turns":4},{"damage":13,"enemies":"Large Slime","floor":14,"turns":3},{"damage":12,"enemies":"Hexaghost","floor":16,"turns":11},{"damage":0,"enemies":"Shell Parasite","floor":18,"turns":1},{"damage":0,"enemies":"Spheric Guardian","floor":20,"turns":1},{"damage":27,"enemies":"Book of Stabbing","floor":24,"turns":6},{"damage":0,"enemies":"Gremlin Leader","floor":27,"turns":5},{"damage":0,"enemies":"Snecko","floor":29,"turns":6},{"damage":0,"enemies":"3 Cultists","floor":31,"turns":5},{"damage":0,"enemies":"Automaton","floor":33,"turns":9},{"damage":0,"enemies":"Orb Walker","floor":35,"turns":7},{"damage":0,"enemies":"3 Shapes","floor":36,"turns":5},{"damage":22,"enemies":"3 Darklings","floor":37,"turns":8},{"damage":0,"enemies":"Spire Growth","floor":38,"turns":4},{"damage":0,"enemies":"Maw","floor":44,"turns":8},{"damage":0,"enemies":"Giant Head","floor":45,"turns":6},{"damage":2,"enemies":"2 Orb Walkers","floor":46,"turns":6},{"damage":0,"enemies":"Nemesis","floor":47,"turns":9},{"damage":0,"enemies":"Transient","floor":48,"turns":5},{"damage":0,"enemies":"Donu and Deca","floor":50,"turns":10}],"seed_played":"8708644739598723906","potions_obtained":[{"floor":12,"key":"SteroidPotion"},{"floor":13,"key":"Fire Potion"},{"floor":16,"key":"Fire Potion"},{"floor":20,"key":"BottledMiracle"},{"floor":44,"key":"PowerPotion"},{"floor":46,"key":"ColorlessPotion"},{"floor":47,"key":"AttackPotion"}],"is_trial":false,"path_per_floor":["M","?","M","T","?","R","E","R","T","M","?","M","E","M","R","B",null,"M","?","M","?","$","R","E","?","T","E","R","M","R","M","R","B",null,"M","M","M","M","?","R","$","?","T","M","E","?","E","M","R","B",null],"character_chosen":"WATCHER","items_purchased":["Panache+1","TalkToTheHand","LikeWater+1","Nirvana+1","Oddly Smooth Stone","Swift Potion","Evaluate"],"campfire_rested":2,"item_purchase_floors":[22,22,22,41,41,41,41],"current_hp_per_floor":[65,47,47,47,47,47,47,47,47,46,46,45,15,2,23,11,57,57,57,57,57,57,57,30,30,30,37,37,37,37,37,37,37,42,42,42,20,20,20,32,32,32,32,32,32,30,41,41,41,41],"gold":679,"neow_bonus":"THREE_ENEMY_KILL","is_daily":false,"chose_seed":false,"campfire_upgraded":7,"win_rate":0.0,"timestamp":1611897962,"path_taken":["M","?","M","?","?","R","E","R","T","M","?","M","E","M","R","BOSS","M","?","M","?","$","R","E","?","T","E","R","M","R","?","R","BOSS","M","M","M","M","?","R","$","?","T","M","E","?","E","M","R","BOSS"],"items_purchased_type":["Card","Card","Card","Card","Relic","Potion","Card"],"build_version":"2020-12-22","purchased_purges":2,"victory":true,"max_hp_per_floor":[72,72,72,72,72,72,72,72,72,72,72,72,72,72,72,72,72,72,72,72,72,72,72,72,36,36,43,43,43,43,43,43,43,43,43,43,43,43,41,41,41,41,41,41,41,41,41,41,41,41],"relic_stats":{"Dream Catcher":2,"counters":[25,128],"Sundial":[8],"Ornamental Fan":[120],"Bird Faced Urn":[11],"Yang":[248],"Juzu Bracelet":0,"Letter Opener":[331],"Kunai":[70],"MawBank":72,"obtain_stats":[{"Calipers":34,"NeowsBlessing":0,"Golden Idol":2,"Oddly Smooth Stone":41,"Yang":24,"Juzu Bracelet":34,"Letter Opener":4,"Frozen Egg 2":13,"MawBank":45,"Calling Bell":34,"Dream Catcher":7,"Bottled Flame":26,"Sundial":34,"Ornamental Fan":43,"Strawberry":27,"Bird Faced Urn":46,"Philosopher\u0027s Stone":17,"Kunai":9,"PureWater":0,"Toxic Egg 2":47},{"Calipers":15,"NeowsBlessing":0,"Golden Idol":1,"Oddly Smooth Stone":19,"Yang":11,"Juzu Bracelet":15,"Letter Opener":2,"Frozen Egg 2":6,"MawBank":21,"Calling Bell":15,"Dream Catcher":3,"Bottled Flame":11,"Sundial":15,"Ornamental Fan":19,"Strawberry":12,"Bird Faced Urn":22,"Philosopher\u0027s Stone":8,"Kunai":3,"PureWater":0,"Toxic Egg 2":23},{"Calipers":60,"NeowsBlessing":0,"Golden Idol":1,"Oddly Smooth Stone":84,"Yang":35,"Juzu Bracelet":60,"Letter Opener":2,"Frozen Egg 2":13,"MawBank":98,"Calling Bell":60,"Dream Catcher":4,"Bottled Flame":35,"Sundial":60,"Ornamental Fan":84,"Strawberry":40,"Bird Faced Urn":104,"Philosopher\u0027s Stone":27,"Kunai":4,"PureWater":0,"Toxic Egg 2":113}]},"card_choices":[{"not_picked":["EmptyBody","SashWhip"],"picked":"Consecrate","floor":1},{"not_picked":["Worship","LikeWater"],"picked":"Weave","floor":3},{"not_picked":["DeceiveReality","BattleHymn"],"picked":"LessonLearned","floor":7},{"not_picked":["Prostrate","Protect"],"picked":"ClearTheMind","floor":10},{"not_picked":["CarveReality","Protect"],"picked":"CutThroughFate","floor":12},{"not_picked":["SpiritShield","Crescendo"],"picked":"Adaptation+1","floor":13},{"not_picked":["BattleHymn+1","Crescendo"],"picked":"JustLucky","floor":14},{"not_picked":["FollowUp","FlurryOfBlows"],"picked":"EmptyFist","floor":15},{"not_picked":["Omniscience","Alpha"],"picked":"Scrawl","floor":16},{"not_picked":["PathToVictory","BowlingBash"],"picked":"ThirdEye","floor":18},{"not_picked":["FlurryOfBlows","BowlingBash"],"picked":"Evaluate","floor":20},{"not_picked":["CutThroughFate","Wallop"],"picked":"TalkToTheHand+1","floor":24},{"not_picked":["PathToVictory","DeceiveReality+1"],"picked":"JustLucky","floor":27},{"not_picked":["CarveReality+1","Adaptation+1"],"picked":"DevaForm+1","floor":29},{"not_picked":["ThirdEye","JustLucky"],"picked":"CutThroughFate+1","floor":31},{"not_picked":["Alpha","Establishment+1"],"picked":"MasterReality+1","floor":33},{"not_picked":["FlurryOfBlows","Protect+1"],"picked":"CutThroughFate","floor":35},{"not_picked":["FlurryOfBlows","ThirdEye+1"],"picked":"Evaluate+1","floor":36},{"not_picked":["Protect","SashWhip+1"],"picked":"CutThroughFate","floor":37},{"not_picked":["WreathOfFlame","CutThroughFate"],"picked":"Fasting2+1","floor":38},{"not_picked":["ForeignInfluence+1","DevaForm+1"],"picked":"MentalFortress+1","floor":40},{"not_picked":["SashWhip","Halt+1"],"picked":"Crescendo+1","floor":44},{"not_picked":["MasterReality+1","DeceiveReality","Prostrate"],"picked":"SKIP","floor":45},{"not_picked":["Evaluate","SignatureMove+1"],"picked":"Nirvana+1","floor":46},{"not_picked":["MasterReality+1","LikeWater+1"],"picked":"CutThroughFate+1","floor":47},{"not_picked":["CrushJoints","BattleHymn+1","EmptyBody+1"],"picked":"SKIP","floor":48}],"player_experience":290487,"relics_obtained":[{"floor":4,"key":"Letter Opener"},{"floor":7,"key":"Dream Catcher"},{"floor":9,"key":"Kunai"},{"floor":13,"key":"Frozen Egg 2"},{"floor":24,"key":"Yang"},{"floor":26,"key":"Bottled Flame"},{"floor":27,"key":"Strawberry"},{"floor":34,"key":"Calipers"},{"floor":34,"key":"Sundial"},{"floor":34,"key":"Juzu Bracelet"},{"floor":43,"key":"Ornamental Fan"},{"floor":45,"key":"MawBank"},{"floor":46,"key":"Bird Faced Urn"},{"floor":47,"key":"Toxic Egg 2"}],"event_choices":[{"damage_healed":0,"gold_gain":0,"player_choice":"Take Damage","damage_taken":18,"relics_obtained":["Golden Idol"],"max_hp_gain":0,"max_hp_loss":0,"event_name":"Golden Idol","floor":2,"gold_loss":0},{"damage_healed":0,"gold_gain":0,"player_choice":"Ignored","damage_taken":0,"max_hp_gain":0,"max_hp_loss":0,"event_name":"Liars Game","floor":5,"gold_loss":0},{"damage_healed":0,"gold_gain":0,"cards_transformed":["Strike_P"],"player_choice":"Change","damage_taken":0,"max_hp_gain":0,"max_hp_loss":0,"event_name":"Living Wall","floor":11,"gold_loss":0,"cards_obtained":["DeusExMachina"]},{"damage_healed":0,"gold_gain":0,"player_choice":"Simplicity","damage_taken":0,"max_hp_gain":0,"max_hp_loss":0,"event_name":"Back to Basics","floor":19,"gold_loss":0,"cards_upgraded":["Strike_P","Strike_P","Strike_P","Defend_P","Defend_P","Defend_P"]},{"damage_healed":0,"gold_gain":99,"player_choice":"Stole From Cult","damage_taken":0,"max_hp_gain":0,"max_hp_loss":0,"event_name":"Nest","floor":21,"gold_loss":0},{"damage_healed":0,"gold_gain":0,"player_choice":"Became a Ghost","damage_taken":0,"max_hp_gain":0,"max_hp_loss":36,"event_name":"Ghosts","floor":25,"gold_loss":0,"cards_obtained":["Ghostly","Ghostly","Ghostly","Ghostly","Ghostly"]},{"damage_healed":0,"gold_gain":0,"player_choice":"Max HP","damage_taken":0,"max_hp_gain":0,"max_hp_loss":2,"event_name":"Winding Halls","floor":39,"gold_loss":0},{"damage_healed":0,"gold_gain":333,"player_choice":"Gave Idol","damage_taken":0,"max_hp_gain":0,"max_hp_loss":0,"event_name":"The Moai Head","floor":42,"relics_lost":["Golden Idol"],"gold_loss":0},{"damage_healed":0,"gold_gain":0,"player_choice":"Fight","damage_taken":0,"max_hp_gain":0,"max_hp_loss":0,"event_name":"Mysterious Sphere","floor":46,"gold_loss":0}],"is_beta":false,"boss_relics":[{"not_picked":["Tiny House","VioletLotus"],"picked":"Philosopher\u0027s Stone"},{"not_picked":["HolyWater","Sozu"],"picked":"Calling Bell"}],"items_purged_floors":[22,41],"is_endless":false,"potions_floor_spawned":[12,13,16,20,44,46,47,48],"ascension_level":11}}