{"host":"cdkrzjeeka80pjqp","time":1611961173,"event":{"mods":["AchievementEnabler","BaseMod","Block Reminder","Colored Map","Colored Powertips","Highlight Path","Minty Spire (QoL Compilation)","Relic Stats"],"gold_per_floor":[115,65,75,91,111,143,143,174,228,240,259,288,304,304,304,304,304],"floor_reached":16,"language":"ENG","playtime":900,"items_purged":[],"score":180,"play_id":"8df39b53-032e-40c1-9782-f1bc5076ee0b","local_time":"20210129235933","is_ascension_mode":true,"campfire_choices":[{"floor":15,"key":"REST"}],"circlet_count":0,"master_deck":["Strike_R","Strike_R","Strike_R","Strike_R","Strike_R","Defend_R","Defend_R","Defend_R","Bash","Anger+1","Flex","Anger","Sentinel","Double Tap","True Grit"],"relics":["Burning Blood","NeowsBlessing","Turnip","Gremlin Horn","Regal Pillow","Omamori"],"acts_visited":["Exordium"],"potions_floor_usage":[6,8,12,16,16],"damage_taken":[{"damage":0,"enemies":"Cultist","floor":1,"turns":1},{"damage":0,"enemies":"Small Slimes","floor":3,"turns":1},{"damage":0,"enemies":"Jaw Worm","floor":4,"turns":1},{"damage":0,"enemies":"Large Slime","floor":5,"turns":3},{"damage":27,"enemies":"3 Sentries","floor":6,"turns":8},{"damage":25,"enemies":"Lagavulin","floor":8,"turns":7},{"damage":15,"enemies":"Exordium Wildlife","floor":10,"turns":4},{"damage":2,"enemies":"3 Louse","floor":11,"turns":2},{"damage":15,"enemies":"Gremlin Nob","floor":12,"turns":3},{"damage":18,"enemies":"Gremlin Gang","floor":13,"turns":6},{"damage":70,"enemies":"Hexaghost","floor":16,"turns":9}],"seed_played":"1468120241744179179","potions_obtained":[{"floor":4,"key":"BlessingOfTheForge"},{"floor":6,"key":"SkillPotion"},{"floor":8,"key":"DuplicationPotion"},{"floor":11,"key":"FearPotion"},{"floor":12,"key":"BloodPotion"}],"is_trial":false,"path_per_floor":["M","?","M","M","M","E","?","E","T","M","M","E","M","?","R","B"],"character_chosen":"IRONCLAD","items_purchased":[],"campfire_rested":1,"item_purchase_floors":[],"current_hp_per_floor":[78,78,80,80,80,59,59,40,40,31,35,26,14,14,53,0,0],"gold":304,"neow_bonus":"THREE_ENEMY_KILL","is_daily":false,"chose_seed":false,"campfire_upgraded":0,"win_rate":0.0,"timestamp":1611961173,"path_taken":["M","?","M","M","M","E","?","E","T","M","M","E","?","?","R","BOSS"],"items_purchased_type":[],"build_version":"2020-12-22","purchased_purges":0,"victory":false,"max_hp_per_floor":[80,80,80,80,80,80,80,80,80,80,80,80,80,80,80,80,80],"relic_stats":{"Regal Pillow":15,"Gremlin Horn":[6,6],"counters":[11,45],"Turnip":[0],"obtain_stats":[{"Regal Pillow":9,"NeowsBlessing":0,"Gremlin Horn":8,"Turnip":6,"Omamori":12,"Burning Blood":0},{"Regal Pillow":6,"NeowsBlessing":0,"Gremlin Horn":6,"Turnip":5,"Omamori":9,"Burning Blood":0},{"Regal Pillow":21,"NeowsBlessing":0,"Gremlin Horn":21,"Turnip":14,"Omamori":30,"Burning Blood":0}],"Burning Blood":44},"card_choices":[{"not_picked":["Whirlwind","Pommel Strike"],"picked":"Anger","floor":1},{"not_picked":["Body Slam","Perfected Strike"],"picked":"Flex","floor":3},{"not_picked":["Searing Blow","Dual Wield"],"picked":"Anger","floor":4},{"not_picked":["Twin Strike","Disarm"],"picked":"Sentinel","floor":5},{"not_picked":["Sword Boomerang","Uppercut","Infernal Blade"],"picked":"SKIP","floor":6},{"not_picked":["Iron Wave","Twin Strike"],"picked":"Double Tap","floor":8},{"not_picked":["Rampage","Spot Weakness"],"picked":"True Grit","floor":10},{"not_picked":["Clash","Clothesline","Rampage"],"picked":"SKIP","floor":11},{"not_picked":["Cleave","Twin Strike","Offering"],"picked":"SKIP","floor":12},{"not_picked":["Cleave","Anger","Wild Strike"],"picked":"SKIP","floor":13}],"player_experience":398482,"relics_obtained":[{"floor":6,"key":"Turnip"},{"floor":8,"key":"Gremlin Horn"},{"floor":9,"key":"Regal Pillow"},{"floor":12,"key":"Omamori"}],"event_choices":[{"cards_removed":["Defend_R"],"damage_healed":0,"gold_gain":0,"player_choice":"Card Removal","damage_taken":0,"max_hp_gain":0,"max_hp_loss":0,"event_name":"The Cleric","floor":2,"gold_loss":50},{"damage_healed":0,"gold_gain":0,"player_choice":"Grow","damage_taken":0,"max_hp_gain":0,"max_hp_loss":0,"event_name":"Living Wall","floor":7,"gold_loss":0,"cards_upgraded":["Anger"]},{"damage_healed":0,"gold_gain":0,"player_choice":"Ignored","damage_taken":0,"max_hp_gain":0,"max_hp_loss":0,"event_name":"Liars Game","floor":14,"gold_loss":0}],"is_beta":false,"boss_relics":[],"items_purged_floors":[],"is_endless":false,"potions_floor_spawned":[4,6,8,11,12],"killed_by":"Hexaghost","ascension_level":9}}