{"host":"3fsg94jzvcky9b5u","time":1611935803,"event":{"mods":["2.2 Compatiblity","AchievementEnabler","BaseMod","Better Third Choice","Colored Powertips","Downfall","Hermit","MarisaÅiñ∂âJÅ@ñÇóùçπÅj","Minty Spire (QoL Compilation)","Rare Cards Sparkle","Shop Mod","StSLib","The Cursed","The Disciple","The Hierophant","The Servant 0.9.4"],"gold_per_floor":[99,116,11600,10294,10310,10210,10210,10210,10210,10210],"floor_reached":8,"language":"ENG","playtime":439,"items_purged":["bronze:Strike"],"score":44,"play_id":"290983ed-35cf-472b-8521-a8b82d3bc13b","local_time":"20210129235643","is_ascension_mode":false,"campfire_choices":[{"floor":1,"key":"RECALL"},{"data":"expansioncontent:StudyTheSpire","floor":6,"key":"SMITH"}],"circlet_count":0,"master_deck":["bronze:Strike","bronze:Strike","bronze:Strike","bronze:Defend","bronze:Defend","bronze:Defend","bronze:Replicate","bronze:Goto","bronze:BitShift","bronze:CloningBeam","bronze:Terminator","bronze:Assembly","bronze:Backtrace","bronze:Iterate","bronze:DelayedGuard","expansioncontent:StudyTheSpire+1","bronze:ItsAFeature"],"relics":["bronze:BronzeCore","StoneCalendar","Bag of Marbles","Chemical X","MerchantsRug","downfall:HeartBlessingRed"],"acts_visited":["Exordium"],"potions_floor_usage":[],"damage_taken":[{"damage":0,"enemies":"2 Louse","floor":2,"turns":3},{"damage":0,"enemies":"downfall:FleeingMerchant","floor":4,"turns":4},{"damage":0,"enemies":"Small Slimes","floor":5,"turns":3},{"damage":18,"enemies":"Lagavulin","floor":8,"turns":3}],"seed_played":"126902955989358841","potions_obtained":[{"floor":2,"key":"Fire Potion"},{"floor":5,"key":"SkillPotion"}],"is_trial":false,"path_per_floor":["R","M","?","$","M","R","T","E"],"character_chosen":"THE_AUTOMATON","items_purchased":["bronze:Assembly","StoneCalendar","Bag of Marbles","Chemical X","bronze:Backtrace","bronze:Iterate","MerchantsRug","bronze:DelayedGuard","expansioncontent:StudyTheSpire"],"campfire_rested":0,"item_purchase_floors":[4,4,4,4,4,4,4,4,4],"current_hp_per_floor":[70,70,70,70,70,70,70,52,52,52],"gold":10210,"neow_bonus":"TRANSFORM_CARD","is_daily":false,"chose_seed":false,"campfire_upgraded":1,"win_rate":0.0,"timestamp":1611935803,"path_taken":["R","M","?","$","M","R","T","E"],"items_purchased_type":["Card","Relic","Relic","Relic","Card","Card","Relic","Card","Card"],"build_version":"2020-12-22","purchased_purges":1,"victory":false,"max_hp_per_floor":[70,70,70,70,70,70,70,70,70,70],"card_choices":[{"not_picked":["bronze:Fortify","bronze:Frontload"],"picked":"bronze:CloningBeam","floor":2},{"not_picked":["bronze:Repulsor","bronze:Separator"],"picked":"bronze:Terminator","floor":4},{"not_picked":["bronze:Overheat","bronze:Philosophize"],"picked":"bronze:ItsAFeature","floor":5}],"player_experience":101038,"relics_obtained":[],"event_choices":[],"is_beta":false,"boss_relics":[],"items_purged_floors":[4],"is_endless":false,"potions_floor_spawned":[2,5],"killed_by":"Lagavulin","ascension_level":0}}