{"host":"04hh9gplt9wkfmr1","time":1611896407,"event":{"mods":["AchievementEnabler","BaseMod","Colored Map","KOR Keyword Fix","Minty Spire (QoL Compilation)","Rare Cards Sparkle","SuperFastMode"],"gold_per_floor":[112,123,135,150,170,205,205,215,238,238,270,270,302,315,315,417,417,434,449,67,87,97,97,113,147,170,182,196,196,229,229,229,229,229],"floor_reached":33,"language":"KOR","playtime":981,"items_purged":["Strike_B"],"score":463,"play_id":"f8839d2e-f33f-4c7f-8550-dd55cdc8b7a6","local_time":"20210129140007","is_ascension_mode":true,"campfire_choices":[{"data":"Chaos","floor":7.0,"key":"SMITH"},{"data":"Chaos","floor":10.0,"key":"SMITH"},{"floor":12.0,"key":"REST"},{"floor":15.0,"key":"REST"},{"data":"Apotheosis","floor":23.0,"key":"SMITH"},{"floor":29.0,"key":"REST"},{"floor":32,"key":"REST"}],"circlet_count":0,"master_deck":["Strike_B","Strike_B","Strike_B","Defend_B","Defend_B","Defend_B","Defend_B","Zap","Dualcast","Chaos+1","Chaos+1","Conserve Battery","Cold Snap","Heatsinks","Ball Lightning","Rainbow","Cold Snap","Ball Lightning+1","Apotheosis+1","Consume","Hologram","Ball Lightning","Chill","Genetic Algorithm"],"relics":["Cracked Core","Art of War","Bag of Marbles","Ancient Tea Set","Lantern","Sozu","ClockworkSouvenir","Nunchaku","Anchor","Bronze Scales","Pear"],"acts_visited":["Exordium","TheCity"],"potions_floor_usage":[],"damage_taken":[{"damage":8.0,"enemies":"2 Louse","floor":1.0,"turns":3.0},{"damage":1.0,"enemies":"Cultist","floor":2.0,"turns":4.0},{"damage":2.0,"enemies":"Jaw Worm","floor":3.0,"turns":3.0},{"damage":5.0,"enemies":"Looter","floor":4.0,"turns":4.0},{"damage":1.0,"enemies":"Exordium Thugs","floor":5.0,"turns":3.0},{"damage":21.0,"enemies":"Lagavulin","floor":6.0,"turns":8.0},{"damage":8.0,"enemies":"Lots of Slimes","floor":8.0,"turns":4.0},{"damage":25.0,"enemies":"Gremlin Nob","floor":11.0,"turns":5.0},{"damage":8.0,"enemies":"Lagavulin","floor":13.0,"turns":7.0},{"damage":5.0,"enemies":"Gremlin Gang","floor":14.0,"turns":3.0},{"damage":2.0,"enemies":"Slime Boss","floor":16.0,"turns":7.0},{"damage":0.0,"enemies":"Spheric Guardian","floor":18.0,"turns":3.0},{"damage":11.0,"enemies":"3 Byrds","floor":19.0,"turns":4.0},{"damage":0.0,"enemies":"Cultist and Chosen","floor":21.0,"turns":6.0},{"damage":19.0,"enemies":"Snake Plant","floor":22.0,"turns":4.0},{"damage":1.0,"enemies":"Chosen and Byrds","floor":24.0,"turns":5.0},{"damage":24.0,"enemies":"Book of Stabbing","floor":25.0,"turns":5.0},{"damage":2.0,"enemies":"Sentry and Sphere","floor":27.0,"turns":6.0},{"damage":9.0,"enemies":"Snecko","floor":28.0,"turns":4.0},{"damage":28,"enemies":"Gremlin Leader","floor":30,"turns":9},{"damage":47,"enemies":"Automaton","floor":33,"turns":6}],"seed_played":"6300113719138789683","potions_obtained":[{"floor":1.0,"key":"EssenceOfSteel"},{"floor":3.0,"key":"BlessingOfTheForge"},{"floor":11.0,"key":"FearPotion"},{"floor":13.0,"key":"Strength Potion"},{"floor":14.0,"key":"PowerPotion"}],"is_trial":false,"path_per_floor":["M","M","M","M","M","E","R","M","T","R","E","R","E","M","R","B",null,"M","M","$","M","M","R","M","E","T","M","M","R","E","?","R","B"],"character_chosen":"DEFECT","items_purchased":["Apotheosis","ClockworkSouvenir"],"campfire_rested":4,"item_purchase_floors":[20,20],"current_hp_per_floor":[67,66,64,59,58,37,37,29,29,29,4,28,20,15,39,37,71,71,60,60,60,41,41,40,16,16,14,5,29,1,11,38,0,0],"gold":229,"neow_bonus":"TEN_PERCENT_HP_BONUS","is_daily":false,"chose_seed":false,"campfire_upgraded":3,"win_rate":0.0,"timestamp":1611896407,"path_taken":["M","M","M","M","M","E","R","M","T","R","E","R","E","M","R","BOSS","M","M","$","M","M","R","M","E","T","M","M","R","E","?","R","BOSS"],"items_purchased_type":["Card","Relic"],"build_version":"2020-12-22","purchased_purges":1,"victory":false,"max_hp_per_floor":[82,82,82,82,82,82,82,82,82,82,82,82,82,82,82,82,82,82,82,82,82,82,82,82,82,82,82,82,82,82,92,92,92,92],"card_choices":[{"not_picked":["Glacier","Steam"],"picked":"Chaos","floor":1.0},{"not_picked":["Darkness","Aggregate"],"picked":"Chaos","floor":2.0},{"not_picked":["Rebound","Steam Power","Auto Shields"],"picked":"SKIP","floor":3.0},{"not_picked":["Scrape","Recycle"],"picked":"BootSequence","floor":4.0},{"not_picked":["Undo","Coolheaded"],"picked":"Conserve Battery","floor":5.0},{"not_picked":["Streamline","Reprogram","Steam"],"picked":"SKIP","floor":6.0},{"not_picked":["Streamline","Undo"],"picked":"Cold Snap","floor":8.0},{"not_picked":["Steam Power","Steam"],"picked":"Heatsinks","floor":11.0},{"not_picked":["Steam","Streamline"],"picked":"Ball Lightning","floor":13.0},{"not_picked":["Reinforced Body","Redo","Compile Driver"],"picked":"SKIP","floor":14.0},{"not_picked":["Amplify","Creative AI"],"picked":"Rainbow","floor":16.0},{"not_picked":["Recycle","Lockon"],"picked":"Cold Snap","floor":18.0},{"not_picked":["Loop","Auto Shields"],"picked":"Ball Lightning+1","floor":19.0},{"not_picked":["Turbo","Aggregate"],"picked":"Consume","floor":21.0},{"not_picked":["Hyperbeam","Stack","Gash+1"],"picked":"SKIP","floor":22.0},{"not_picked":["Scrape","Auto Shields","Rebound"],"picked":"SKIP","floor":24.0},{"not_picked":["Gash","Doom and Gloom"],"picked":"Hologram","floor":25.0},{"not_picked":["Rip and Tear","Leap"],"picked":"Ball Lightning","floor":27.0},{"not_picked":["Ball Lightning","Turbo"],"picked":"Chill","floor":28.0},{"not_picked":["Stack","Beam Cell"],"picked":"Genetic Algorithm","floor":30}],"player_experience":99584,"relics_obtained":[{"floor":6.0,"key":"Art of War"},{"floor":9.0,"key":"Bag of Marbles"},{"floor":11.0,"key":"Ancient Tea Set"},{"floor":13.0,"key":"Lantern"},{"floor":25.0,"key":"Nunchaku"},{"floor":26.0,"key":"Anchor"},{"floor":30,"key":"Bronze Scales"}],"event_choices":[{"cards_removed":["BootSequence"],"damage_healed":0,"gold_gain":0,"player_choice":"Gave Card","damage_taken":0,"relics_obtained":["Pear"],"max_hp_gain":0,"max_hp_loss":0,"event_name":"WeMeetAgain","floor":31,"gold_loss":0}],"is_beta":false,"boss_relics":[{"not_picked":["SlaversCollar","Nuclear Battery"],"picked":"Sozu"}],"items_purged_floors":[20],"is_endless":false,"potions_floor_spawned":[1,3,11,13,14,18,24,27,30],"killed_by":"Automaton","ascension_level":8}}