{"host":"8srk5r1dwtmjotwd","time":1611888572,"event":{"mods":["AchievementEnabler","Act Like it!","BaseMod","Beaked The Cultist","Bestiary","Better Note","Better Third Choice","Colored Map","Colored Powertips","Friendly Minions","GifTheSpireLib","Halation","Hallownest","Hermit","Hubris","Minty Spire (QoL Compilation)","Quick Restart","Rare Cards Sparkle","Replay The Spire","Shop Mod","StSLib","SuperFastMode","Synergy Search","The Bug Knight","The Construct","The Cursed","The Jungle","Thieving Mod","Yohane!","everything is the same but u backflip on backflip","slay the spire mod where everything is the same but ironclad has a cowboy hat"],"gold_per_floor":[110,110,126,2,2,28,28,39,39,39,39,55,55,5,5,110,110,126,126,76,86,86,86],"floor_reached":22,"language":"ENG","playtime":917,"items_purged":[],"score":217,"play_id":"f8a91000-4387-4710-bfe1-1f443dcfd43a","local_time":"20210128214932","is_ascension_mode":true,"campfire_choices":[{"data":"Seeing Red","floor":10,"key":"SMITH"},{"data":"A Thousand Cuts","floor":13,"key":"SMITH"},{"data":"Rampage","floor":15,"key":"SMITH"}],"circlet_count":0,"master_deck":["Strike_R","Strike_R","Strike_R","Strike_R","Strike_R","Defend_R","Defend_R","Defend_R","Defend_R","Bash","Twin Strike","A Thousand Cuts+1","Heavy Blade","Rampage+1","Seeing Red+1","Pummel","ReplayTheSpireMod:Private Reserves","hubris:Sloth","Feed","CurseOfTheBell","ReplayTheSpireMod:Strike From Hell+1","Flex+1"],"relics":["Burning Blood","NeowsBlessing","hubris:SlimyHat","Pocketwatch","PreservedInsect","halation:EternalFortune","Calling Bell","Strawberry","Gremlin Horn","halation:OrihimeAndHikoboshiSamaAndTears"],"acts_visited":["Exordium","TheCity"],"potions_floor_usage":[12,12,16,16],"damage_taken":[{"damage":0,"enemies":"Jaw Worm","floor":1,"turns":1},{"damage":0,"enemies":"2 Louse","floor":3,"turns":1},{"damage":0,"enemies":"Lagavulin","floor":6,"turns":1},{"damage":2,"enemies":"Small Slimes","floor":8,"turns":2},{"damage":6,"enemies":"Exordium Thugs","floor":12,"turns":3},{"damage":32,"enemies":"The Guardian","floor":16,"turns":8},{"damage":10,"enemies":"Chosen","floor":18,"turns":3},{"damage":25,"enemies":"2 Thieves","floor":21,"turns":3},{"damage":42,"enemies":"Cultist and Chosen","floor":22,"turns":5}],"seed_played":"5159833027567851800","potions_obtained":[{"floor":6,"key":"DistilledChaos"},{"floor":8,"key":"DistilledChaos"}],"is_trial":false,"path_per_floor":["M","?","M","$","?","E","?","M","T","R","?","M","R","$","R","B",null,"M","HB","?","M","M"],"character_chosen":"IRONCLAD","items_purchased":["AttackPotion","Reflective Coating","BlessingOfTheForge"],"campfire_rested":0,"item_purchase_floors":[4,4,14],"current_hp_per_floor":[80,66,72,72,72,78,78,80,80,80,83,83,83,83,83,57,90,86,45,45,29,0,0],"gold":86,"neow_bonus":"THREE_ENEMY_KILL","is_daily":false,"chose_seed":false,"campfire_upgraded":3,"win_rate":0.0,"timestamp":1611888572,"path_taken":["M","?","M","$","?","E","?","?","T","R","?","M","R","$","R","BOSS","M","HB","?","M","M"],"items_purchased_type":["Potion","Potion","Potion"],"build_version":"2020-12-22","purchased_purges":0,"victory":false,"max_hp_per_floor":[80,80,80,80,80,80,80,80,80,80,83,83,83,83,83,83,90,90,45,45,48,48,48],"card_choices":[{"not_picked":["Armaments","Blood for Blood"],"picked":"Twin Strike","floor":1},{"not_picked":["Whirlwind","Run Through"],"picked":"Heavy Blade","floor":3},{"not_picked":["True Grit","Anger"],"picked":"Seeing Red","floor":6},{"not_picked":["ReplayTheSpireMod:Stacked","Headbutt","Hemogenesis"],"picked":"SKIP","floor":8},{"not_picked":["Shrug It Off","Metallicize","Clothesline"],"picked":"SKIP","floor":12},{"not_picked":["Barricade","Hemogenesis"],"picked":"Feed","floor":16},{"not_picked":["Twin Strike","Clothesline"],"picked":"ReplayTheSpireMod:Strike From Hell+1","floor":18},{"not_picked":["Feel No Pain","Juggernaut"],"picked":"Flex+1","floor":21}],"player_experience":73446,"relics_obtained":[{"floor":6,"key":"Pocketwatch"},{"floor":9,"key":"PreservedInsect"},{"floor":17,"key":"Strawberry"},{"floor":17,"key":"Gremlin Horn"},{"floor":17,"key":"halation:OrihimeAndHikoboshiSamaAndTears"}],"event_choices":[{"damage_healed":0,"gold_gain":0,"player_choice":"3 cards matched","damage_taken":0,"max_hp_gain":0,"max_hp_loss":0,"event_name":"Match and Keep!","floor":7,"gold_loss":0,"cards_obtained":["Pummel","ReplayTheSpireMod:Private Reserves","hubris:Sloth"]},{"damage_healed":0,"gold_gain":0,"player_choice":"Bet on Murderer","damage_taken":0,"max_hp_gain":0,"max_hp_loss":0,"event_name":"The Joust","floor":20,"gold_loss":50}],"is_beta":false,"boss_relics":[{"not_picked":["Fusion Hammer","Busted Crown"],"picked":"Calling Bell"}],"items_purged_floors":[],"is_endless":false,"potions_floor_spawned":[6,8],"killed_by":"Cultist and Chosen","ascension_level":1}}