{"host":"4mwxwqvoirj3cq7x","time":1611900388,"event":{"mods":["BaseMod","KinomotoSakuraMod(Ä¾Ö®±¾Ó£)","Minty Spire (QoL Compilation)","StSLib"],"gold_per_floor":[118,118,118,130,147,147,72,72,72,72,72,90,40,57,57,156,156,167,0,0,0,12,42,58,78,78,78,78,91,108,108,108],"floor_reached":31,"language":"ZHS","playtime":1072,"items_purged":["ClowCardTheShield"],"score":435,"play_id":"912c739c-41b9-41fb-9569-dec53ce253ee","local_time":"20210129140628","is_ascension_mode":true,"campfire_choices":[{"data":"ClowCardTheMist","floor":6.0,"key":"SMITH"},{"data":"ClowCardTheGlow","floor":8.0,"key":"SMITH"},{"data":"ClowCardTheShield","floor":10.0,"key":"SMITH"},{"data":"ClowCardTheWood","floor":15.0,"key":"SMITH"},{"data":"ClowCardTheFly","floor":27.0,"key":"SMITH"}],"circlet_count":0,"master_deck":["SakuraCardTheMist+","AscendersBane","ClowCardTheSword","ClowCardTheSword+1","ClowCardTheShield+1","ClowCardTheShield+1","ClowCardTheShield","SpellCardSeal+1","SpellCardRelease","ClowCardTheGlow+1","ClowCardTheWood+1","ClowCardTheWave+1","ClowCardTheFlower+1","ClowCardTheWindy+1","ClowCardTheFly+1","ClowCardTheMist","ClowCardTheMirror+1"],"relics":["KSMOD_SealedBook","KSMOD_SealedWand","Oddly Smooth Stone","Astrolabe","Ice Cream","Orichalcum","Calipers","FaceOfCleric"],"acts_visited":["Exordium","TheCity"],"potions_floor_usage":[31,31],"damage_taken":[{"damage":0.0,"enemies":"Cultist","floor":1.0,"turns":4.0},{"damage":1.0,"enemies":"Small Slimes","floor":4.0,"turns":3.0},{"damage":2.0,"enemies":"Jaw Worm","floor":5.0,"turns":4.0},{"damage":10.0,"enemies":"Gremlin Gang","floor":12.0,"turns":4.0},{"damage":1.0,"enemies":"Blue Slaver","floor":14.0,"turns":3.0},{"damage":33.0,"enemies":"The Guardian","floor":16.0,"turns":9.0},{"damage":6.0,"enemies":"Shell Parasite","floor":18.0,"turns":5.0},{"damage":0.0,"enemies":"Spheric Guardian","floor":22.0,"turns":1.0},{"damage":0.0,"enemies":"Gremlin Leader","floor":23.0,"turns":6.0},{"damage":7.0,"enemies":"Centurion and Healer","floor":24.0,"turns":5.0},{"damage":12.0,"enemies":"3 Cultists","floor":25.0,"turns":5.0},{"damage":10.0,"enemies":"Cultist and Chosen","floor":29.0,"turns":6.0},{"damage":13.0,"enemies":"Snake Plant","floor":30.0,"turns":5.0},{"damage":5,"enemies":"Book of Stabbing","floor":31,"turns":3}],"seed_played":"-6513448892642960160","potions_obtained":[{"floor":1.0,"key":"LiquidMemories"},{"floor":3.0,"key":"ColorlessPotion"},{"floor":16.0,"key":"LiquidBronze"},{"floor":22.0,"key":"ColorlessPotion"},{"floor":24.0,"key":"Dexterity Potion"}],"is_trial":false,"path_per_floor":["M","?","?","M","M","R","$","R","T","R","T","M","$","M","R","B",null,"M","?","?","?","M","E","M","M","T","R","?","M","M","E"],"character_chosen":"KINOMOTOSAKURA","items_purchased":["PowerPotion"],"campfire_rested":0,"item_purchase_floors":[13],"current_hp_per_floor":[63,49,49,48,46,46,46,46,46,46,46,36,36,35,35,32,61,55,55,55,55,55,55,48,36,36,36,36,27,15,10,10],"gold":108,"neow_bonus":"UPGRADE_CARD","is_daily":false,"chose_seed":false,"campfire_upgraded":5,"win_rate":0.0,"timestamp":1611900388,"path_taken":["M","?","?","?","M","R","$","R","T","R","?","M","$","?","R","BOSS","M","?","?","?","M","E","M","M","T","R","?","?","?","E"],"items_purchased_type":["Potion"],"build_version":"2020-12-22","purchased_purges":1,"victory":false,"max_hp_per_floor":[70,70,70,70,70,70,70,70,70,70,70,70,70,70,70,70,70,70,70,70,70,70,70,70,70,70,70,70,71,72,72,72],"card_choices":[{"not_picked":["ClowCardTheSilent","ClowCardTheShadow"],"picked":"ClowCardTheMist","floor":1.0},{"not_picked":["ClowCardTheFirey","ClowCardTheFloat","ClowCardTheErase"],"picked":"SKIP","floor":4.0},{"not_picked":["ClowCardTheWatery","ClowCardTheLoop"],"picked":"ClowCardTheGlow","floor":5.0},{"not_picked":["ClowCardTheWindy","ClowCardTheIllusion"],"picked":"ClowCardTheSand","floor":12.0},{"not_picked":["ClowCardTheLoop","ClowCardTheLibra"],"picked":"ClowCardTheWood","floor":14.0},{"not_picked":["ClowCardTheReturn","ClowCardTheDark"],"picked":"ClowCardTheCreate","floor":16.0},{"not_picked":["ClowCardTheLock","ClowCardTheSong","ClowCardTheFloat"],"picked":"SKIP","floor":18.0},{"not_picked":["ClowCardTheShot+1","ClowCardTheFreeze"],"picked":"ClowCardTheMist","floor":22.0},{"not_picked":["ClowCardTheVoice","ClowCardTheFreeze","ClowCardTheFlower"],"picked":"SKIP","floor":23.0},{"not_picked":["ClowCardTheMist","ClowCardTheIllusion","ClowCardTheSnow"],"picked":"SKIP","floor":24.0},{"not_picked":["ClowCardTheIllusion","ClowCardTheLock","ClowCardTheChange"],"picked":"SKIP","floor":25.0},{"not_picked":["ClowCardTheWood","ClowCardTheJump"],"picked":"ClowCardTheMirror+1","floor":29.0},{"not_picked":["ClowCardTheWood","ClowCardTheMirror","ClowCardTheSilent"],"picked":"SKIP","floor":30.0}],"player_experience":616105,"relics_obtained":[{"floor":11.0,"key":"Oddly Smooth Stone"},{"floor":18.0,"key":"Ice Cream"},{"floor":23.0,"key":"Orichalcum"},{"floor":26.0,"key":"Calipers"}],"event_choices":[{"damage_healed":0.0,"max_hp_gain":0.0,"max_hp_loss":0.0,"gold_gain":0.0,"event_name":"Shining Light","player_choice":"Entered Light","floor":2.0,"gold_loss":0.0,"damage_taken":14.0,"cards_upgraded":["ClowCardTheShield","ClowCardTheSword"]},{"damage_healed":0.0,"max_hp_gain":0.0,"max_hp_loss":0.0,"gold_gain":0.0,"event_name":"Lab","player_choice":"Got Potions","floor":3.0,"gold_loss":0.0,"damage_taken":0.0},{"damage_healed":0.0,"max_hp_gain":0.0,"max_hp_loss":0.0,"gold_gain":0.0,"event_name":"Masked Bandits","player_choice":"Paid Fearfully","floor":19.0,"gold_loss":167.0,"damage_taken":0.0},{"damage_healed":0.0,"max_hp_gain":0.0,"max_hp_loss":0.0,"gold_gain":0.0,"event_name":"The Library","player_choice":"Read","floor":20.0,"gold_loss":0.0,"damage_taken":0.0,"cards_obtained":["ClowCardTheFly"]},{"damage_healed":0.0,"max_hp_gain":0.0,"max_hp_loss":0.0,"gold_gain":0.0,"event_name":"FaceTrader","player_choice":"Trade","floor":28.0,"gold_loss":0.0,"damage_taken":0.0,"relics_obtained":["FaceOfCleric"]}],"is_beta":false,"boss_relics":[{"not_picked":["SacredBark","Pandora\u0027s Box"],"picked":"Astrolabe"}],"items_purged_floors":[7],"is_endless":false,"potions_floor_spawned":[1,4,16,22,24],"killed_by":"Book of Stabbing","ascension_level":12}}