{"host":"pe7ycb8t2t906so2","time":1611879478,"event":{"mods":["BaseMod","Colored Map","Highlight Path","Minty Spire (QoL Compilation)"],"gold_per_floor":[116,116,41,41,191,191,291,315,315,338,352,29,48,88,88,88,88],"floor_reached":16,"language":"FRA","playtime":624,"items_purged":["Defend_P","Doubt"],"score":185,"play_id":"4d27420d-56c7-4f83-8b30-9beb3fc8736e","local_time":"20210128191758","is_ascension_mode":true,"campfire_choices":[{"data":"Eruption","floor":6,"key":"SMITH"},{"floor":15,"key":"REST"}],"circlet_count":0,"master_deck":["AscendersBane","Strike_P","Strike_P","Strike_P","Defend_P","Defend_P","Defend_P","Eruption+1","Vigilance","Wallop","FollowUp","CutThroughFate","FearNoEvil","CutThroughFate","PathToVictory","Perseverance"],"relics":["PureWater","Golden Idol","Dead Branch","Membership Card","Nunchaku","Molten Egg 2"],"acts_visited":["Exordium"],"potions_floor_usage":[11],"damage_taken":[{"damage":0,"enemies":"Jaw Worm","floor":1,"turns":4},{"damage":0,"enemies":"2 Louse","floor":8,"turns":2},{"damage":0,"enemies":"Small Slimes","floor":10,"turns":1},{"damage":0,"enemies":"3 Louse","floor":11,"turns":2},{"damage":13,"enemies":"Red Slaver","floor":13,"turns":4},{"damage":15,"enemies":"Gremlin Nob","floor":14,"turns":3},{"damage":25,"enemies":"The Guardian","floor":16,"turns":8}],"seed_played":"1746806831564356408","potions_obtained":[{"floor":1,"key":"AttackPotion"},{"floor":14,"key":"Energy Potion"}],"is_trial":false,"path_per_floor":["M","?","$","?","?","R","?","M","T","M","M","$","M","E","R","B"],"character_chosen":"WATCHER","items_purchased":["Membership Card","PathToVictory","Nunchaku"],"campfire_rested":1,"item_purchase_floors":[12,12,12],"current_hp_per_floor":[61,54,54,31,31,31,31,31,31,31,31,31,18,3,23,0,0],"gold":88,"neow_bonus":"THREE_CARDS","is_daily":false,"chose_seed":false,"campfire_upgraded":1,"win_rate":0.0,"timestamp":1611879478,"path_taken":["M","?","$","?","?","R","?","M","T","M","M","$","?","E","R","BOSS"],"items_purchased_type":["Relic","Card","Relic"],"build_version":"2020-12-22","purchased_purges":2,"victory":false,"max_hp_per_floor":[68,68,68,68,68,68,68,68,68,68,68,68,68,68,68,68,68],"card_choices":[{"not_picked":["EmptyFist","SandsOfTime"],"picked":"Wallop","floor":0},{"not_picked":["Worship","Crescendo"],"picked":"FollowUp","floor":1},{"not_picked":["ReachHeaven","Protect"],"picked":"CutThroughFate","floor":8},{"not_picked":["EmptyBody","Scrawl"],"picked":"FearNoEvil","floor":10},{"not_picked":["Pray","Crescendo"],"picked":"CutThroughFate","floor":11},{"not_picked":["CutThroughFate","Protect"],"picked":"Perseverance","floor":13},{"not_picked":["CarveReality+1","Prostrate","Conclude+1"],"picked":"SKIP","floor":14}],"player_experience":968264,"relics_obtained":[{"floor":9,"key":"Dead Branch"},{"floor":14,"key":"Molten Egg 2"}],"event_choices":[{"cards_removed":["Strike_P"],"damage_healed":0,"gold_gain":0,"player_choice":"Card Removal","damage_taken":7,"max_hp_gain":0,"max_hp_loss":0,"event_name":"Golden Wing","floor":2,"gold_loss":0},{"damage_healed":0,"gold_gain":0,"player_choice":"Take Damage","damage_taken":23,"relics_obtained":["Golden Idol"],"max_hp_gain":0,"max_hp_loss":0,"event_name":"Golden Idol","floor":4,"gold_loss":0},{"damage_healed":0,"gold_gain":150,"player_choice":"AGREE","damage_taken":0,"max_hp_gain":0,"max_hp_loss":0,"event_name":"Liars Game","floor":5,"gold_loss":0,"cards_obtained":["Doubt"]},{"damage_healed":0,"gold_gain":100,"player_choice":"Gold","damage_taken":0,"max_hp_gain":0,"max_hp_loss":0,"event_name":"Wheel of Change","floor":7,"gold_loss":0}],"is_beta":false,"boss_relics":[],"items_purged_floors":[3,12],"is_endless":false,"potions_floor_spawned":[1,14],"killed_by":"The Guardian","ascension_level":17}}