{"host":"362zhnvmfmhc3u7b","time":1611879802,"event":{"mods":["BaseMod","Colored Powertips","Minty Spire (QoL Compilation)","Quick Restart","Rare Cards Sparkle","StSLib"],"gold_per_floor":[144,189,234,279,324,324,414,414,464,464,509,554,599,689,689,989,989,1004,1049,247,292,337,337,382,382,382,472,472,562,607,652,652,952,952,997,1042,1042,446,455,545,545,263,288,333,378,423,468,468,468,468],"floor_reached":51,"language":"ENG","playtime":10178,"items_purged":[],"score":812,"play_id":"28117cbc-4a7d-4e11-8ec7-8da122820ba3","local_time":"20210128192322","daily_mods":["Draft","Purple Cards","Midas"],"is_ascension_mode":false,"campfire_choices":[{"floor":6,"key":"REST"},{"floor":8,"key":"REST"},{"floor":10,"key":"REST"},{"floor":15,"key":"REST"},{"floor":23,"key":"REST"},{"floor":25,"key":"REST"},{"floor":32,"key":"REST"},{"floor":49,"key":"DIG"}],"circlet_count":0,"master_deck":["EmptyFist","CutThroughFate","EmptyBody","Conserve Battery","CutThroughFate","FollowUp","Perseverance","CrushJoints","Ball Lightning","SashWhip","Coolheaded","Self Repair","TalkToTheHand","Glacier","EmptyBody","FearNoEvil","FlurryOfBlows","Storm","Reinforced Body","Defragment+1","Sunder","MasterReality","Force Field+1","Omniscience+1","Consume+1","Collect+1","Undo+1","Alpha+1","Leap+1","Deep Breath+1","Protect+1","Wireheading+1","Defragment","Conserve Battery+1","Seek+1","Leap+1","Establishment","ThirdEye+1","Redo+1","Coolheaded+1","Enlightenment+1","Stack+1","Conclude+1","ConjureBlade+1","EmptyBody+1","Fission+1","Nirvana+1"],"relics":["Cracked Core","Bag of Marbles","Regal Pillow","Sundial","Astrolabe","Toxic Egg 2","Letter Opener","Eternal Feather","StrikeDummy","Symbiotic Virus","Ornamental Fan","Fusion Hammer","Shovel","Frozen Eye","Turnip","DataDisk","Akabeko","Centennial Puzzle","Bottled Flame"],"acts_visited":["Exordium","TheCity","TheBeyond"],"potions_floor_usage":[14,18,27,29,33,33,39,40,50],"damage_taken":[{"damage":0,"enemies":"Cultist","floor":1,"turns":2},{"damage":6,"enemies":"Jaw Worm","floor":2,"turns":2},{"damage":2,"enemies":"Small Slimes","floor":3,"turns":2},{"damage":8,"enemies":"3 Louse","floor":4,"turns":2},{"damage":0,"enemies":"2 Fungi Beasts","floor":5,"turns":4},{"damage":4,"enemies":"Gremlin Nob","floor":7,"turns":3},{"damage":0,"enemies":"Exordium Thugs","floor":11,"turns":4},{"damage":0,"enemies":"Blue Slaver","floor":12,"turns":2},{"damage":0,"enemies":"Exordium Wildlife","floor":13,"turns":4},{"damage":12,"enemies":"Lagavulin","floor":14,"turns":7},{"damage":10,"enemies":"Slime Boss","floor":16,"turns":9},{"damage":11,"enemies":"2 Thieves","floor":18,"turns":4},{"damage":7,"enemies":"Chosen","floor":19,"turns":8},{"damage":10,"enemies":"Snecko","floor":21,"turns":4},{"damage":6,"enemies":"Sentry and Sphere","floor":22,"turns":6},{"damage":26,"enemies":"Cultist and Chosen","floor":24,"turns":5},{"damage":10,"enemies":"Book of Stabbing","floor":27,"turns":10},{"damage":17,"enemies":"Slavers","floor":29,"turns":10},{"damage":22,"enemies":"3 Cultists","floor":30,"turns":6},{"damage":2,"enemies":"Snecko","floor":31,"turns":6},{"damage":4,"enemies":"Automaton","floor":33,"turns":10},{"damage":7,"enemies":"Orb Walker","floor":35,"turns":5},{"damage":11,"enemies":"3 Darklings","floor":36,"turns":4},{"damage":2,"enemies":"2 Orb Walkers","floor":39,"turns":6},{"damage":0,"enemies":"Nemesis","floor":40,"turns":11},{"damage":9,"enemies":"Jaw Worm Horde","floor":44,"turns":5},{"damage":2,"enemies":"Sphere and 2 Shapes","floor":45,"turns":6},{"damage":11,"enemies":"3 Darklings","floor":46,"turns":3},{"damage":0,"enemies":"4 Shapes","floor":47,"turns":1},{"damage":46,"enemies":"Time Eater","floor":50,"turns":13}],"seed_played":"9192803745042345800","potions_obtained":[{"floor":2,"key":"GamblersBrew"},{"floor":3,"key":"Ancient Potion"},{"floor":11,"key":"Regen Potion"},{"floor":14,"key":"Ancient Potion"},{"floor":16,"key":"EssenceOfSteel"},{"floor":24,"key":"SkillPotion"},{"floor":30,"key":"FocusPotion"},{"floor":31,"key":"AttackPotion"},{"floor":33,"key":"PowerPotion"},{"floor":35,"key":"FocusPotion"},{"floor":45,"key":"Strength Potion"},{"floor":46,"key":"Ancient Potion"},{"floor":47,"key":"SkillPotion"}],"is_trial":false,"path_per_floor":["M","M","M","M","M","R","E","R","T","R","M","M","M","E","R","B",null,"M","M","$","M","M","R","M","R","T","E","?","E","M","M","R","B",null,"M","M","?","$","?","E","?","$","T","M","M","M","M","?","R","B",null],"character_chosen":"DEFECT","items_purchased":["Toxic Egg 2","Alpha+1","Letter Opener","Leap+1","Deep Breath+1","Coolheaded+1","Shovel","Enlightenment+1","Frozen Eye","ConjureBlade+1","Akabeko","EmptyBody+1"],"campfire_rested":7,"item_purchase_floors":[20,20,20,20,20,38,38,38,38,42,42,42],"current_hp_per_floor":[75,75,73,65,72,75,71,75,75,75,75,75,75,70,75,65,75,71,71,71,61,55,75,49,75,75,75,75,65,43,55,75,75,75,75,71,71,71,69,75,75,75,75,66,71,60,60,60,75,36],"gold":468,"neow_bonus":"","is_daily":true,"chose_seed":false,"campfire_upgraded":0,"win_rate":0.0,"timestamp":1611879802,"path_taken":["M","M","M","M","M","R","E","R","T","R","M","M","M","E","R","BOSS","M","M","$","M","?","R","M","R","T","E","?","E","?","M","R","BOSS","M","M","?","$","?","E","?","$","T","?","M","M","M","?","R","BOSS"],"items_purchased_type":["Relic","Card","Relic","Card","Card","Card","Relic","Card","Relic","Card","Relic","Card"],"build_version":"2020-12-22","purchased_purges":0,"victory":true,"max_hp_per_floor":[75,75,75,75,75,75,75,75,75,75,75,75,75,75,75,75,75,75,75,75,75,75,75,75,75,75,75,75,75,75,75,75,75,75,75,75,75,75,75,75,75,75,75,75,75,75,75,75,75,75],"card_choices":[{"not_picked":["BattleHymn","FlyingSleeves"],"picked":"EmptyFist","floor":0},{"not_picked":["Static Discharge","Worship"],"picked":"CutThroughFate","floor":0},{"not_picked":["Gash","Halt"],"picked":"EmptyBody","floor":0},{"not_picked":["Redo","Rebound"],"picked":"Conserve Battery","floor":0},{"not_picked":["Consume","Hologram"],"picked":"CutThroughFate","floor":0},{"not_picked":["Turbo","PathToVictory"],"picked":"FollowUp","floor":0},{"not_picked":["CrushJoints","Study"],"picked":"Cold Snap","floor":0},{"not_picked":["Beam Cell","Rebound"],"picked":"Perseverance","floor":0},{"not_picked":["Consume","FollowUp"],"picked":"CrushJoints","floor":0},{"not_picked":["Rip and Tear","Consecrate"],"picked":"Ball Lightning","floor":0},{"not_picked":["PathToVictory","Prostrate"],"picked":"SashWhip","floor":0},{"not_picked":["Hologram","InnerPeace"],"picked":"Coolheaded","floor":0},{"not_picked":["EmptyFist","CrushJoints"],"picked":"Halt","floor":0},{"not_picked":["SandsOfTime","Scrape"],"picked":"Self Repair","floor":0},{"not_picked":["Collect","Turbo"],"picked":"TalkToTheHand","floor":0},{"not_picked":["Ball Lightning","SashWhip"],"picked":"Glacier","floor":1},{"not_picked":["WindmillStrike","Aggregate"],"picked":"EmptyBody","floor":2},{"not_picked":["Steam Power","Consume"],"picked":"FearNoEvil","floor":3},{"not_picked":["Rebound","EmptyBody"],"picked":"FlurryOfBlows","floor":4},{"not_picked":["Gash","EmptyBody"],"picked":"Coolheaded","floor":5},{"not_picked":["Steam Power","Rip and Tear"],"picked":"Storm","floor":7},{"not_picked":["Doom and Gloom","FearNoEvil"],"picked":"Reinforced Body","floor":11},{"not_picked":["Pray","Vengeance"],"picked":"Defragment","floor":12},{"not_picked":["Stack","DeceiveReality"],"picked":"Sunder","floor":13},{"not_picked":["Lockon","PathToVictory"],"picked":"MasterReality","floor":14},{"not_picked":["All For One","Hyperbeam"],"picked":"Meteor Strike","floor":16},{"not_picked":["Barrage","Compile Driver"],"picked":"Collect+1","floor":18},{"not_picked":["Steam Power","Gash+1"],"picked":"Undo+1","floor":19},{"not_picked":["Barrage+1","Hologram+1"],"picked":"Protect+1","floor":21},{"not_picked":["FlyingSleeves","Storm"],"picked":"Wireheading+1","floor":22},{"not_picked":["Protect+1","FollowUp"],"picked":"Defragment","floor":24},{"not_picked":["Consecrate","SashWhip"],"picked":"Conserve Battery+1","floor":27},{"not_picked":["Reprogram+1","PathToVictory+1","CrushJoints"],"picked":"SKIP","floor":29},{"not_picked":["Crescendo+1","Wallop"],"picked":"Seek+1","floor":30},{"not_picked":["BootSequence+1","LikeWater+1"],"picked":"Leap+1","floor":31},{"not_picked":["Biased Cognition","Creative AI"],"picked":"Establishment","floor":33},{"not_picked":["Sweeping Beam+1","Prostrate+1"],"picked":"ThirdEye+1","floor":35},{"not_picked":["Rip and Tear+1","Genetic Algorithm+1"],"picked":"Redo+1","floor":36},{"not_picked":["Sweeping Beam","Streamline+1"],"picked":"Stack+1","floor":39},{"not_picked":["Steam+1","Cold Snap+1"],"picked":"Conclude+1","floor":40},{"not_picked":["Beam Cell","Rebound+1","SashWhip"],"picked":"SKIP","floor":44},{"not_picked":["CutThroughFate+1","FollowUp"],"picked":"Fission+1","floor":45},{"not_picked":["Tempest+1","Rebound+1"],"picked":"Nirvana+1","floor":46},{"not_picked":["Halt+1","Barrage","Sweeping Beam"],"picked":"SKIP","floor":47}],"player_experience":1572587,"relics_obtained":[{"floor":7,"key":"Bag of Marbles"},{"floor":9,"key":"Regal Pillow"},{"floor":14,"key":"Sundial"},{"floor":26,"key":"Eternal Feather"},{"floor":27,"key":"StrikeDummy"},{"floor":29,"key":"Ornamental Fan"},{"floor":39,"key":"Turnip"},{"floor":40,"key":"DataDisk"},{"floor":43,"key":"Centennial Puzzle"},{"floor":49,"key":"Bottled Flame"}],"event_choices":[{"damage_healed":0,"gold_gain":0,"player_choice":"Gave Potion","damage_taken":0,"relics_obtained":["Symbiotic Virus"],"max_hp_gain":0,"max_hp_loss":0,"event_name":"WeMeetAgain","floor":28,"gold_loss":0},{"cards_removed":["Cold Snap"],"damage_healed":0,"gold_gain":0,"player_choice":"Removed Attack","damage_taken":0,"max_hp_gain":0,"max_hp_loss":0,"event_name":"Falling","floor":37,"gold_loss":0},{"damage_healed":0,"gold_gain":0,"player_choice":"Fight","damage_taken":0,"max_hp_gain":0,"max_hp_loss":0,"event_name":"Mysterious Sphere","floor":39,"gold_loss":0},{"damage_healed":0,"gold_gain":0,"player_choice":"Upgraded","damage_taken":0,"max_hp_gain":0,"max_hp_loss":0,"event_name":"Upgrade Shrine","floor":41,"gold_loss":0,"cards_upgraded":["Defragment"]},{"damage_healed":0,"gold_gain":0,"player_choice":"Ignored","damage_taken":0,"max_hp_gain":0,"max_hp_loss":0,"event_name":"Tomb of Lord Red Mask","floor":48,"gold_loss":0}],"is_beta":false,"boss_relics":[{"not_picked":["Runic Dome","Inserter"],"picked":"Astrolabe"},{"not_picked":["Calling Bell","Philosopher\u0027s Stone"],"picked":"Fusion Hammer"}],"items_purged_floors":[],"is_endless":false,"potions_floor_spawned":[2,3,11,14,16,24,30,31,33,35,45,46,47],"ascension_level":0}}