{"host":"LaserWall","time":1611947503,"event":{"mods":["BaseMod","Minty Spire (QoL Compilation)","Relic Stats","Weighted Paths"],"gold_per_floor":[113,130,130,145,40,40,71,89,89,89,89,108,121,154,154,258,258,278,13,13,28,39,39,72,72,96,96,108,128,128,143,143,246,246,259,259,10,0,20,20,50,50,128,151,151,195,195,233,233,233,233,233,37,81,81,81],"floor_reached":55,"language":"ENG","playtime":3925,"items_purged":["Strike_B","Strike_B"],"score":953,"play_id":"9984b6bb-9fea-488a-bdbc-b2416c9f39ef","local_time":"20210129141143","is_ascension_mode":true,"campfire_choices":[{"data":"Streamline","floor":6,"key":"SMITH"},{"floor":10,"key":"REST"},{"data":"Buffer","floor":15,"key":"SMITH"},{"data":"Beam Cell","floor":23,"key":"SMITH"},{"data":"Reinforced Body","floor":27,"key":"SMITH"},{"data":"Consume","floor":30,"key":"SMITH"},{"data":"Biased Cognition","floor":32,"key":"SMITH"},{"data":"Capacitor","floor":40,"key":"SMITH"},{"data":"Metamorphosis","floor":42,"key":"SMITH"},{"floor":47,"key":"RECALL"},{"data":"Capacitor","floor":49,"key":"SMITH"},{"data":"Beam Cell","floor":52,"key":"SMITH"}],"circlet_count":0,"master_deck":["Strike_B+1","Strike_B","Defend_B+1","Defend_B+1","Defend_B","Defend_B","Zap+1","Dualcast","Streamline+1","Gash","Reinforced Body+1","Gash","Compile Driver","Beam Cell+1","Machine Learning","Buffer+1","Biased Cognition+1","Chill","Self Repair","Coolheaded","Gash","Gash","Gash+1","White Noise+1","Consume+1","BootSequence","All For One","Metamorphosis+1","Good Instincts","Swift Strike","All For One","Capacitor+1","Cold Snap+1","Defragment+1","Beam Cell+1","Recycle+1","Capacitor+1","Gash","Coolheaded+1"],"relics":["Cracked Core","NeowsBlessing","War Paint","Regal Pillow","Matryoshka","Prayer Wheel","Runic Pyramid","Vajra","Symbiotic Virus","Happy Flower","Ancient Tea Set","SlaversCollar","DollysMirror","Red Mask","PreservedInsect","CeramicFish","Boot","Strawberry","Membership Card","Bronze Scales"],"acts_visited":["Exordium","TheCity","TheBeyond","TheEnding"],"potions_floor_usage":[18,48,55],"damage_taken":[{"damage":0,"enemies":"Jaw Worm","floor":1,"turns":1},{"damage":0,"enemies":"2 Louse","floor":2,"turns":1},{"damage":0,"enemies":"Cultist","floor":4,"turns":1},{"damage":16,"enemies":"Gremlin Nob","floor":7,"turns":3},{"damage":9,"enemies":"Red Slaver","floor":8,"turns":3},{"damage":6,"enemies":"Looter","floor":12,"turns":2},{"damage":0,"enemies":"Large Slime","floor":13,"turns":4},{"damage":25,"enemies":"Lagavulin","floor":14,"turns":5},{"damage":16,"enemies":"Slime Boss","floor":16,"turns":9},{"damage":1,"enemies":"3 Byrds","floor":18,"turns":4},{"damage":2,"enemies":"Chosen","floor":21,"turns":5},{"damage":22,"enemies":"Shelled Parasite and Fungi","floor":22,"turns":5},{"damage":9,"enemies":"Gremlin Leader","floor":24,"turns":8},{"damage":0,"enemies":"Snecko","floor":28,"turns":5},{"damage":3,"enemies":"Chosen and Byrds","floor":29,"turns":4},{"damage":0,"enemies":"Cultist and Chosen","floor":31,"turns":5},{"damage":13,"enemies":"Automaton","floor":33,"turns":10},{"damage":6,"enemies":"Orb Walker","floor":35,"turns":3},{"damage":12,"enemies":"3 Darklings","floor":39,"turns":4},{"damage":0,"enemies":"Giant Head","floor":41,"turns":4},{"damage":0,"enemies":"Maw","floor":44,"turns":8},{"damage":0,"enemies":"Nemesis","floor":46,"turns":5},{"damage":29,"enemies":"Reptomancer","floor":48,"turns":5},{"damage":16,"enemies":"Donu and Deca","floor":50,"turns":7},{"damage":89,"enemies":"Shield and Spear","floor":54,"turns":6},{"damage":31,"enemies":"The Heart","floor":55,"turns":3}],"seed_played":"-1493507941134373733","potions_obtained":[{"floor":2,"key":"Explosive Potion"},{"floor":7,"key":"SpeedPotion"},{"floor":16,"key":"Regen Potion"},{"floor":22,"key":"Ancient Potion"}],"is_trial":false,"path_per_floor":["M","M","?","M","$","R","E","M","T","R","?","M","M","E","R","B",null,"M","$","?","M","M","R","E","?","T","R","M","M","R","M","R","B",null,"M","?","$","?","M","R","E","R","T","M","?","E","R","E","R","B",null,"R","$","E","B"],"character_chosen":"DEFECT","items_purchased":["FairyPotion","Coolheaded","Vajra","DollysMirror","Membership Card","LiquidMemories","Gash"],"campfire_rested":1,"item_purchase_floors":[5,19,19,37,53,53,53],"current_hp_per_floor":[75,75,60,60,60,60,44,35,35,72,72,66,66,41,41,25,75,74,74,74,75,60,60,58,58,58,58,65,69,69,75,75,75,75,75,65,65,65,53,53,60,60,60,67,67,74,74,61,61,52,82,82,82,31,0,0],"gold":81,"neow_bonus":"THREE_ENEMY_KILL","is_daily":false,"chose_seed":false,"campfire_upgraded":10,"win_rate":0.0,"timestamp":1611947503,"path_taken":["M","M","?","M","$","R","E","M","T","R","?","M","M","E","R","BOSS","M","$","?","M","M","R","E","?","T","R","?","M","R","M","R","BOSS","M","?","$","?","M","R","E","R","T","M","?","E","R","E","R","BOSS","R","$","E","BOSS"],"items_purchased_type":["Potion","Card","Relic","Relic","Relic","Potion","Card"],"build_version":"2020-12-18","purchased_purges":2,"victory":false,"max_hp_per_floor":[75,75,75,75,75,75,75,75,75,75,75,75,75,75,75,75,75,75,75,75,75,75,75,75,75,75,75,75,75,75,75,75,75,75,75,75,75,75,75,75,75,75,75,75,75,75,75,82,82,82,82,82,82,82,82,82],"relic_stats":{"Regal Pillow":15,"Happy Flower":[23],"counters":[26,120],"CeramicFish":45,"Bronze Scales":[36],"Prayer Wheel":9,"PreservedInsect":173,"War Paint":["Defend_B","Zap"],"Boot":[14],"obtain_stats":[{"Regal Pillow":9,"NeowsBlessing":0,"Happy Flower":26,"CeramicFish":43,"Vajra":19,"PreservedInsect":41,"War Paint":7,"Ancient Tea Set":26,"Boot":46,"SlaversCollar":34,"Matryoshka":11,"DollysMirror":37,"Strawberry":48,"Bronze Scales":54,"Prayer Wheel":14,"Red Mask":38,"Membership Card":53,"Cracked Core":0,"Symbiotic Virus":24,"Runic Pyramid":17},{"Regal Pillow":5,"NeowsBlessing":0,"Happy Flower":13,"CeramicFish":20,"Vajra":10,"PreservedInsect":20,"War Paint":4,"Ancient Tea Set":13,"Boot":22,"SlaversCollar":17,"Matryoshka":5,"DollysMirror":18,"Strawberry":23,"Bronze Scales":25,"Prayer Wheel":8,"Red Mask":18,"Membership Card":24,"Cracked Core":0,"Symbiotic Virus":13,"Runic Pyramid":9},{"Regal Pillow":9,"NeowsBlessing":0,"Happy Flower":51,"CeramicFish":86,"Vajra":33,"PreservedInsect":86,"War Paint":6,"Ancient Tea Set":51,"Boot":99,"SlaversCollar":75,"Matryoshka":9,"DollysMirror":78,"Strawberry":104,"Bronze Scales":117,"Prayer Wheel":20,"Red Mask":78,"Membership Card":111,"Cracked Core":0,"Symbiotic Virus":51,"Runic Pyramid":29}]},"card_choices":[{"not_picked":["Hologram","Storm"],"picked":"Streamline","floor":1},{"not_picked":["Scrape","Steam"],"picked":"Gash","floor":2},{"not_picked":["Blizzard","Ball Lightning"],"picked":"Reinforced Body","floor":4},{"not_picked":["Ball Lightning","Compile Driver"],"picked":"Gash","floor":7},{"not_picked":["Stack","Turbo"],"picked":"Compile Driver","floor":8},{"not_picked":["Steam","Compile Driver"],"picked":"Beam Cell","floor":12},{"not_picked":["Leap","Compile Driver"],"picked":"Machine Learning","floor":13},{"not_picked":["Biased Cognition","Steam"],"picked":"Buffer","floor":14},{"not_picked":["Hyperbeam","Seek"],"picked":"Biased Cognition","floor":16},{"not_picked":["Chaos","Barrage"],"picked":"Chill","floor":18},{"not_picked":["Barrage","Redo"],"picked":"Self Repair","floor":18},{"not_picked":["Conserve Battery+1","Fusion"],"picked":"Gash","floor":21},{"not_picked":["Beam Cell","Hologram"],"picked":"Gash+1","floor":21},{"not_picked":["Fusion","Rebound","Steam"],"picked":"SKIP","floor":22},{"not_picked":["Loop","Compile Driver","Conserve Battery"],"picked":"SKIP","floor":22},{"not_picked":["Darkness","Hologram"],"picked":"White Noise+1","floor":24},{"not_picked":["Cold Snap","White Noise","Conserve Battery+1"],"picked":"SKIP","floor":28},{"not_picked":["Go for the Eyes","Undo","Thunder Strike"],"picked":"SKIP","floor":28},{"not_picked":["Sweeping Beam","Streamline+1"],"picked":"Consume","floor":29},{"not_picked":["Leap","Heatsinks"],"picked":"BootSequence","floor":29},{"not_picked":["Ball Lightning","Hologram","Tempest+1"],"picked":"SKIP","floor":31},{"not_picked":["Reinforced Body+1","Steam","Darkness"],"picked":"SKIP","floor":31},{"not_picked":["Meteor Strike","Thunder Strike"],"picked":"All For One","floor":33},{"not_picked":["Hologram","Ball Lightning+1","Steam"],"picked":"SKIP","floor":35},{"not_picked":["Aggregate+1","Ball Lightning+1","Turbo"],"picked":"SKIP","floor":35},{"not_picked":["Dramatic Entrance","Secret Weapon"],"picked":"Metamorphosis","floor":36},{"not_picked":["Blind","Finesse"],"picked":"Good Instincts","floor":36},{"not_picked":["Jack Of All Trades","Transmutation"],"picked":"Swift Strike","floor":36},{"not_picked":["Redo","Conserve Battery+1"],"picked":"Capacitor","floor":39},{"not_picked":["Ball Lightning+1","Barrage"],"picked":"Cold Snap+1","floor":39},{"not_picked":["Reinforced Body","Conserve Battery"],"picked":"Defragment+1","floor":41},{"not_picked":["Hello World","White Noise+1"],"picked":"Beam Cell","floor":44},{"not_picked":["Sunder","Gash","Static Discharge+1"],"picked":"SKIP","floor":44},{"not_picked":["Ball Lightning","Redo"],"picked":"Recycle+1","floor":46},{"not_picked":["Beam Cell","Multi-Cast"],"picked":"Capacitor","floor":48},{"not_picked":["Ball Lightning","Undo+1"],"picked":"Coolheaded+1","floor":54}],"player_experience":190603,"relics_obtained":[{"floor":7,"key":"War Paint"},{"floor":9,"key":"Regal Pillow"},{"floor":14,"key":"Prayer Wheel"},{"floor":24,"key":"Symbiotic Virus"},{"floor":26,"key":"Happy Flower"},{"floor":26,"key":"Ancient Tea Set"},{"floor":41,"key":"PreservedInsect"},{"floor":43,"key":"CeramicFish"},{"floor":46,"key":"Boot"},{"floor":48,"key":"Strawberry"},{"floor":54,"key":"Bronze Scales"}],"event_choices":[{"damage_healed":0,"gold_gain":0,"player_choice":"Entered Light","damage_taken":15,"max_hp_gain":0,"max_hp_loss":0,"event_name":"Shining Light","floor":3,"gold_loss":0,"cards_upgraded":["Strike_B","Defend_B"]},{"damage_healed":0,"gold_gain":0,"player_choice":"Searched \u00272\u0027 times","damage_taken":0,"relics_obtained":["Matryoshka"],"max_hp_gain":0,"max_hp_loss":0,"event_name":"Dead Adventurer","floor":11,"gold_loss":0},{"damage_healed":0,"gold_gain":0,"player_choice":"Read","damage_taken":0,"max_hp_gain":0,"max_hp_loss":0,"event_name":"The Library","floor":20,"gold_loss":0,"cards_obtained":["Gash"]},{"damage_healed":0,"gold_gain":0,"player_choice":"Memory 3","damage_taken":10,"max_hp_gain":0,"max_hp_loss":0,"event_name":"SensoryStone","floor":36,"gold_loss":0},{"damage_healed":0,"gold_gain":0,"player_choice":"Paid","damage_taken":0,"relics_obtained":["Red Mask"],"max_hp_gain":0,"max_hp_loss":0,"event_name":"Tomb of Lord Red Mask","floor":38,"gold_loss":10},{"damage_healed":0,"gold_gain":0,"player_choice":"Got Potions","damage_taken":0,"max_hp_gain":0,"max_hp_loss":0,"event_name":"Lab","floor":45,"gold_loss":0}],"is_beta":true,"boss_relics":[{"not_picked":["Busted Crown","Nuclear Battery"],"picked":"Runic Pyramid"},{"not_picked":["Inserter","Calling Bell"],"picked":"SlaversCollar"}],"items_purged_floors":[19,37],"is_endless":false,"potions_floor_spawned":[2,7,8,13,16,22,28,35,44],"killed_by":"The Heart","ascension_level":3}}