{"host":"zlrtw6zx2qjb37pc","time":1611903347,"event":{"mods":["BaseMod","Better Altar","Better Match","Better Note","Better Sensory Stone","Better Skull","Better Third Choice","Colored Map","Colored Powertips","Downfall","Highlight Path","Minty Spire (QoL Compilation)","Relic Stats","StSLib"],"gold_per_floor":[99,111,16,31,42,72,72,103,203,103,135,135,146,175,191,290,290,90,100,118,118,28,28,28,28,61,77,77,88,120,120,137,240,240,240,252,252,334,334,368,368,394,269,123,123,133,133,133,148,148,148,175,29,29,29,29,29],"floor_reached":55,"language":"ENG","playtime":3058,"items_purged":["downfall:Icky","champ:Execute","champ:ShieldSlam"],"score":854,"play_id":"8de4889b-eb46-4181-9b09-4887b5b68a25","local_time":"20210129145547","is_ascension_mode":true,"campfire_choices":[{"floor":1.0,"key":"RECALL"},{"data":"champ:FaceSlap","floor":10,"key":"SMITH"},{"data":"champ:SwordThrow","floor":18,"key":"SMITH"},{"data":"champ:CheapShot","floor":25,"key":"SMITH"},{"data":"champ:BerserkersShout","floor":28,"key":"SMITH"},{"data":"champ:Taunt","floor":35,"key":"SMITH"},{"floor":45,"key":"REST"},{"floor":47,"key":"REST"},{"floor":54,"key":"REST"}],"circlet_count":0,"master_deck":["champ:Strike","champ:Strike","champ:Strike+1","champ:Strike+1","champ:Defend","champ:Defend","champ:Defend","champ:Defend","champ:Taunt+1","champ:FaceSlap+1","champ:PreciseThrust","champ:VampiricStrike","champ:Endure","champ:Shatter","champ:Haymaker","champ:CrownThrow","champ:MurderStrike","champ:SwordThrow+1","champ:LastStand","champ:CheapShot+1","champ:BerserkersShout+1","champ:BerserkersShout+1","champ:MurderStrike","champ:Shatter","champ:LastStand","champ:FanOfKnives","champ:RapidStrikes+1"],"relics":["Cursed Key","Turnip","Potion Belt","downfall:HeartBlessingRed","Whetstone","Centennial Puzzle","Velvet Choker","downfall:HeartBlessingBlue","downfall:HeartBlessingGreen","Singing Bowl","Anchor","Snecko Eye","HandDrill","Blood Vial","Ginger","champ:BerserkersGuideToSlaughter","Orichalcum","Bag of Marbles"],"acts_visited":["TheCity","TheBeyond","TheEnding"],"potions_floor_usage":[16,16,27,30,30,33,50,50,50,52],"damage_taken":[{"damage":26.0,"enemies":"Jaw Worm","floor":2.0,"turns":3.0},{"damage":25.0,"enemies":"downfall:FleeingMerchant","floor":3.0,"turns":4.0},{"damage":10.0,"enemies":"Cultist","floor":4.0,"turns":2.0},{"damage":0.0,"enemies":"2 Louse","floor":5.0,"turns":1.0},{"damage":30.0,"enemies":"Lagavulin","floor":6.0,"turns":7.0},{"damage":26.0,"enemies":"3 Sentries","floor":8.0,"turns":8.0},{"damage":45.0,"enemies":"3 Sentries","floor":9.0,"turns":4.0},{"damage":13,"enemies":"Gremlin Nob","floor":11,"turns":3},{"damage":15,"enemies":"Exordium Thugs","floor":13,"turns":2},{"damage":20,"enemies":"3 Sentries","floor":14,"turns":4},{"damage":11,"enemies":"Exordium Wildlife","floor":15,"turns":4},{"damage":28,"enemies":"SI_SHIV_ARCHETYPE","floor":16,"turns":6},{"damage":32,"enemies":"Spheric Guardian","floor":19,"turns":4},{"damage":10,"enemies":"3 Byrds","floor":20,"turns":4},{"damage":30,"enemies":"downfall:FleeingMerchant","floor":22,"turns":4},{"damage":32,"enemies":"Gremlin Leader","floor":26,"turns":4},{"damage":25,"enemies":"Snecko","floor":27,"turns":4},{"damage":20,"enemies":"Chosen and Byrds","floor":29,"turns":3},{"damage":42,"enemies":"Slavers","floor":30,"turns":4},{"damage":25,"enemies":"Snake Plant","floor":32,"turns":4},{"damage":31,"enemies":"IC_MUSHROOM_ARCHETYPE","floor":33,"turns":4},{"damage":45,"enemies":"3 Shapes","floor":36,"turns":4},{"damage":49,"enemies":"downfall:FleeingMerchant","floor":38,"turns":3},{"damage":68,"enemies":"Nemesis","floor":40,"turns":4},{"damage":76,"enemies":"Giant Head","floor":42,"turns":7},{"damage":31,"enemies":"3 Darklings","floor":46,"turns":3},{"damage":4,"enemies":"Sphere and 2 Shapes","floor":49,"turns":3},{"damage":100,"enemies":"WA_ARCHETYPE_DIVINITY","floor":50,"turns":5},{"damage":93,"enemies":"downfall:CharBossMerchant","floor":52,"turns":7},{"damage":109,"enemies":"downfall:NeowBoss","floor":55,"turns":6}],"seed_played":"8187705562347180269","potions_obtained":[{"floor":4.0,"key":"champ:CounterPotion"},{"floor":5.0,"key":"EssenceOfSteel"},{"floor":11,"key":"SpeedPotion"},{"floor":14,"key":"SteroidPotion"},{"floor":15,"key":"champ:OpenerPotion"},{"floor":16,"key":"DistilledChaos"},{"floor":19,"key":"SkillPotion"},{"floor":27,"key":"BlessingOfTheForge"},{"floor":29,"key":"EssenceOfSteel"},{"floor":33,"key":"LiquidMemories"},{"floor":36,"key":"champ:TechniquePotion"},{"floor":42,"key":"AttackPotion"},{"floor":46,"key":"Block Potion"}],"is_trial":false,"path_per_floor":["R","M","$","M","M","E","T","E","?","R","E","T","M","E","M","B",null,"R","M","M","?","$","?","T","R","E","M","R","M","E","?","M","B",null,"R","M","?","$","T","E","T","E","$","$","R","M","R","$","M","B",null,"E","$","R","B"],"character_chosen":"THE_CHAMP","items_purchased":["champ:VampiricStrike","HandDrill","champ:BerserkersGuideToSlaughter","Bag of Marbles"],"campfire_rested":3,"item_purchase_floors":[3,38,44,53],"current_hp_per_floor":[90,84,79,79,79,64,64,58,33,33,30,30,25,20,19,5,90,100,78,78,78,78,58,58,58,46,43,43,43,35,35,22,13,111,111,111,111,102,102,66,66,49,49,49,83,84,115,115,117,97,117,69,69,104,0,0,0],"gold":29,"neow_bonus":"BOSS_RELIC","is_daily":false,"chose_seed":false,"campfire_upgraded":5,"win_rate":0.0,"timestamp":1611903347,"path_taken":["R","M","$","M","M","E","T","E","?","R","E","?","M","E","M","BOSS","R","M","M","?","$","?","T","R","E","M","R","M","E","?","M","BOSS","R","M","?","$","?","E","T","E","?","$","R","M","R","$","M","BOSS","E","$","R","BOSS"],"items_purchased_type":["Card","Relic","Relic","Relic"],"build_version":"2020-12-22","purchased_purges":3,"victory":false,"max_hp_per_floor":[90,90,90,90,90,90,90,90,90,90,90,90,90,90,90,90,90,100,100,100,100,100,105,105,105,105,107,107,107,109,109,111,111,111,111,111,111,111,111,113,113,115,115,115,115,115,115,115,117,117,117,117,117,117,117,117,117],"relic_stats":{"Blood Vial":6,"Centennial Puzzle":[60],"Singing Bowl":12,"counters":[30,125],"Snecko Eye":[77,63,78,76],"Turnip":[16],"HandDrill":[14],"Whetstone":["champ:Strike","champ:Strike"],"Ginger":[13],"Orichalcum":[12],"Cursed Key":1,"obtain_stats":[{"Potion Belt":8,"downfall:HeartBlessingRed":10,"Singing Bowl":26,"Velvet Choker":17,"champ:ChampionCrown":0,"downfall:HeartBlessingGreen":18,"Whetstone":11,"Ginger":42,"Orichalcum":52,"Cursed Key":0,"Blood Vial":40,"Centennial Puzzle":14,"Anchor":30,"downfall:HeartBlessingBlue":18,"Snecko Eye":34,"Turnip":6,"HandDrill":38,"Bag of Marbles":53,"champ:BerserkersGuideToSlaughter":44},{"Potion Belt":6,"downfall:HeartBlessingRed":7,"Singing Bowl":16,"Velvet Choker":12,"champ:ChampionCrown":0,"downfall:HeartBlessingGreen":12,"Whetstone":8,"Ginger":25,"Orichalcum":29,"Cursed Key":0,"Blood Vial":24,"Centennial Puzzle":10,"Anchor":19,"downfall:HeartBlessingBlue":12,"Snecko Eye":21,"Turnip":5,"HandDrill":23,"Bag of Marbles":29,"champ:BerserkersGuideToSlaughter":25},{"Potion Belt":25,"downfall:HeartBlessingRed":29,"Singing Bowl":64,"Velvet Choker":48,"champ:ChampionCrown":0,"downfall:HeartBlessingGreen":48,"Whetstone":32,"Ginger":101,"Orichalcum":119,"Cursed Key":0,"Blood Vial":94,"Centennial Puzzle":38,"Anchor":75,"downfall:HeartBlessingBlue":48,"Snecko Eye":83,"Turnip":17,"HandDrill":90,"Bag of Marbles":119,"champ:BerserkersGuideToSlaughter":101}]},"card_choices":[{"not_picked":["champ:Endure","champ:EnGarde"],"picked":"champ:FaceSlap","floor":2.0},{"not_picked":["champ:BerserkerStyle","champ:CalledShot"],"picked":"champ:PreciseThrust","floor":3.0},{"not_picked":["champ:EnGarde","champ:DefensiveShout"],"picked":"champ:Endure","floor":4.0},{"not_picked":["champ:FocusedDefense","champ:DefensiveStyle"],"picked":"champ:Shatter","floor":5.0},{"not_picked":["champ:SkillfulDodge","champ:GutPunch","champ:Backstep"],"picked":"SKIP","floor":6.0},{"not_picked":["champ:StanceDance","champ:BerserkersShout"],"picked":"champ:Haymaker","floor":8.0},{"not_picked":["champ:BladeFlurry","champ:BringItOn","champ:Parry"],"picked":"SKIP","floor":9},{"not_picked":["champ:BringItOn","champ:FancyFootwork"],"picked":"champ:CrownThrow","floor":11},{"not_picked":["champ:Shatter","champ:Lariat"],"picked":"champ:MurderStrike","floor":13},{"not_picked":["champ:Duel","champ:Parry"],"picked":"champ:SwordThrow","floor":14},{"not_picked":["champ:TornadoPunch","champ:DefensiveStyle"],"picked":"champ:ShieldSlam","floor":15},{"not_picked":["champ:UltimateStance","champ:VampiricStrike"],"picked":"champ:LastStand","floor":16},{"not_picked":["champ:Backstep","champ:DefensiveShout","champ:GutPunch"],"picked":"SKIP","floor":19},{"not_picked":["champ:FocusedDefense","champ:BladeFlurry","champ:FlashCut"],"picked":"SKIP","floor":20},{"not_picked":["champ:EndlessRage+1","champ:PerfectedStrike"],"picked":"champ:CheapShot","floor":22},{"not_picked":["champ:PerfectedStrike","champ:ArenaPreparation+1"],"picked":"champ:BerserkersShout","floor":26},{"not_picked":["champ:Haymaker","champ:IronFortress","champ:StanceDance"],"picked":"Singing Bowl","floor":27},{"not_picked":["champ:PerfectedStrike","champ:AdrenalArmor"],"picked":"champ:BerserkersShout","floor":29},{"not_picked":["champ:DefensiveShout","champ:DefensiveStyle","champ:BringItOn"],"picked":"Singing Bowl","floor":30},{"not_picked":["champ:ShieldThrow","champ:PreciseThrust","champ:FocusedDefense+1"],"picked":"Singing Bowl","floor":32},{"not_picked":["champ:HeavySlash","champ:GladiatorForm"],"picked":"champ:MurderStrike","floor":33},{"not_picked":["champ:BerserkersShout","champ:DefensiveShout+1"],"picked":"champ:Shatter","floor":36},{"not_picked":["champ:BladeFlurry","champ:Endure"],"picked":"champ:LastStand","floor":38},{"not_picked":["champ:AdrenalArmor+1","champ:PreciseThrust+1","champ:SkillfulDodge"],"picked":"Singing Bowl","floor":40},{"not_picked":["champ:Haymaker","champ:TornadoPunch","champ:BladeFlurry+1"],"picked":"Singing Bowl","floor":42},{"not_picked":["champ:PreciseThrust","champ:BringItOn+1"],"picked":"champ:FanOfKnives","floor":46},{"not_picked":["champ:HoldFirm","champ:BladeFlurry+1","champ:PreciseThrust"],"picked":"Singing Bowl","floor":49},{"not_picked":["champ:LastStand","champ:BerserkersShout"],"picked":"champ:RapidStrikes+1","floor":52}],"player_experience":132898,"relics_obtained":[{"floor":6.0,"key":"Turnip"},{"floor":8.0,"key":"Potion Belt"},{"floor":11,"key":"Whetstone"},{"floor":14,"key":"Centennial Puzzle"},{"floor":26,"key":"Singing Bowl"},{"floor":30,"key":"Anchor"},{"floor":40,"key":"Blood Vial"},{"floor":42,"key":"Ginger"},{"floor":52,"key":"Orichalcum"}],"event_choices":[],"is_beta":false,"boss_relics":[{"not_picked":["Runic Dome","Runic Pyramid"],"picked":"Velvet Choker"},{"not_picked":["Black Star","Sozu"],"picked":"Snecko Eye"}],"items_purged_floors":[22,38,43],"is_endless":false,"potions_floor_spawned":[4,5,11,14,15,16,19,27,29,33,36,42,46,49],"killed_by":"downfall:NeowBoss","ascension_level":1}}