{"host":"55yei7x27djrlaep","time":1611906660,"event":{"mods":["Act Like it!","Aspiration","BaseMod","Better Altar","Better Match","Better Note","Better Sensory Stone","Better Skull","Better Third Choice","BetterRewards","Colored Map","Evolution","Friendly Minions","GifTheSpireLib","Hubris","Minty Spire (QoL Compilation)","Pale of the Ancients","Replay The Spire","StSLib","The Bladedancer","The Runesmith","TheSurvivalist"],"gold_per_floor":[116,133,133,150,167,167,167],"floor_reached":6,"language":"ENG","playtime":710,"items_purged":["survmod:Strike"],"score":38,"play_id":"d984d6c3-a1e8-4ee6-8704-0daf5ce3ca0e","local_time":"20210129105100","is_ascension_mode":false,"campfire_choices":[],"circlet_count":0,"master_deck":["survmod:Strike","survmod:Strike","survmod:Defend","survmod:Defend","survmod:Defend","survmod:Defend","survmod:VersatileOffense","survmod:Sprint","survmod:MarkTrap","survmod:NockAnArrow","survmod:MutantEnergy+1","survmod:DuckAndFlare","survmod:FenceTrap","survmod:EscapeMechanism+1","survmod:QuickThinking","survmod:NockAnArrow"],"relics":["survmod:InnateMutation","EVO:Axolotl","Medical Kit","Golden Egg","Replay:Multitool"],"acts_visited":["Exordium"],"potions_floor_usage":[6,6],"damage_taken":[{"damage":2,"enemies":"Cultist","floor":1,"turns":5},{"damage":4,"enemies":"2 Louse","floor":2,"turns":4},{"damage":1,"enemies":"Small Slimes","floor":4,"turns":8},{"damage":8,"enemies":"Blue Slaver","floor":5,"turns":8},{"damage":12,"enemies":"3 Sentries","floor":6,"turns":6}],"seed_played":"5076982372754911492","potions_obtained":[{"floor":1,"key":"BlessingOfTheForge"},{"floor":2,"key":"Fire Potion"},{"floor":5,"key":"Strength Potion"}],"is_trial":false,"path_per_floor":["M","M","?","M","M","E"],"character_chosen":"THE_SURVIVOR","items_purchased":["survmod:MarkTrap","survmod:NockAnArrow","Medical Kit","Golden Egg","survmod:MutantEnergy"],"campfire_rested":0,"item_purchase_floors":[0,0,0,0,0],"current_hp_per_floor":[25,21,21,20,12,0,0],"gold":167,"neow_bonus":"","is_daily":false,"chose_seed":false,"campfire_upgraded":0,"win_rate":0.0,"timestamp":1611906660,"path_taken":["M","?","?","M","?","E"],"items_purchased_type":["Card","Card","Relic","Relic","Card"],"build_version":"2020-12-22","purchased_purges":1,"victory":false,"max_hp_per_floor":[50,50,50,50,50,50,50],"card_choices":[{"not_picked":["survmod:HiddenTactic","survmod:MarkedShot"],"picked":"survmod:DuckAndFlare","floor":1},{"not_picked":["survmod:MarkedShot","survmod:QuickDash"],"picked":"survmod:FenceTrap","floor":2},{"not_picked":["survmod:BearTrap","survmod:PersonalMark"],"picked":"survmod:QuickThinking","floor":4},{"not_picked":["survmod:FindCover","survmod:SwiftKick"],"picked":"survmod:NockAnArrow","floor":5}],"player_experience":427978,"relics_obtained":[],"event_choices":[{"damage_healed":0,"gold_gain":0,"cards_transformed":["survmod:Strike"],"player_choice":"Transformed","damage_taken":0,"max_hp_gain":0,"max_hp_loss":0,"event_name":"Transmorgrifier","floor":3,"gold_loss":0,"cards_obtained":["survmod:EscapeMechanism"]}],"is_beta":false,"boss_relics":[],"items_purged_floors":[0],"is_endless":false,"potions_floor_spawned":[1,2,5],"killed_by":"3 Sentries","ascension_level":0}}