{"host":"2wp95sdfrgw3k439","time":1611963616,"event":{"mods":["BaseMod","Better Altar","Better Skull","Better Third Choice","Curses Come First","Minty Spire (QoL Compilation)","Permanent Neow","StSLib"],"gold_per_floor":[110,110,122,122,135,169,169,200,200,200,228,245,245,258,258,355,355,375,440,218,268,285,318,333,333,333,333,383,383,410,430,430,530,530,544,556,606,620,90,90,90],"floor_reached":40,"language":"ENG","playtime":1927,"items_purged":["Cold Snap","Zap"],"score":624,"play_id":"f5269692-edfb-4787-93eb-20562bb6cfe6","local_time":"20210129164016","is_ascension_mode":true,"campfire_choices":[{"floor":7,"key":"REST"},{"data":"Multi-Cast","floor":13,"key":"SMITH"},{"floor":15,"key":"REST"},{"floor":25,"key":"REST"},{"floor":27,"key":"REST"},{"data":"Rainbow","floor":29,"key":"SMITH"},{"data":"Reboot","floor":32,"key":"SMITH"}],"circlet_count":0,"master_deck":["Dualcast","Streamline+1","Reinforced Body","Sweeping Beam","Multi-Cast+1","Heatsinks","Hello World","Rainbow+1","Rip and Tear","Genetic Algorithm","Capacitor","Static Discharge","Aggregate","Sweeping Beam","BootSequence","Recycle+1","Cold Snap+1","Melter","Defragment","RitualDagger+1","Defragment","Conserve Battery+1","Reboot+1","Multi-Cast","FTL+1","Stack+1","Beam Cell+1","Dark Shackles"],"relics":["Cracked Core","Boot","Emotion Chip","Prayer Wheel","Symbiotic Virus","SsserpentHead","HornCleat","Pandora\u0027s Box","Centennial Puzzle","Cables","Whetstone","Nloth\u0027s Gift","Eternal Feather","SlaversCollar","Gambling Chip","Membership Card","Shuriken","Darkstone Periapt"],"acts_visited":["Exordium","TheCity","TheBeyond"],"potions_floor_usage":[6,11,14,16,22,22,23,23,30,33,36,40],"damage_taken":[{"damage":0,"enemies":"2 Louse","floor":1,"turns":2},{"damage":0,"enemies":"Cultist","floor":3,"turns":3},{"damage":0,"enemies":"Small Slimes","floor":5,"turns":3},{"damage":13,"enemies":"Lagavulin","floor":6,"turns":6},{"damage":12,"enemies":"Gremlin Nob","floor":8,"turns":5},{"damage":9,"enemies":"3 Sentries","floor":11,"turns":4},{"damage":0,"enemies":"3 Louse","floor":12,"turns":2},{"damage":0,"enemies":"Large Slime","floor":14,"turns":4},{"damage":24,"enemies":"Hexaghost","floor":16,"turns":11},{"damage":5,"enemies":"3 Byrds","floor":18,"turns":3},{"damage":10,"enemies":"Shell Parasite","floor":19,"turns":5},{"damage":0,"enemies":"3 Cultists","floor":22,"turns":4},{"damage":26,"enemies":"Book of Stabbing","floor":23,"turns":5},{"damage":0,"enemies":"Sentry and Sphere","floor":24,"turns":3},{"damage":13,"enemies":"Gremlin Leader","floor":30,"turns":6},{"damage":0,"enemies":"Snecko","floor":31,"turns":3},{"damage":11,"enemies":"Champ","floor":33,"turns":5},{"damage":2,"enemies":"Orb Walker","floor":35,"turns":3},{"damage":30,"enemies":"3 Darklings","floor":36,"turns":6},{"damage":6,"enemies":"4 Shapes","floor":38,"turns":5},{"damage":75,"enemies":"Giant Head","floor":40,"turns":9}],"seed_played":"-3894339380816162773","potions_obtained":[{"floor":1,"key":"Strength Potion"},{"floor":8,"key":"DistilledChaos"},{"floor":11,"key":"DistilledChaos"},{"floor":12,"key":"Explosive Potion"},{"floor":19,"key":"EntropicBrew"},{"floor":23,"key":"LiquidBronze"},{"floor":30,"key":"FearPotion"},{"floor":31,"key":"Explosive Potion"},{"floor":35,"key":"SpeedPotion"},{"floor":38,"key":"EssenceOfSteel"}],"is_trial":false,"path_per_floor":["M","?","M","T","M","E","R","E","T","?","E","M","R","M","R","B",null,"M","M","$","?","M","E","M","R","T","R","?","R","E","M","R","B",null,"M","M","T","M","$","E"],"character_chosen":"DEFECT","items_purchased":["Centennial Puzzle","Membership Card","Shuriken","Dark Shackles","Darkstone Periapt","Regen Potion"],"campfire_rested":4,"item_purchase_floors":[20,39,39,39,39,39],"current_hp_per_floor":[50,50,50,50,50,37,59,47,47,47,38,38,38,38,60,36,65,60,50,50,44,44,18,18,40,40,62,62,62,49,49,61,50,69,67,37,37,31,31,0,0],"gold":90,"neow_bonus":"ONE_RARE_RELIC","is_daily":false,"chose_seed":false,"campfire_upgraded":3,"win_rate":0.0,"timestamp":1611963616,"path_taken":["M","?","?","?","M","E","R","E","T","?","E","M","R","M","R","BOSS","M","?","$","?","M","E","M","R","T","R","?","R","E","M","R","BOSS","M","M","?","M","$","E"],"items_purchased_type":["Relic","Relic","Relic","Card","Relic","Potion"],"build_version":"2020-12-22","purchased_purges":2,"victory":false,"max_hp_per_floor":[75,75,75,75,75,75,75,75,75,75,75,75,75,75,75,75,75,75,75,75,75,75,75,75,75,75,75,75,75,75,75,75,75,75,75,75,75,75,75,75,75],"card_choices":[{"not_picked":["Hologram","Stack"],"picked":"Streamline","floor":1},{"not_picked":["Compile Driver","Hologram"],"picked":"Cold Snap","floor":3},{"not_picked":["Gash","Hologram"],"picked":"Reinforced Body","floor":5},{"not_picked":["Scrape","Rebound"],"picked":"Sweeping Beam","floor":6},{"not_picked":["Cold Snap","Coolheaded"],"picked":"Multi-Cast","floor":8},{"not_picked":["Double Energy","Streamline","Chaos"],"picked":"SKIP","floor":11},{"not_picked":["Streamline","Aggregate"],"picked":"Heatsinks","floor":12},{"not_picked":["Steam","Auto Shields","Compile Driver"],"picked":"SKIP","floor":12},{"not_picked":["Go for the Eyes","Doom and Gloom"],"picked":"Hello World","floor":14},{"not_picked":["Steam Power","Stack","Redo"],"picked":"SKIP","floor":14},{"not_picked":["Multi-Cast","All For One"],"picked":"Rainbow","floor":16},{"not_picked":["Rip and Tear","White Noise"],"picked":"Recycle+1","floor":18},{"not_picked":["Steam","Gash+1"],"picked":"Cold Snap+1","floor":18},{"not_picked":["Sunder","Streamline+1"],"picked":"Melter","floor":19},{"not_picked":["Skim","Redo+1"],"picked":"Defragment","floor":19},{"not_picked":["Cold Snap","Steam Power","Auto Shields"],"picked":"SKIP","floor":22},{"not_picked":["Rip and Tear","Consume","Beam Cell"],"picked":"SKIP","floor":22},{"not_picked":["Gash","Fusion","Steam"],"picked":"SKIP","floor":23},{"not_picked":["Rip and Tear+1","Consume"],"picked":"Defragment","floor":24},{"not_picked":["Redo","Auto Shields","Fusion"],"picked":"SKIP","floor":24},{"not_picked":["Melter","Rebound","Barrage"],"picked":"SKIP","floor":30},{"not_picked":["Scrape","Sunder"],"picked":"Conserve Battery+1","floor":31},{"not_picked":["Hello World+1","Stack"],"picked":"Reboot","floor":31},{"not_picked":["Thunder Strike","All For One"],"picked":"Multi-Cast","floor":33},{"not_picked":["Compile Driver+1","Darkness"],"picked":"FTL+1","floor":35},{"not_picked":["Cold Snap","Steam Power","Gash+1"],"picked":"SKIP","floor":35},{"not_picked":["Leap+1","Sweeping Beam","Turbo+1"],"picked":"SKIP","floor":36},{"not_picked":["Rip and Tear","All For One","Doom and Gloom"],"picked":"SKIP","floor":36},{"not_picked":["Static Discharge+1","Go for the Eyes"],"picked":"Stack+1","floor":38},{"not_picked":["Creative AI","Stack"],"picked":"Beam Cell+1","floor":38}],"player_experience":505236,"relics_obtained":[{"floor":4,"key":"Boot"},{"floor":6,"key":"Emotion Chip"},{"floor":8,"key":"Prayer Wheel"},{"floor":9,"key":"Symbiotic Virus"},{"floor":11,"key":"HornCleat"},{"floor":23,"key":"Cables"},{"floor":26,"key":"Whetstone"},{"floor":30,"key":"Eternal Feather"},{"floor":37,"key":"Gambling Chip"}],"event_choices":[{"cards_removed":["Strike_B"],"damage_healed":0,"gold_gain":0,"player_choice":"Purged","damage_taken":0,"max_hp_gain":0,"max_hp_loss":0,"event_name":"Purifier","floor":2,"gold_loss":0},{"damage_healed":0,"gold_gain":0,"player_choice":"Trade","damage_taken":0,"relics_obtained":["SsserpentHead"],"max_hp_gain":0,"max_hp_loss":0,"event_name":"FaceTrader","floor":10,"gold_loss":0},{"damage_healed":0,"gold_gain":0,"player_choice":"Dagger","damage_taken":6,"max_hp_gain":0,"max_hp_loss":0,"event_name":"betterThird:BetterNest","floor":21,"gold_loss":0,"cards_obtained":["RitualDagger"]},{"damage_healed":0,"gold_gain":0,"player_choice":"Traded Relic","damage_taken":0,"relics_obtained":["Nloth\u0027s Gift"],"max_hp_gain":0,"max_hp_loss":0,"event_name":"N\u0027loth","floor":28,"relics_lost":["FossilizedHelix"],"gold_loss":0}],"is_beta":false,"boss_relics":[{"not_picked":["FrozenCore","Black Star"],"picked":"Pandora\u0027s Box"},{"not_picked":["Astrolabe","Empty Cage"],"picked":"SlaversCollar"}],"items_purged_floors":[20,39],"is_endless":false,"potions_floor_spawned":[1,8,11,12,19,23,30,31,35,38],"killed_by":"Giant Head","ascension_level":8}}