{"host":"ordk2y2ebcetabk6","time":1611963605,"event":{"mods":["AlwaysNeverKeys","Astrologer","Bard","BaseMod","Better Debug","Colored Map","Colored Powertips","Dark Map","Hermit","Highlight Path","Minty Spire (QoL Compilation)","Morshu Shopkeeper","Permanent Neow","Rare Cards Sparkle","Spire Arcade","StSLib","Sumireko Usami","The Hydrologist"],"gold_per_floor":[111,111,127,137,147,147,147,147,147,166,91,91,91,108,108,210,210,224,224,40,40,54,54,68,68,68],"floor_reached":25,"language":"ENG","playtime":1328,"items_purged":["sumireko:StrikeSeal","sumireko:Wall"],"score":193,"play_id":"a16dba0a-50a2-4b08-86f5-bd5f21279e00","local_time":"20210129164005","is_ascension_mode":false,"campfire_choices":[{"data":"sumireko:Cornerstone","floor":6,"key":"SMITH"},{"data":"sumireko:OccultSeal","floor":8,"key":"SMITH"},{"data":"sumireko:FireburstSeal","floor":12,"key":"SMITH"},{"data":"sumireko:DefenseSeal","floor":15,"key":"SMITH"},{"data":"Trip","floor":23,"key":"SMITH"}],"circlet_count":0,"master_deck":["sumireko:StrikeSeal+1","sumireko:DefenseSeal","sumireko:DefenseSeal+1","sumireko:DefenseSeal+1","sumireko:Wall","sumireko:OccultSeal+1","sumireko:PsychokineticBurst","sumireko:EchoSeal","sumireko:FireburstSeal+1","sumireko:EchoSeal","sumireko:Cornerstone+1","sumireko:Forcefield","sumireko:MalleableFire","sumireko:Telephotography+1","Trip+1","sumireko:EchoSeal"],"relics":["sumireko:OccultBall","Matryoshka","Empty Cage"],"acts_visited":["Exordium","TheCity"],"potions_floor_usage":[16,24,25,25],"damage_taken":[{"damage":5,"enemies":"2 Louse","floor":1,"turns":3},{"damage":5,"enemies":"Small Slimes","floor":3,"turns":3},{"damage":3,"enemies":"Jaw Worm","floor":4,"turns":2},{"damage":2,"enemies":"Large Slime","floor":5,"turns":4},{"damage":3,"enemies":"2 Fungi Beasts","floor":10,"turns":3},{"damage":12,"enemies":"3 Louse","floor":14,"turns":5},{"damage":23,"enemies":"Slime Boss","floor":16,"turns":4},{"damage":6,"enemies":"Shell Parasite","floor":18,"turns":6},{"damage":15,"enemies":"Spheric Guardian","floor":22,"turns":5},{"damage":33,"enemies":"Cultist and Chosen","floor":24,"turns":8},{"damage":30,"enemies":"Snecko","floor":25,"turns":4}],"seed_played":"2456617669515122110","potions_obtained":[{"floor":3,"key":"LiquidBronze"},{"floor":10,"key":"Weak Potion"},{"floor":14,"key":"SkillPotion"},{"floor":16,"key":"FearPotion"},{"floor":24,"key":"ColorlessPotion"}],"is_trial":false,"path_per_floor":["M","?","M","M","M","R","?","R","T","M","$","R","?","M","R","B",null,"M","?","$","?","M","R","M","M"],"character_chosen":"SUMIREKO","items_purchased":["Trip"],"campfire_rested":0,"item_purchase_floors":[20],"current_hp_per_floor":[65,51,46,43,41,41,46,46,46,43,43,43,43,31,31,8,75,69,69,69,69,54,54,21,0,0],"gold":68,"neow_bonus":"THREE_CARDS","is_daily":false,"chose_seed":false,"campfire_upgraded":5,"win_rate":0.0,"timestamp":1611963605,"path_taken":["M","?","M","M","M","R","?","R","T","M","?","R","?","M","R","BOSS","M","?","$","?","?","R","M","M"],"items_purchased_type":["Card"],"build_version":"2020-12-22","purchased_purges":2,"victory":false,"max_hp_per_floor":[70,70,70,70,70,70,75,75,75,75,75,75,75,75,75,75,75,75,75,75,75,75,75,75,75,75],"card_choices":[{"not_picked":["sumireko:RepressionSeal","sumireko:Sight"],"picked":"sumireko:EchoSeal","floor":0},{"not_picked":["sumireko:Crush","sumireko:EchoSeal"],"picked":"sumireko:FireburstSeal","floor":1},{"not_picked":["sumireko:MalleableFire","sumireko:ForbiddenKnowledge"],"picked":"sumireko:EchoSeal","floor":3},{"not_picked":["sumireko:Rite","sumireko:Possession"],"picked":"sumireko:Cornerstone","floor":4},{"not_picked":["sumireko:FireburstSeal","sumireko:Rite"],"picked":"sumireko:Forcefield","floor":5},{"not_picked":["sumireko:Psychexplosion","sumireko:DeflectionSeal","sumireko:CardTrick"],"picked":"SKIP","floor":10},{"not_picked":["sumireko:SixthSense","sumireko:RuleCancel","sumireko:Augury"],"picked":"SKIP","floor":14},{"not_picked":["sumireko:Curse","sumireko:VisionOfMadness"],"picked":"sumireko:MalleableFire","floor":16},{"not_picked":["sumireko:Psychexplosion","sumireko:NaturalJinx"],"picked":"sumireko:Telephotography+1","floor":18},{"not_picked":["sumireko:Possession","sumireko:TelephonePole","sumireko:CardTrick"],"picked":"SKIP","floor":22},{"not_picked":["sumireko:Crush","sumireko:RepressionSeal","sumireko:RestrainingSeal"],"picked":"SKIP","floor":24}],"player_experience":1090823,"relics_obtained":[{"floor":9,"key":"Matryoshka"}],"event_choices":[{"damage_healed":0,"gold_gain":0,"player_choice":"Entered Light","damage_taken":14,"max_hp_gain":0,"max_hp_loss":0,"event_name":"Shining Light","floor":2,"gold_loss":0,"cards_upgraded":["sumireko:DefenseSeal","sumireko:StrikeSeal"]},{"damage_healed":0,"gold_gain":0,"player_choice":"Donut","damage_taken":0,"max_hp_gain":5,"max_hp_loss":0,"event_name":"Big Fish","floor":7,"gold_loss":0},{"damage_healed":0,"gold_gain":0,"player_choice":"Ignored","damage_taken":0,"max_hp_gain":0,"max_hp_loss":0,"event_name":"Liars Game","floor":13,"gold_loss":0},{"damage_healed":0,"gold_gain":0,"player_choice":"Ignored","damage_taken":0,"max_hp_gain":0,"max_hp_loss":0,"event_name":"Cursed Tome","floor":19,"gold_loss":0},{"damage_healed":0,"gold_gain":0,"player_choice":"Copied","damage_taken":0,"max_hp_gain":0,"max_hp_loss":0,"event_name":"Duplicator","floor":21,"gold_loss":0,"cards_obtained":["sumireko:EchoSeal"]}],"is_beta":false,"boss_relics":[{"not_picked":["Snecko Eye","Ectoplasm"],"picked":"Empty Cage"}],"items_purged_floors":[11,20],"is_endless":false,"potions_floor_spawned":[3,10,14,16,24],"killed_by":"Snecko","ascension_level":0}}