{"host":"4qkvkh7pd9qr2mca","time":1611962794,"event":{"mods":["AchievementEnabler","Act Like it!","BaseMod","Colored Map","Colored Powertips","Highlight Path","Minty Spire (QoL Compilation)","Pale of the Ancients","Permanent Neow","Quick Restart","Relic Stats","StSLib","SuperFastMode"],"gold_per_floor":[115,135,148,161,180,180,209,209,209,209,226,255,255,270,270,341,341,355,405,425,83,96,96,96],"floor_reached":23,"language":"ENG","playtime":1318,"items_purged":["Strike_G"],"score":410,"play_id":"eaf55af6-1f29-428a-8212-587b7dc1c57e","local_time":"20210130002634","is_ascension_mode":true,"campfire_choices":[{"floor":6,"key":"REST"},{"floor":8,"key":"REST"},{"data":"Well Laid Plans","floor":10,"key":"SMITH"},{"data":"Accuracy","floor":13,"key":"SMITH"},{"data":"Choke","floor":15,"key":"SMITH"}],"circlet_count":0,"master_deck":["AscendersBane","Strike_G","Strike_G","Strike_G","Strike_G","Defend_G","Defend_G","Defend_G","Defend_G","Defend_G","Survivor","Neutralize","After Image","Acrobatics","Well Laid Plans+1","Accuracy+1","Blade Dance","Venomology","Choke+1","Setup","Die Die Die","Well Laid Plans","Burst","Leg Sweep"],"relics":["Ring of the Snake","FossilizedHelix","Question Card","InkBottle","Busted Crown","HornCleat"],"acts_visited":["Exordium","TheCity"],"potions_floor_usage":[4,7,7,11,12,16,16,18,18,18,18,18,20,22,22,23],"damage_taken":[{"damage":2.0,"enemies":"2 Louse","floor":1.0,"turns":6.0},{"damage":18.0,"enemies":"Jaw Worm","floor":2.0,"turns":7.0},{"damage":7,"enemies":"Small Slimes","floor":3,"turns":6},{"damage":7,"enemies":"Exordium Thugs","floor":4,"turns":6},{"damage":10,"enemies":"3 Louse","floor":5,"turns":6},{"damage":4,"enemies":"Lagavulin","floor":7,"turns":4},{"damage":4,"enemies":"Lots of Slimes","floor":11,"turns":6},{"damage":4,"enemies":"3 Sentries","floor":12,"turns":10},{"damage":0,"enemies":"Looter","floor":14,"turns":2},{"damage":31,"enemies":"Hexaghost","floor":16,"turns":12},{"damage":0,"enemies":"Chosen","floor":18,"turns":2},{"damage":16,"enemies":"Shell Parasite","floor":20,"turns":6},{"damage":24,"enemies":"Cultist and Chosen","floor":22,"turns":8},{"damage":10,"enemies":"Book of Stabbing","floor":23,"turns":4}],"seed_played":"-4078045420707174876","potions_obtained":[{"floor":2.0,"key":"Block Potion"},{"floor":5,"key":"BlessingOfTheForge"},{"floor":7,"key":"ColorlessPotion"},{"floor":16,"key":"GamblersBrew"}],"is_trial":false,"path_per_floor":["M","M","M","M","M","R","E","R","T","R","M","E","R","M","R","B",null,"M","?","M","$","M","E"],"character_chosen":"THE_SILENT","items_purchased":["HornCleat"],"campfire_rested":2,"item_purchase_floors":[21],"current_hp_per_floor":[57,39,32,25,15,33,29,47,47,47,43,39,39,39,39,8,47,47,47,31,31,7,0,0],"gold":96,"neow_bonus":"THREE_RARE_CARDS","is_daily":false,"chose_seed":false,"campfire_upgraded":3,"win_rate":0.0,"timestamp":1611962794,"path_taken":["M","M","M","M","M","R","E","R","T","R","M","E","R","M","R","BOSS","M","?","M","$","M","E"],"items_purchased_type":["Relic"],"build_version":"2020-12-22","purchased_purges":1,"victory":false,"max_hp_per_floor":[60,60,60,60,60,60,60,60,60,60,60,60,60,60,60,60,60,60,60,60,60,60,60,60],"relic_stats":{"Busted Crown":6,"counters":[14,85],"Question Card":7,"obtain_stats":[{"Busted Crown":17,"HornCleat":21,"Question Card":9,"FossilizedHelix":7,"InkBottle":12,"Ring of the Snake":0},{"Busted Crown":10,"HornCleat":12,"Question Card":6,"FossilizedHelix":6,"InkBottle":8,"Ring of the Snake":0},{"Busted Crown":65,"HornCleat":73,"Question Card":35,"FossilizedHelix":35,"InkBottle":51,"Ring of the Snake":0}],"InkBottle":[14],"Ring of the Snake":[28]},"card_choices":[{"not_picked":["Storm of Steel","Venomology"],"picked":"After Image","floor":0.0},{"not_picked":["Dagger Spray","Sucker Punch"],"picked":"Acrobatics","floor":1.0},{"not_picked":["Flying Knee","Backflip"],"picked":"Well Laid Plans","floor":2.0},{"not_picked":["Underhanded Strike","Bane"],"picked":"Accuracy","floor":3},{"not_picked":["Flying Knee","Dodge and Roll"],"picked":"Blade Dance","floor":4},{"not_picked":["Acrobatics","Eviscerate"],"picked":"Venomology","floor":5},{"not_picked":["Underhanded Strike","Sucker Punch"],"picked":"Choke","floor":7},{"not_picked":["Predator","Prepared","Slice"],"picked":"Setup","floor":11},{"not_picked":["Deflect","Slice","Bouncing Flask"],"picked":"Die Die Die","floor":12},{"not_picked":["Slice","Concentrate","Sucker Punch"],"picked":"Well Laid Plans","floor":14},{"not_picked":["Malaise","Phantasmal Killer","Grand Finale"],"picked":"Burst","floor":16},{"not_picked":["Outmaneuver"],"picked":"Leg Sweep","floor":18},{"not_picked":["Prepared","Dagger Throw"],"picked":"SKIP","floor":20},{"not_picked":["Bane","Slice"],"picked":"SKIP","floor":22}],"player_experience":586534,"relics_obtained":[{"floor":7,"key":"FossilizedHelix"},{"floor":9,"key":"Question Card"},{"floor":12,"key":"InkBottle"}],"event_choices":[{"damage_healed":0,"gold_gain":50,"player_choice":"Stole From Cult","damage_taken":0,"max_hp_gain":0,"max_hp_loss":0,"event_name":"Nest","floor":19,"gold_loss":0}],"is_beta":false,"boss_relics":[{"not_picked":["Fusion Hammer","Philosopher\u0027s Stone"],"picked":"Busted Crown"}],"items_purged_floors":[21],"is_endless":false,"potions_floor_spawned":[2,5,7,14,16,22],"killed_by":"Book of Stabbing","ascension_level":20}}