{"host":"kvo7eymyd21g9abd","time":1611948572,"event":{"mods":["AchievementEnabler","BaseMod","Bestiary","Colored Map","Minty Spire (QoL Compilation)","StSLib"],"gold_per_floor":[216,24,38,55,67,94,94,94,94,94,59,384,384,415,415,513,513,531,547,547,81,92,92,119,135,182,213,213,232,260,273,273,368,368,388,405,405,420,420,420,430,447,447,111,123,123,156,170,170,170,170,170,16,49,49,49],"floor_reached":55,"language":"ENG","playtime":2197,"items_purged":[],"score":854,"play_id":"ddc7ef91-13ad-4e7d-b871-baa5eee609c0","local_time":"20210129142932","is_ascension_mode":false,"campfire_choices":[{"floor":7,"key":"RECALL"},{"floor":10,"key":"REST"},{"data":"Perfected Strike","floor":15,"key":"SMITH"},{"floor":23,"key":"REST"},{"floor":28,"key":"REST"},{"data":"Reaper","floor":32,"key":"SMITH"},{"data":"Pommel Strike","floor":40,"key":"SMITH"},{"data":"1","floor":46,"key":"LIFT"},{"data":"2","floor":49,"key":"LIFT"},{"data":"3","floor":52,"key":"LIFT"}],"circlet_count":0,"master_deck":["Strike_R","Strike_R","Strike_R","Strike_R","Strike_R","Defend_R","Defend_R","Defend_R","Defend_R","Bash","Twin Strike","Perfected Strike+1","Shrug It Off","Flame Barrier","Whirlwind+1","Twin Strike","Shrug It Off","Pommel Strike+1","Offering","Twin Strike","Reaper+1","Armaments+1","Flex+1","Inflame+1","Twin Strike","Offering","Perfected Strike+1","Offering","Seeing Red+1","Perfected Strike+1","Armaments+1"],"relics":["Burning Blood","Lee\u0027s Waffle","Pantograph","Old Coin","GremlinMask","StrikeDummy","Snecko Eye","Potion Belt","Incense Burner","Anchor","Akabeko","Smiling Mask","Paper Frog","SacredBark","Magic Flower","Girya","Peace Pipe","Toy Ornithopter","Vajra"],"acts_visited":["Exordium","TheCity","TheBeyond","TheEnding"],"potions_floor_usage":[50,55,55],"damage_taken":[{"damage":0,"enemies":"2 Louse","floor":1,"turns":3},{"damage":6,"enemies":"Jaw Worm","floor":3,"turns":3},{"damage":0,"enemies":"Cultist","floor":4,"turns":2},{"damage":10,"enemies":"Looter","floor":5,"turns":3},{"damage":50,"enemies":"Lagavulin","floor":6,"turns":7},{"damage":20,"enemies":"Gremlin Nob","floor":12,"turns":4},{"damage":23,"enemies":"3 Sentries","floor":14,"turns":5},{"damage":0,"enemies":"Slime Boss","floor":16,"turns":7},{"damage":26,"enemies":"Shell Parasite","floor":18,"turns":5},{"damage":6,"enemies":"Spheric Guardian","floor":19,"turns":2},{"damage":33,"enemies":"Snake Plant","floor":22,"turns":4},{"damage":20,"enemies":"Slavers","floor":24,"turns":4},{"damage":1,"enemies":"Cultist and Chosen","floor":25,"turns":4},{"damage":28,"enemies":"Gremlin Leader","floor":27,"turns":4},{"damage":0,"enemies":"Sentry and Sphere","floor":29,"turns":3},{"damage":6,"enemies":"Book of Stabbing","floor":30,"turns":3},{"damage":0,"enemies":"Snake Plant","floor":31,"turns":2},{"damage":43,"enemies":"Champ","floor":33,"turns":8},{"damage":6,"enemies":"3 Shapes","floor":35,"turns":1},{"damage":20,"enemies":"Orb Walker","floor":36,"turns":4},{"damage":6,"enemies":"Sphere and 2 Shapes","floor":38,"turns":3},{"damage":0,"enemies":"Jaw Worm Horde","floor":41,"turns":3},{"damage":6,"enemies":"Maw","floor":42,"turns":5},{"damage":22,"enemies":"3 Darklings","floor":45,"turns":3},{"damage":47,"enemies":"Nemesis","floor":47,"turns":5},{"damage":25,"enemies":"Jaw Worm Horde","floor":48,"turns":3},{"damage":100,"enemies":"Donu and Deca","floor":50,"turns":8},{"damage":55,"enemies":"Shield and Spear","floor":54,"turns":4},{"damage":255,"enemies":"The Heart","floor":55,"turns":8}],"seed_played":"3238314893257170440","potions_obtained":[{"floor":1,"key":"BlessingOfTheForge"},{"floor":4,"key":"Swift Potion"},{"floor":5,"key":"Weak Potion"},{"floor":14,"key":"DuplicationPotion"},{"floor":19,"key":"Fire Potion"},{"floor":24,"key":"PowerPotion"},{"floor":27,"key":"SkillPotion"},{"floor":29,"key":"PowerPotion"},{"floor":38,"key":"Block Potion"},{"floor":39,"key":"FairyPotion"},{"floor":39,"key":"DuplicationPotion"},{"floor":42,"key":"FairyPotion"},{"floor":54,"key":"Explosive Potion"}],"is_trial":false,"path_per_floor":["M","$","M","M","M","E","R","?","T","R","?","E","?","E","R","B",null,"M","M","?","$","M","R","E","M","T","E","R","M","E","M","R","B",null,"M","M","?","M","?","R","M","M","T","$","M","R","E","M","R","B",null,"R","$","E","B"],"character_chosen":"IRONCLAD","items_purchased":["Lee\u0027s Waffle","Perfected Strike","Potion Belt","Incense Burner","BloodPotion","Girya","Toy Ornithopter"],"campfire_rested":3,"item_purchase_floors":[2,2,21,21,44,44,53],"current_hp_per_floor":[80,87,87,87,83,39,39,39,39,65,86,72,72,55,55,86,87,67,67,50,50,23,50,45,54,54,59,86,92,92,92,92,55,92,92,78,78,92,92,92,92,92,92,92,79,79,55,68,68,92,92,92,92,61,0,0],"gold":49,"neow_bonus":"HUNDRED_GOLD","is_daily":false,"chose_seed":false,"campfire_upgraded":3,"win_rate":0.0,"timestamp":1611948572,"path_taken":["M","$","M","M","M","E","R","?","T","R","?","E","?","E","R","BOSS","M","M","?","$","M","R","E","M","T","E","R","M","E","M","R","BOSS","M","M","?","?","?","R","M","M","T","$","M","R","E","M","R","BOSS","R","$","E","BOSS"],"items_purchased_type":["Relic","Card","Relic","Relic","Potion","Relic","Relic"],"build_version":"2020-12-22","purchased_purges":0,"victory":false,"max_hp_per_floor":[80,87,87,87,87,87,87,87,87,87,87,87,87,87,87,87,87,87,87,92,92,92,92,92,92,92,92,92,92,92,92,92,92,92,92,92,92,92,92,92,92,92,92,92,92,92,92,92,92,92,92,92,92,92,92,92],"card_choices":[{"not_picked":["Havoc","Reckless Charge"],"picked":"Twin Strike","floor":1},{"not_picked":["Reckless Charge","Flex"],"picked":"Shrug It Off","floor":3},{"not_picked":["Armaments","Disarm"],"picked":"Flame Barrier","floor":4},{"not_picked":["Wild Strike","Iron Wave"],"picked":"Whirlwind","floor":5},{"not_picked":["Searing Blow","True Grit"],"picked":"Twin Strike","floor":6},{"not_picked":["Searing Blow","Uppercut"],"picked":"Shrug It Off","floor":12},{"not_picked":["Dark Embrace","Flex"],"picked":"Pommel Strike","floor":14},{"not_picked":["Barricade","Demon Form"],"picked":"Offering","floor":16},{"not_picked":["Anger+1","Thunderclap","Rampage"],"picked":"SKIP","floor":18},{"not_picked":["Shrug It Off","Thunderclap+1"],"picked":"Twin Strike","floor":19},{"not_picked":["Flex","Ghostly Armor+1"],"picked":"Reaper","floor":22},{"not_picked":["Headbutt","Hemokinesis","Sword Boomerang"],"picked":"SKIP","floor":24},{"not_picked":["Whirlwind","Warcry"],"picked":"Armaments+1","floor":25},{"not_picked":["Rupture","True Grit+1","Clothesline"],"picked":"SKIP","floor":27},{"not_picked":["Clash","Cleave"],"picked":"Flex+1","floor":29},{"not_picked":["Impervious","Whirlwind"],"picked":"Inflame","floor":30},{"not_picked":["Seeing Red","Anger+1"],"picked":"Twin Strike","floor":31},{"not_picked":["Reaper","Corruption"],"picked":"Offering","floor":33},{"not_picked":["Evolve","Second Wind+1","Cleave"],"picked":"SKIP","floor":35},{"not_picked":["Rampage","Clash+1"],"picked":"Perfected Strike+1","floor":36},{"not_picked":["Thunderclap","Sword Boomerang+1","Heavy Blade+1"],"picked":"SKIP","floor":38},{"not_picked":["Wild Strike+1","Clothesline+1"],"picked":"Offering","floor":41},{"not_picked":["Pummel","Sword Boomerang+1","Metallicize+1"],"picked":"SKIP","floor":42},{"not_picked":["Power Through","Seeing Red+1","Clothesline+1"],"picked":"SKIP","floor":45},{"not_picked":["Power Through","Clothesline+1"],"picked":"Seeing Red+1","floor":45},{"not_picked":["Carnage","Thunderclap+1"],"picked":"Perfected Strike+1","floor":47},{"not_picked":["Feel No Pain+1","Havoc+1","Clothesline+1"],"picked":"SKIP","floor":48},{"not_picked":["Havoc+1","Ghostly Armor+1"],"picked":"Armaments+1","floor":54}],"player_experience":434911,"relics_obtained":[{"floor":6,"key":"Pantograph"},{"floor":12,"key":"Old Coin"},{"floor":14,"key":"StrikeDummy"},{"floor":24,"key":"Anchor"},{"floor":26,"key":"Akabeko"},{"floor":27,"key":"Smiling Mask"},{"floor":30,"key":"Paper Frog"},{"floor":43,"key":"Magic Flower"},{"floor":47,"key":"Peace Pipe"},{"floor":54,"key":"Vajra"}],"event_choices":[{"damage_healed":0,"gold_gain":0,"player_choice":"Grow","damage_taken":0,"max_hp_gain":0,"max_hp_loss":0,"event_name":"Living Wall","floor":8,"gold_loss":0,"cards_upgraded":["Whirlwind"]},{"damage_healed":21,"gold_gain":0,"player_choice":"Healed","damage_taken":0,"max_hp_gain":0,"max_hp_loss":0,"event_name":"The Cleric","floor":11,"gold_loss":35},{"damage_healed":0,"gold_gain":0,"player_choice":"Trade","damage_taken":0,"relics_obtained":["GremlinMask"],"max_hp_gain":0,"max_hp_loss":0,"event_name":"FaceTrader","floor":13,"gold_loss":0},{"damage_healed":0,"gold_gain":0,"player_choice":"Shed Blood","damage_taken":22,"max_hp_gain":5,"max_hp_loss":0,"event_name":"Forgotten Altar","floor":20,"gold_loss":0},{"damage_healed":0,"gold_gain":0,"player_choice":"Forge","damage_taken":0,"max_hp_gain":0,"max_hp_loss":0,"event_name":"Accursed Blacksmith","floor":37,"gold_loss":0,"cards_upgraded":["Inflame"]},{"damage_healed":0,"gold_gain":0,"player_choice":"Got Potions","damage_taken":0,"max_hp_gain":0,"max_hp_loss":0,"event_name":"Lab","floor":39,"gold_loss":0}],"is_beta":false,"boss_relics":[{"not_picked":["Runic Dome","Pandora\u0027s Box"],"picked":"Snecko Eye"},{"not_picked":["Black Star","Runic Cube"],"picked":"SacredBark"}],"items_purged_floors":[],"is_endless":false,"potions_floor_spawned":[1,4,5,14,19,24,27,29,31,38,42,45,54],"killed_by":"The Heart","ascension_level":0}}