{"host":"Ringo","time":1611916393,"event":{"mods":["BaseMod","Colored Map","Conspire","Dota2Spire","Minty Spire (QoL Compilation)","Replay The Spire","StSLib","[IsaacMod]ÒÔÈö¼âËþ","¡¾ÒÅÎï¿¨ÅÆ¡¿REMEMod"],"gold_per_floor":[114,124,143,153,163,192,220,246,246,276,305,339,369,403,403,477,477,477,487,502,513,532,594,622,652,652,19,46,56,119,133,133,209,209,257,269,287,304,344,377,387,417,495,522,577,577,610,9,9,9,39],"floor_reached":52,"language":"ZHS","playtime":1626,"items_purged":["Crescendo"],"score":3773,"play_id":"291640e1-4c19-4e86-953a-25bb93dc17a9","local_time":"20210129183313","daily_mods":["SealedDeck","Vintage","Diverse","Colorless Cards","Heirloom","Time Dilation","Flight","DeadlyEvents","Elite Swarm","Lethality","Binary"],"is_ascension_mode":true,"campfire_choices":[{"data":"Feed","floor":15,"key":"SMITH"},{"data":"REME_Cut","floor":32,"key":"SMITH"},{"data":"FlyingSleeves","floor":46,"key":"SMITH"},{"data":"Pot Of Greed","floor":49,"key":"SMITH"}],"circlet_count":0,"master_deck":["AscendersBane","Feed+1","ReplayTheSpireMod:Trickstab+1","PiercingWail","Prepared","Cloak And Dagger","SashWhip+1","FlyingSleeves+1","Dagger Spray","Consecrate","Gash+1","REME_Cut+1","DevaForm+1","Blur","Indignation","Pot Of Greed+1","Pot Of Greed"],"relics":["Ring of the Snake","Busted Crown","HushsDoor","REME_ComplimentaryCards","replay:Trail_Library","GuppysPaw","GuppysHead","Mercury Hourglass","SatanicBible","Divine Protection","Happy Flower","REME_LimitBreaker","Dota2Spire:DivineRapier","Replay:Wax Seal","conspire:Dentures","Replay:WaspNest","Chameleon Ring","Regal Pillow","GuppysTail","The Specimen","Blue Candle","MagicMushroom","Whetstone","Replay:Bottled Steam","conspire:DeflatedDodgeball","Dota2Spire:HandOfMidas","HowToJump","Tiny Chest","Replay:Bottled Flurry","Kunai","Dota2Spire:ShivaGuard","Potion Belt","PokeGo","conspire:TopHat","ReplayTheSpireMod:Lightbulb","SalivaCoin","conspire:RoyalGoblet","Strawberry","Pet Ghost","Replay:Baseball","Akabeko","Bag of Marbles","Tingsha","Dota2Spire:ShadowBlade","TheBible","Bottled Lightning","BookOfRevelations","The Courier","Darkstone Periapt","Dota2Spire:DrumOfEndurance","Frozen Eye","Replay:Bottled Eggs","Grinning Jar"],"acts_visited":["Exordium","TheCity","TheBeyond"],"potions_floor_usage":[30,33,33,51,51,51],"damage_taken":[{"damage":0,"enemies":"Cultist","floor":1,"turns":1},{"damage":0,"enemies":"Small Slimes","floor":2,"turns":1},{"damage":0,"enemies":"Jaw Worm","floor":3,"turns":1},{"damage":0,"enemies":"2 Fungi Beasts","floor":4,"turns":1},{"damage":0,"enemies":"Large Slime","floor":5,"turns":1},{"damage":0,"enemies":"Gremlin Nob","floor":6,"turns":2},{"damage":0,"enemies":"Lagavulin","floor":7,"turns":2},{"damage":0,"enemies":"Gremlin Nob","floor":8,"turns":1},{"damage":0,"enemies":"Lagavulin","floor":10,"turns":1},{"damage":0,"enemies":"Gremlin Nob","floor":11,"turns":2},{"damage":0,"enemies":"3 Sentries","floor":12,"turns":1},{"damage":0,"enemies":"Lagavulin","floor":13,"turns":1},{"damage":0,"enemies":"Gremlin Nob","floor":14,"turns":1},{"damage":0,"enemies":"Hexaghost","floor":16,"turns":2},{"damage":0,"enemies":"Chosen","floor":19,"turns":1},{"damage":0,"enemies":"2 Thieves","floor":20,"turns":1},{"damage":0,"enemies":"conspire:HollyBat","floor":21,"turns":3},{"damage":0,"enemies":"Shelled Parasite and Fungi","floor":22,"turns":1},{"damage":0,"enemies":"conspire:Head Lice","floor":23,"turns":1},{"damage":0,"enemies":"Gremlin Leader","floor":24,"turns":1},{"damage":0,"enemies":"Slavers","floor":25,"turns":1},{"damage":0,"enemies":"Gremlin Leader","floor":28,"turns":1},{"damage":0,"enemies":"Chosen and Byrds","floor":29,"turns":1},{"damage":0,"enemies":"REME_1_Revenger","floor":30,"turns":2},{"damage":0,"enemies":"Centurion and Healer","floor":31,"turns":1},{"damage":0,"enemies":"Automaton","floor":33,"turns":2},{"damage":0,"enemies":"3 Darklings","floor":35,"turns":2},{"damage":0,"enemies":"Orb Walker","floor":36,"turns":1},{"damage":0,"enemies":"Jaw Worm Horde","floor":37,"turns":1},{"damage":0,"enemies":"Maw","floor":38,"turns":2},{"damage":0,"enemies":"Spire Growth","floor":39,"turns":2},{"damage":0,"enemies":"Reptomancer","floor":40,"turns":1},{"damage":0,"enemies":"Sphere and 2 Shapes","floor":41,"turns":1},{"damage":0,"enemies":"R_Hoarder","floor":42,"turns":1},{"damage":0,"enemies":"Nemesis","floor":44,"turns":1},{"damage":0,"enemies":"R_Hoarder","floor":45,"turns":1},{"damage":0,"enemies":"Reptomancer","floor":47,"turns":1},{"damage":0,"enemies":"Awakened One","floor":50,"turns":3},{"damage":0,"enemies":"Time Eater","floor":51,"turns":1}],"seed_played":"457150341503245794","potions_obtained":[{"floor":1,"key":"GhostInAJar"},{"floor":6,"key":"LiquidBronze"},{"floor":29,"key":"LiquidMemories"},{"floor":30,"key":"BlessingOfTheForge"},{"floor":31,"key":"LiquidBronze"},{"floor":35,"key":"conspire:TimeTravelPotion"},{"floor":38,"key":"SpeedPotion"}],"is_trial":true,"path_per_floor":["M","M","M","M","M","E","E","E","T","E","E","E","E","E","R","B",null,"?","M","M","M","M","E","E","E","T","$","E","M","E","M","R","B",null,"M","M","M","M","M","E","M","E","T","E","E","R","E","$","R","B","B",null],"character_chosen":"THE_SILENT","items_purchased":["Dota2Spire:ShivaGuard","Potion Belt","Blur","Indignation","Dota2Spire:DrumOfEndurance","Frozen Eye","Replay:Bottled Eggs","Grinning Jar"],"campfire_rested":0,"item_purchase_floors":[27,27,27,34,48,48,48,48],"current_hp_per_floor":[62,62,62,65,68,71,71,71,71,74,77,77,80,83,83,83,91,91,95,95,95,99,103,103,107,107,107,107,107,111,111,111,111,108,119,119,119,123,127,127,131,135,135,135,135,135,139,139,139,139,136],"gold":39,"neow_bonus":"","is_daily":false,"chose_seed":false,"campfire_upgraded":4,"win_rate":0.0,"timestamp":1611916393,"path_taken":["?","M","M","M","M","E","E","E","T","E","E","E","E","E","R","BOSS","?","M","M","M","M","E","E","E","T","$","E","M","E","M","R","BOSS","M","M","M","M","M","E","M","E","T","E","E","R","E","$","R","BOSS","BOSS"],"items_purchased_type":["Relic","Relic","Card","Card","Relic","Relic","Relic","Relic"],"build_version":"2020-12-18","purchased_purges":1,"victory":true,"max_hp_per_floor":[63,63,63,66,69,72,72,72,72,75,78,78,81,84,84,84,91,91,95,95,95,99,103,103,107,107,107,107,107,111,111,111,111,108,119,119,119,123,127,127,131,135,135,135,135,135,139,139,139,139,136],"card_choices":[],"player_experience":584224,"relics_obtained":[{"floor":1,"key":"Mercury Hourglass"},{"floor":2,"key":"SatanicBible"},{"floor":3,"key":"Divine Protection"},{"floor":4,"key":"Happy Flower"},{"floor":5,"key":"REME_LimitBreaker"},{"floor":6,"key":"Dota2Spire:DivineRapier"},{"floor":7,"key":"Replay:Wax Seal"},{"floor":8,"key":"conspire:Dentures"},{"floor":9,"key":"Replay:WaspNest"},{"floor":10,"key":"Chameleon Ring"},{"floor":11,"key":"Regal Pillow"},{"floor":12,"key":"GuppysTail"},{"floor":13,"key":"The Specimen"},{"floor":14,"key":"Blue Candle"},{"floor":19,"key":"Whetstone"},{"floor":20,"key":"Replay:Bottled Steam"},{"floor":21,"key":"conspire:DeflatedDodgeball"},{"floor":22,"key":"Dota2Spire:HandOfMidas"},{"floor":23,"key":"HowToJump"},{"floor":24,"key":"Tiny Chest"},{"floor":25,"key":"Replay:Bottled Flurry"},{"floor":26,"key":"Kunai"},{"floor":28,"key":"PokeGo"},{"floor":29,"key":"conspire:TopHat"},{"floor":30,"key":"ReplayTheSpireMod:Lightbulb"},{"floor":31,"key":"SalivaCoin"},{"floor":35,"key":"Strawberry"},{"floor":36,"key":"Pet Ghost"},{"floor":37,"key":"Replay:Baseball"},{"floor":38,"key":"Akabeko"},{"floor":39,"key":"Bag of Marbles"},{"floor":40,"key":"Tingsha"},{"floor":41,"key":"Dota2Spire:ShadowBlade"},{"floor":42,"key":"TheBible"},{"floor":43,"key":"Bottled Lightning"},{"floor":44,"key":"BookOfRevelations"},{"floor":45,"key":"The Courier"},{"floor":47,"key":"Darkstone Periapt"}],"event_choices":[],"is_beta":true,"boss_relics":[{"not_picked":["Replay:Ancient Bell","Sozu"],"picked":"MagicMushroom"},{"not_picked":[]},{"not_picked":["conspire:RunicOctahedron","Tiny House"],"picked":"conspire:RoyalGoblet"},{"not_picked":[]}],"items_purged_floors":[27],"is_endless":false,"potions_floor_spawned":[1,6,8,10,14,16,20,22,25,29,30,31,35,38,41,42],"ascension_level":20}}