{"host":"2j7k79oxv8es4yqd","time":1611937390,"event":{"mods":["BaseMod","Minty Spire (QoL Compilation)","Permanent Neow","Reliquary","StSLib"],"gold_per_floor":[117,132,132,132,145,145,157,184,261,261,273,224,68,68,68,163,163,183,282,207,226,226,226,253,265,347,347,199,215,230,249,249,249,249],"floor_reached":33,"language":"ZHS","playtime":1281,"items_purged":[],"score":292,"play_id":"2e09e3b5-b7d4-4227-96c6-b809be5bbe55","local_time":"20210130002310","is_ascension_mode":false,"campfire_choices":[{"data":"Dark Embrace","floor":6,"key":"SMITH"},{"floor":10,"key":"RECALL"},{"data":"Burning Pact","floor":15,"key":"SMITH"},{"data":"Flex","floor":23,"key":"SMITH"},{"data":"Havoc","floor":27,"key":"SMITH"},{"data":"Sword Boomerang","floor":32,"key":"SMITH"}],"circlet_count":0,"master_deck":["Strike_R+1","Strike_R+1","Strike_R","Strike_R","Strike_R","Defend_R","Defend_R","Defend_R","Defend_R","Bash+1","Havoc+1","Flex+1","Dark Embrace+1","Burning Pact+1","Sword Boomerang+1","Shrug It Off","Shrug It Off","Corruption","Power Through+1","Clothesline+1","Feel No Pain+1","Seeing Red","Shrug It Off","Shrug It Off+1"],"relics":["Sozu","Magic Flower","Blood Vial","Eternal Feather","ClockworkSouvenir","Coffee Dripper","MealTicket","reliquary:BrokenClock"],"acts_visited":["Exordium","TheCity"],"potions_floor_usage":[],"damage_taken":[{"damage":0,"enemies":"Cultist","floor":1,"turns":2},{"damage":0,"enemies":"Small Slimes","floor":2,"turns":3},{"damage":7,"enemies":"Jaw Worm","floor":5,"turns":3},{"damage":11,"enemies":"Exordium Wildlife","floor":7,"turns":3},{"damage":32,"enemies":"Gremlin Nob","floor":8,"turns":4},{"damage":7,"enemies":"2 Fungi Beasts","floor":11,"turns":3},{"damage":29,"enemies":"Hexaghost","floor":16,"turns":11},{"damage":18,"enemies":"3 Byrds","floor":18,"turns":7},{"damage":5,"enemies":"Shell Parasite","floor":21,"turns":3},{"damage":51,"enemies":"Gremlin Leader","floor":24,"turns":6},{"damage":12,"enemies":"Centurion and Healer","floor":25,"turns":7},{"damage":18,"enemies":"Shelled Parasite and Fungi","floor":29,"turns":4},{"damage":0,"enemies":"Snake Plant","floor":30,"turns":4},{"damage":0,"enemies":"Snecko","floor":31,"turns":3},{"damage":46,"enemies":"Collector","floor":33,"turns":5}],"seed_played":"-7952907386452307879","potions_obtained":[],"is_trial":false,"path_per_floor":["M","M","?","?","M","R","M","E","T","R","M","$","$","?","R","B",null,"M","?","?","M","?","R","E","M","T","R","$","M","M","M","R","B"],"character_chosen":"IRONCLAD","items_purchased":["Shrug It Off","ClockworkSouvenir","reliquary:BrokenClock"],"campfire_rested":0,"item_purchase_floors":[12,13,28],"current_hp_per_floor":[80,80,80,80,73,73,62,30,30,39,35,35,35,19,28,2,80,62,62,62,60,60,69,21,12,12,24,39,24,27,30,42,0,0],"gold":249,"neow_bonus":"BOSS_RELIC","is_daily":false,"chose_seed":false,"campfire_upgraded":5,"win_rate":0.0,"timestamp":1611937390,"path_taken":["M","?","?","?","M","R","M","E","T","R","M","?","$","?","R","BOSS","M","?","?","M","?","R","E","?","T","R","$","M","M","M","R","BOSS"],"items_purchased_type":["Card","Relic","Relic"],"build_version":"2020-12-22","purchased_purges":0,"victory":false,"max_hp_per_floor":[80,80,80,80,80,80,80,80,80,80,80,80,80,80,80,80,80,80,80,80,80,80,80,80,80,80,80,80,80,80,80,80,80,80],"card_choices":[{"not_picked":["Flex","Cleave"],"picked":"Havoc","floor":1},{"not_picked":["Heavy Blade","Perfected Strike"],"picked":"Flex","floor":2},{"not_picked":["Pummel","Thunderclap"],"picked":"Dark Embrace","floor":5},{"not_picked":["Hemokinesis","Power Through"],"picked":"Burning Pact","floor":7},{"not_picked":["Metallicize","Entrench"],"picked":"Sword Boomerang","floor":8},{"not_picked":["Perfected Strike","Evolve"],"picked":"Shrug It Off","floor":11},{"not_picked":["Demon Form","Brutality"],"picked":"Corruption","floor":16},{"not_picked":["Pommel Strike","Searing Blow","Thunderclap"],"picked":"SKIP","floor":18},{"not_picked":["Cleave","Sword Boomerang"],"picked":"Power Through+1","floor":21},{"not_picked":["Wild Strike","Ghostly Armor"],"picked":"Clothesline+1","floor":24},{"not_picked":["Wild Strike","Entrench"],"picked":"Feel No Pain+1","floor":25},{"not_picked":["Body Slam","Heavy Blade+1"],"picked":"Seeing Red","floor":29},{"not_picked":["Blood for Blood","Clash"],"picked":"Shrug It Off","floor":30},{"not_picked":["Intimidate+1","Armaments"],"picked":"Shrug It Off+1","floor":31}],"player_experience":523201,"relics_obtained":[{"floor":8,"key":"Blood Vial"},{"floor":9,"key":"Eternal Feather"},{"floor":24,"key":"MealTicket"}],"event_choices":[{"damage_healed":0,"gold_gain":0,"player_choice":"Grow","damage_taken":0,"max_hp_gain":0,"max_hp_loss":0,"event_name":"Living Wall","floor":3,"gold_loss":0,"cards_upgraded":["Bash"]},{"damage_healed":0,"gold_gain":0,"player_choice":"Box","damage_taken":0,"relics_obtained":["Magic Flower"],"max_hp_gain":0,"max_hp_loss":0,"event_name":"Big Fish","floor":4,"gold_loss":0,"cards_obtained":["Regret"]},{"damage_healed":0,"gold_gain":0,"player_choice":"Entered Light","damage_taken":16,"max_hp_gain":0,"max_hp_loss":0,"event_name":"Shining Light","floor":14,"gold_loss":0,"cards_upgraded":["Strike_R","Strike_R"]},{"damage_healed":0,"gold_gain":99,"player_choice":"Stole From Cult","damage_taken":0,"max_hp_gain":0,"max_hp_loss":0,"event_name":"Nest","floor":19,"gold_loss":0},{"cards_removed":["Regret"],"damage_healed":0,"gold_gain":0,"player_choice":"Gave Gold","damage_taken":0,"max_hp_gain":0,"max_hp_loss":0,"event_name":"Beggar","floor":20,"gold_loss":75},{"damage_healed":0,"gold_gain":0,"player_choice":"Ignored","damage_taken":0,"max_hp_gain":0,"max_hp_loss":0,"event_name":"Ghosts","floor":22,"gold_loss":0}],"is_beta":false,"boss_relics":[{"not_picked":["Busted Crown","Black Star"],"picked":"Coffee Dripper"}],"items_purged_floors":[],"is_endless":false,"potions_floor_spawned":[7,8,16,18,21],"killed_by":"Collector","ascension_level":0}}