{"host":"zw3x6hwkln2702ol","time":1611921006,"event":{"mods":["AchievementEnabler","BaseMod","Card Forge","Colored Map","Default Mod","Minty Spire (QoL Compilation)","StSLib","TestMod"],"gold_per_floor":[159,201,270,270,338,482,482,600,625,625,775,839,990,225,225,553,553,668,589,681,861,861,861,957,957,957,1095,1240,788,988,288,288,805,805,1155,1270,2280,2280,2530,3078,3078,3371,3394,3394,2571,2720,2720,2045,2045,2575,2575,2575,1512,1847,2647],"floor_reached":56,"language":"ZHS","playtime":1595,"items_purged":["Strike_B","Strike_B","Defend_B","Defend_B","Defend_B","Defend_B"],"score":2867,"play_id":"35d492ab-c5c4-44f1-821e-a2a29b29fe53","local_time":"20210129195006","is_ascension_mode":true,"campfire_choices":[{"floor":7.0,"key":"RECALL"},{"data":"Recycle","floor":10.0,"key":"SMITH"},{"data":"Seek","floor":15.0,"key":"SMITH"},{"data":"Reboot","floor":23.0,"key":"SMITH"},{"data":"testmod-ChaoticCore","floor":32,"key":"SMITH"},{"data":"White Noise","floor":41,"key":"SMITH"},{"data":"Machine Learning","floor":47,"key":"SMITH"},{"data":"testmod-Reflect","floor":49,"key":"SMITH"},{"data":"Loop","floor":52,"key":"SMITH"}],"circlet_count":0,"master_deck":["AscendersBane","Strike_B+1","Zap+1","Dualcast+1","Turbo+1","Chill","Coolheaded+1","Skim+1","Recycle+1","Buffer+1","Seek+1","Storm+1","Reboot+1","Creative AI+1","Double Energy+1","Capacitor+1","testmod-ChaoticCore+1","Machine Learning+1","Loop+1","Electrodynamics+1","White Noise+1","Barrage+1","Loop+1","Storm+1","Creative AI+1","testmod-Reflect+1","testmod-Reflect+1"],"relics":["Cracked Core","Hammer of Thor","Seething Fire","Anvil of the Gods","zzy:PlaceholderRelic","testmod-TestBox","testmod-IntensifyImprint","Potion Belt","Mummified Hand","Akabeko","testmod-BlackFramedGlasses","testmod-LifeArmor","Happy Flower","Kunai","testmod-TurbochargingSystem","DataDisk","testmod-AssaultLearning","TheAbacus","Coffee Dripper","Prayer Wheel","testmod-CyclicPeriapt","CaptainsWheel","testmod-Antiphasic","testmod-Fortitude","Blood Vial","Chemical X","Boot","Orichalcum","Emotion Chip","Whetstone","Toolbox","Pen Nib"],"acts_visited":["Exordium","TheCity","TheBeyond","TheEnding"],"potions_floor_usage":[55,55,55,55],"damage_taken":[{"damage":0.0,"enemies":"Jaw Worm","floor":1.0,"turns":1.0},{"damage":0.0,"enemies":"2 Louse","floor":2.0,"turns":1.0},{"damage":0.0,"enemies":"Cultist","floor":3.0,"turns":2.0},{"damage":0.0,"enemies":"Large Slime","floor":5.0,"turns":2.0},{"damage":0.0,"enemies":"Lagavulin","floor":6.0,"turns":3.0},{"damage":0.0,"enemies":"Gremlin Nob","floor":8.0,"turns":1.0},{"damage":0.0,"enemies":"Blue Slaver","floor":12.0,"turns":1.0},{"damage":0.0,"enemies":"Lagavulin","floor":13.0,"turns":3.0},{"damage":0.0,"enemies":"The Guardian","floor":16.0,"turns":3.0},{"damage":0.0,"enemies":"2 Thieves","floor":18.0,"turns":1.0},{"damage":0.0,"enemies":"Shell Parasite","floor":20.0,"turns":2.0},{"damage":0.0,"enemies":"3 Cultists","floor":21.0,"turns":1.0},{"damage":0.0,"enemies":"Snake Plant","floor":24.0,"turns":2.0},{"damage":0.0,"enemies":"Snecko","floor":27.0,"turns":2.0},{"damage":0,"enemies":"Centurion and Healer","floor":28,"turns":1},{"damage":0,"enemies":"Book of Stabbing","floor":30,"turns":2},{"damage":0,"enemies":"Champ","floor":33,"turns":2},{"damage":0,"enemies":"3 Darklings","floor":35,"turns":1},{"damage":0,"enemies":"3 Shapes","floor":36,"turns":1},{"damage":0,"enemies":"Transient","floor":37,"turns":4},{"damage":0,"enemies":"2 Orb Walkers","floor":39,"turns":2},{"damage":0,"enemies":"Giant Head","floor":40,"turns":2},{"damage":0,"enemies":"Reptomancer","floor":42,"turns":2},{"damage":0,"enemies":"Jaw Worm Horde","floor":46,"turns":1},{"damage":0,"enemies":"Donu and Deca","floor":50,"turns":2},{"damage":0,"enemies":"Shield and Spear","floor":54,"turns":2},{"damage":1,"enemies":"The Heart","floor":55,"turns":2}],"seed_played":"6907723684605421211","potions_obtained":[{"floor":1.0,"key":"PotionOfCapacity"},{"floor":3.0,"key":"Block Potion"},{"floor":5.0,"key":"FearPotion"},{"floor":12.0,"key":"LiquidBronze"},{"floor":16.0,"key":"Energy Potion"},{"floor":35,"key":"testmod-TestPotion"}],"is_trial":false,"path_per_floor":["M","M","M","?","M","E","R","E","T","R","?","M","E","$","R","B",null,"M","?","M","M","?","R","M","?","T","M","M","$","E","$","R","B",null,"M","M","M","?","?","E","R","E","T","?","$","M","R","$","R","B",null,"R","$","E","B",null],"character_chosen":"DEFECT","items_purchased":["testmod-BlackFramedGlasses","testmod-LifeArmor","Storm","Reboot","testmod-ChaoticCore","Machine Learning","DataDisk","testmod-AssaultLearning","TheAbacus","Loop","testmod-Fortitude","Blood Vial","Chemical X","Boot","Orichalcum","testmod-Reflect","Emotion Chip","Whetstone","Toolbox","testmod-Reflect"],"campfire_rested":0,"item_purchase_floors":[14,14,14,14,29,29,31,31,31,31,45,45,45,48,48,48,53,53,53,53],"current_hp_per_floor":[64,64,64,64,64,64,64,64,64,64,64,64,64,64,64,67,70,71,71,71,71,71,71,71,71,71,71,71,71,71,71,71,71,71,71,71,71,71,71,71,71,71,71,71,71,71,71,71,71,71,71,71,71,71,72],"gold":2647,"neow_bonus":"RANDOM_COMMON_RELIC","is_daily":false,"chose_seed":false,"campfire_upgraded":8,"win_rate":0.0,"timestamp":1611921006,"path_taken":["M","M","M","?","M","E","R","E","T","R","?","M","E","$","R","BOSS","M","?","?","M","?","R","M","?","T","M","M","$","E","$","R","BOSS","M","M","M","?","?","E","R","E","T","?","$","M","R","$","R","BOSS","R","$","E","BOSS"],"items_purchased_type":["Relic","Relic","Card","Card","Card","Card","Relic","Relic","Relic","Card","Relic","Relic","Relic","Relic","Relic","Card","Relic","Relic","Relic","Card"],"build_version":"2020-12-22","purchased_purges":6,"victory":true,"max_hp_per_floor":[71,71,71,71,71,71,71,71,71,71,71,71,71,71,71,71,71,71,71,71,71,71,71,71,71,71,71,71,71,71,71,71,71,71,71,71,71,71,71,71,71,71,71,71,71,71,71,71,71,71,71,71,71,71,72],"card_choices":[{"not_picked":["Doom and Gloom","Fusion"],"picked":"Turbo","floor":1.0},{"not_picked":["Sweeping Beam","Steam"],"picked":"Chill","floor":2.0},{"not_picked":["FTL","Leap","Conserve Battery"],"picked":"SKIP","floor":3.0},{"not_picked":["Tempest","Steam"],"picked":"Coolheaded","floor":5.0},{"not_picked":["Stack","Cold Snap","Skim"],"picked":"SKIP","floor":6.0},{"not_picked":["Stack","Cold Snap"],"picked":"Skim","floor":6.0},{"not_picked":["Aggregate","Conserve Battery"],"picked":"Recycle","floor":8.0},{"not_picked":["Redo","Compile Driver"],"picked":"Buffer","floor":12.0},{"not_picked":["BootSequence","Stack"],"picked":"Seek","floor":13.0},{"not_picked":["Reboot","Buffer"],"picked":"Creative AI","floor":16.0},{"not_picked":["Go for the Eyes","Steam Power","Turbo"],"picked":"SKIP","floor":18.0},{"not_picked":["Steam","Gash","Cold Snap"],"picked":"SKIP","floor":20.0},{"not_picked":["Compile Driver","Barrage","Redo"],"picked":"SKIP","floor":21.0},{"not_picked":["Streamline","Ball Lightning","Compile Driver"],"picked":"SKIP","floor":24.0},{"not_picked":["Capacitor","Scrape","Ball Lightning+1"],"picked":"SKIP","floor":27},{"not_picked":["Fusion+1","Coolheaded"],"picked":"Capacitor+1","floor":28},{"not_picked":["Chaos","Glacier","Blizzard"],"picked":"SKIP","floor":30},{"not_picked":["Fission","Multi-Cast"],"picked":"Electrodynamics","floor":33},{"not_picked":["Skim","Double Energy"],"picked":"White Noise","floor":35},{"not_picked":["Aggregate","Barrage","BootSequence"],"picked":"SKIP","floor":36},{"not_picked":["Beam Cell","Sweeping Beam","Cold Snap+1"],"picked":"SKIP","floor":37},{"not_picked":["Hello World","Beam Cell+1"],"picked":"Barrage+1","floor":40},{"not_picked":["Tempest","Go for the Eyes"],"picked":"Loop","floor":42},{"not_picked":["Force Field","Streamline"],"picked":"Creative AI","floor":46},{"not_picked":["Turbo","Melter+1","Stack+1"],"picked":"SKIP","floor":46},{"not_picked":["Rebound","Compile Driver","Beam Cell+1"],"picked":"SKIP","floor":54}],"player_experience":367955,"relics_obtained":[{"floor":6.0,"key":"Mummified Hand"},{"floor":8.0,"key":"Centennial Puzzle"},{"floor":13.0,"key":"Akabeko"},{"floor":26.0,"key":"Kunai"},{"floor":30,"key":"testmod-TurbochargingSystem"},{"floor":39,"key":"Prayer Wheel"},{"floor":40,"key":"testmod-CyclicPeriapt"},{"floor":42,"key":"CaptainsWheel"},{"floor":43,"key":"testmod-Antiphasic"},{"floor":54,"key":"Pen Nib"}],"event_choices":[{"cards_removed":["Strike_B"],"damage_healed":0.0,"max_hp_gain":0.0,"max_hp_loss":0.0,"gold_gain":0.0,"event_name":"Living Wall","player_choice":"Forget","floor":4.0,"gold_loss":0.0,"damage_taken":0.0},{"damage_healed":0.0,"max_hp_gain":0.0,"max_hp_loss":0.0,"gold_gain":150.0,"event_name":"¶÷ÂåË¹µÄÅÌ×Ó","player_choice":"Sell","floor":11.0,"relics_lost":["Centennial Puzzle"],"gold_loss":0.0,"damage_taken":0.0},{"damage_healed":0.0,"max_hp_gain":0.0,"max_hp_loss":0.0,"gold_gain":0.0,"event_name":"WeMeetAgain","player_choice":"Paid Gold","floor":19.0,"gold_loss":79.0,"damage_taken":0.0,"relics_obtained":["Happy Flower"]},{"damage_healed":0.0,"max_hp_gain":0.0,"max_hp_loss":0.0,"gold_gain":0.0,"event_name":"Vampires","player_choice":"Ignored","floor":22.0,"gold_loss":0.0,"damage_taken":0.0},{"damage_healed":0.0,"max_hp_gain":0.0,"max_hp_loss":0.0,"gold_gain":0.0,"event_name":"The Library","player_choice":"Read","floor":25.0,"gold_loss":0.0,"damage_taken":0.0,"cards_obtained":["Double Energy"]},{"damage_healed":0,"gold_gain":0,"player_choice":"Ignored","damage_taken":0,"max_hp_gain":0,"max_hp_loss":0,"event_name":"Tomb of Lord Red Mask","floor":38,"gold_loss":0},{"damage_healed":0,"gold_gain":0,"player_choice":"Fight","damage_taken":0,"max_hp_gain":0,"max_hp_loss":0,"event_name":"Mysterious Sphere","floor":39,"gold_loss":0},{"damage_healed":0,"gold_gain":0,"player_choice":"Copied","damage_taken":0,"max_hp_gain":0,"max_hp_loss":0,"event_name":"Duplicator","floor":44,"gold_loss":0,"cards_obtained":["Storm"]}],"is_beta":false,"boss_relics":[{"not_picked":["testmod-BloodSacrificeSpiritualization","testmod-HarvestTotem","testmod-StringDisintegrator"]},{"not_picked":["Philosopher\u0027s Stone","Pandora\u0027s Box"],"picked":"Coffee Dripper"}],"items_purged_floors":[14,29,31,45,48,53],"is_endless":false,"potions_floor_spawned":[1,3,5,12,16,18,24,28,30,33,35,37,40],"ascension_level":17}}