{"host":"xm0tf1maiknh0fp9","time":1611894566,"event":{"mods":["BaseMod","Colored Map","Colored Powertips","Googly Eyes","Minty Spire (QoL Compilation)","Replay The Spire","StSLib"],"gold_per_floor":[115,132,57,72,72,72,72,85,109,109,140,68,85,85,85,112,112,209,209,220,120,120,130,147,182,182,194,194,194,225,237,237,264,264,364,464,474,529,529,547,567,567,567],"floor_reached":42,"language":"ENG","playtime":1440,"items_purged":["Defend_G","Establishment"],"score":489,"play_id":"64403227-e892-4839-bc40-6bc1e03dbe23","local_time":"20210128232926","is_ascension_mode":true,"campfire_choices":[{"data":"Fasting2","floor":6.0,"key":"SMITH"},{"data":"Vigilance","floor":10.0,"key":"SMITH"},{"floor":17.0,"key":"REST"},{"floor":26.0,"key":"REST"},{"floor":29.0,"key":"REST"},{"floor":34.0,"key":"REST"}],"circlet_count":0,"master_deck":["Strike_P","Strike_P+1","Strike_P","Strike_P","Defend_P","Defend_P","Defend_P+1","Defend_P","Eruption+1","Vigilance+1","Fasting2+1","BowlingBash+1","Tantrum","Tantrum","Scrawl+1","Devotion","FearNoEvil+1","WreathOfFlame","Scrawl+1"],"relics":["HolyWater","Potion Belt","Dream Catcher","Gremlin Food","Pet Ghost","Frozen Egg 2","Vajra","Mirror","Replay:Wanted Poster","Pondfish Scales"],"acts_visited":["Exordium","TheCity","TheBeyond"],"potions_floor_usage":[42,42],"damage_taken":[{"damage":0.0,"enemies":"2 Louse","floor":1.0,"turns":4.0},{"damage":3.0,"enemies":"Jaw Worm","floor":2.0,"turns":6.0},{"damage":4.0,"enemies":"Cultist","floor":4.0,"turns":5.0},{"damage":0.0,"enemies":"Exordium Wildlife","floor":8.0,"turns":2.0},{"damage":8.0,"enemies":"Replay:BlueRogue","floor":11.0,"turns":4.0},{"damage":0.0,"enemies":"2 Fungi Beasts","floor":13.0,"turns":1.0},{"damage":36.0,"enemies":"Lagavulin","floor":16.0,"turns":3.0},{"damage":48.0,"enemies":"Fading Forest","floor":18.0,"turns":11.0},{"damage":32.0,"enemies":"2 Thieves","floor":20.0,"turns":3.0},{"damage":0.0,"enemies":"Spheric Guardian","floor":23.0,"turns":2.0},{"damage":16.0,"enemies":"Shelled Parasite and Fungi","floor":24.0,"turns":3.0},{"damage":12.0,"enemies":"Slavers","floor":25.0,"turns":2.0},{"damage":8.0,"enemies":"Snake Plant","floor":27.0,"turns":3.0},{"damage":15.0,"enemies":"Replay:Snechameleon","floor":30.0,"turns":3.0},{"damage":0.0,"enemies":"Sentry and Sphere","floor":31.0,"turns":2.0},{"damage":11.0,"enemies":"Slavers","floor":33.0,"turns":4.0},{"damage":52.0,"enemies":"Collector","floor":35.0,"turns":4.0},{"damage":0.0,"enemies":"Orb Walker","floor":37.0,"turns":1.0},{"damage":23.0,"enemies":"2 Orb Walkers","floor":38.0,"turns":3.0},{"damage":4.0,"enemies":"3 Shapes","floor":40.0,"turns":2.0},{"damage":12.0,"enemies":"Writhing Mass","floor":41.0,"turns":3.0},{"damage":40,"enemies":"Nemesis","floor":42,"turns":4}],"seed_played":"6294770179288131727","potions_obtained":[{"floor":2.0,"key":"AttackPotion"},{"floor":8.0,"key":"Explosive Potion"},{"floor":13.0,"key":"ColorlessPotion"},{"floor":16.0,"key":"ColorlessPotion"},{"floor":23.0,"key":"Swift Potion"},{"floor":24.0,"key":"SpeedPotion"},{"floor":27.0,"key":"Languid Potion"},{"floor":30.0,"key":"StancePotion"},{"floor":35.0,"key":"GamblersBrew"},{"floor":37.0,"key":"Elixir"}],"is_trial":false,"path_per_floor":["M","M","$","M","?","R","?","M","T","R","E","$","M","PTL","PTL","E","R","B",null,"M","$","?","M","M","E","R","M","T","R","E","M","?","E","R","B",null,"M","?","?","M","M","E"],"character_chosen":"WATCHER","items_purchased":["Tantrum"],"campfire_rested":4,"item_purchase_floors":[12],"current_hp_per_floor":[72,69,69,65,65,65,65,65,65,65,57,57,57,57,57,21,42,14,72,40,40,40,40,24,12,33,25,25,46,31,31,55,44,65,13,72,72,49,49,45,33,0,0],"gold":567,"neow_bonus":"THREE_RARE_CARDS","is_daily":false,"chose_seed":false,"campfire_upgraded":2,"win_rate":0.0,"timestamp":1611894566,"path_taken":["M","M","$","M","?","R","?","M","T","R","E","$","M","PTL","PTL","E","R","BOSS","M","$","?","M","M","E","R","M","T","R","E","M","?","E","R","BOSS","M","?","?","M","?","E"],"items_purchased_type":["Card"],"build_version":"2020-12-22","purchased_purges":2,"victory":false,"max_hp_per_floor":[72,72,72,72,72,72,72,72,72,72,72,72,72,72,72,72,72,72,72,72,72,72,72,72,72,72,72,72,72,72,72,72,72,72,72,72,72,72,72,72,72,72,72],"card_choices":[{"not_picked":["Alpha","DevaForm"],"picked":"Establishment","floor":0.0},{"not_picked":["PathToVictory","CutThroughFate"],"picked":"Fasting2","floor":1.0},{"not_picked":["Protect","PathToVictory","Wallop"],"picked":"SKIP","floor":2.0},{"not_picked":["Protect","InnerPeace","Pray"],"picked":"SKIP","floor":4.0},{"not_picked":["Pray","SandsOfTime","Protect"],"picked":"SKIP","floor":8.0},{"not_picked":["CrushJoints","SashWhip","Alpha"],"picked":"SKIP","floor":11.0},{"not_picked":["Crescendo","Evaluate"],"picked":"Tantrum","floor":13.0},{"not_picked":["SignatureMove","EmptyBody"],"picked":"Scrawl","floor":16.0},{"not_picked":["Replay:LoomingThreat","DevaForm"],"picked":"Devotion","floor":18.0},{"not_picked":["LikeWater+1","ThirdEye","FearNoEvil"],"picked":"SKIP","floor":20.0},{"not_picked":["LikeWater+1","ThirdEye"],"picked":"FearNoEvil","floor":20.0},{"not_picked":["Weave","CutThroughFate","Perseverance"],"picked":"SKIP","floor":23.0},{"not_picked":["Weave","CutThroughFate","Perseverance"],"picked":"SKIP","floor":23.0},{"not_picked":["Fasting2","Vengeance","ThirdEye"],"picked":"SKIP","floor":24.0},{"not_picked":["FollowUp","EmptyMind","BowlingBash+1"],"picked":"SKIP","floor":25.0},{"not_picked":["Replay:AtTheReady","ThirdEye+1","ClearTheMind"],"picked":"SKIP","floor":27.0},{"not_picked":["PathToVictory","Conclude"],"picked":"WreathOfFlame","floor":30.0},{"not_picked":["Indignation+1","CrushJoints+1","Replay:AtTheReady"],"picked":"SKIP","floor":31.0},{"not_picked":["CrushJoints","DeceiveReality","FlyingSleeves"],"picked":"SKIP","floor":33.0},{"not_picked":["BowlingBash+1","FollowUp+1","Replay:AtTheReady+1"],"picked":"SKIP","floor":37.0},{"not_picked":["FlyingSleeves","InnerPeace","Evaluate+1"],"picked":"SKIP","floor":40.0},{"not_picked":["ClearTheMind+1","Adaptation+1","Replay:BluntJabs"],"picked":"SKIP","floor":41.0}],"player_experience":153171,"relics_obtained":[{"floor":9.0,"key":"Potion Belt"},{"floor":11.0,"key":"Dream Catcher"},{"floor":16.0,"key":"Gremlin Food"},{"floor":25.0,"key":"Pet Ghost"},{"floor":28.0,"key":"Frozen Egg 2"},{"floor":30.0,"key":"Vajra"},{"floor":33.0,"key":"Mirror"},{"floor":38.0,"key":"Pondfish Scales"}],"event_choices":[{"damage_healed":0.0,"max_hp_gain":0.0,"max_hp_loss":0.0,"gold_gain":0.0,"event_name":"Living Wall","player_choice":"Grow","floor":7.0,"gold_loss":0.0,"damage_taken":0.0,"cards_upgraded":["Eruption"]},{"damage_healed":24.0,"max_hp_gain":0.0,"max_hp_loss":0.0,"gold_gain":0.0,"event_name":"The Library","player_choice":"Heal","floor":32.0,"gold_loss":0.0,"damage_taken":0.0},{"damage_healed":0.0,"max_hp_gain":0.0,"max_hp_loss":0.0,"gold_gain":0.0,"event_name":"Mysterious Sphere","player_choice":"Fight","floor":38.0,"gold_loss":0.0,"damage_taken":0.0},{"damage_healed":0.0,"max_hp_gain":0.0,"max_hp_loss":0.0,"gold_gain":0.0,"event_name":"Duplicator","player_choice":"Copied","floor":39.0,"gold_loss":0.0,"damage_taken":0.0,"cards_obtained":["Scrawl"]}],"is_beta":false,"boss_relics":[{"not_picked":["Coffee Dripper","Pandora\u0027s Box"],"picked":"HolyWater"},{"not_picked":["Cursed Key","Kintsugi"],"picked":"Replay:Wanted Poster"}],"items_purged_floors":[3,21],"is_endless":false,"potions_floor_spawned":[2,8,13,16,23,24,27,30,35,37],"killed_by":"Nemesis","ascension_level":1}}