{"host":"drjz7zl15rqtgg20","time":1611890036,"event":{"mods":["BaseMod","Colored Map","Downfall","Minty Spire (QoL Compilation)","StSLib"],"gold_per_floor":[99,117,292,292,292,324,396,414,433,444,275,300,100,117,131,131,131,131],"floor_reached":16,"language":"ENG","playtime":1189,"items_purged":["hexamod:Strike"],"score":137,"play_id":"48106579-87f9-4de6-aaf3-fd8600e4af32","local_time":"20210128221356","is_ascension_mode":false,"campfire_choices":[{"floor":1,"key":"RECALL"},{"data":"hexamod:DynamicBlow","floor":13,"key":"SMITH"}],"circlet_count":0,"master_deck":["hexamod:Strike","hexamod:Strike","hexamod:Strike","hexamod:Defend","hexamod:Defend","hexamod:Defend","hexamod:Defend","hexamod:Sear+1","hexamod:Float","hexamod:HauntingEcho","Doubt","hexamod:BurningTouch","hexamod:FastForward","hexamod:ThermalTransfer","hexamod:DynamicBlow+1","hexamod:RadiantFlame","hexamod:ChargedBarrage","hexamod:SkipABeat"],"relics":["hexamod:SpiritBrand","downfall:BrokenWingStatue","Darkstone Periapt","Pear","downfall:HeartBlessingRed","downfall:HeartBlessingBlue"],"acts_visited":["Exordium"],"potions_floor_usage":[16],"damage_taken":[{"damage":0,"enemies":"2 Louse","floor":2,"turns":3},{"damage":32,"enemies":"3 Sentries","floor":6,"turns":11},{"damage":2,"enemies":"Small Slimes","floor":8,"turns":3},{"damage":0,"enemies":"Jaw Worm","floor":9,"turns":3},{"damage":6,"enemies":"Exordium Wildlife","floor":10,"turns":5},{"damage":0,"enemies":"downfall:FleeingMerchant","floor":11,"turns":4},{"damage":21,"enemies":"Lagavulin","floor":12,"turns":7},{"damage":13,"enemies":"Gremlin Gang","floor":14,"turns":5},{"damage":8,"enemies":"Large Slime","floor":15,"turns":4},{"damage":13,"enemies":"SI_SHIV_ARCHETYPE","floor":16,"turns":5}],"seed_played":"-7955239071849175053","potions_obtained":[{"floor":6,"key":"Slimebound:ThreeZeroPotion"},{"floor":12,"key":"AttackPotion"},{"floor":15,"key":"Ancient Potion"}],"is_trial":false,"path_per_floor":["R","M","?","?","?","E","T","M","M","M","$","E","R","M","M","B"],"character_chosen":"THE_SPIRIT","items_purchased":["hexamod:RadiantFlame"],"campfire_rested":0,"item_purchase_floors":[11],"current_hp_per_floor":[70,70,70,70,75,43,43,41,41,35,35,24,34,21,13,0,0,0],"gold":131,"neow_bonus":"UPGRADE_CARD","is_daily":false,"chose_seed":false,"campfire_upgraded":1,"win_rate":0.0,"timestamp":1611890036,"path_taken":["R","M","?","?","?","E","T","M","M","M","$","E","R","?","M","BOSS"],"items_purchased_type":["Card"],"build_version":"2020-12-22","purchased_purges":1,"victory":false,"max_hp_per_floor":[70,70,70,70,75,75,75,75,75,75,75,85,95,95,95,95,95,95],"card_choices":[{"not_picked":["hexamod:SpectersWail","hexamod:InspiringFlames"],"picked":"hexamod:HauntingEcho","floor":2},{"not_picked":["hexamod:SecondSeal","hexamod:RetreatToShadows"],"picked":"hexamod:BurningTouch","floor":6},{"not_picked":["hexamod:HeatMetal","hexamod:ShieldOfDarkness"],"picked":"hexamod:FastForward","floor":8},{"not_picked":["hexamod:BurningTouch","hexamod:FourthSeal"],"picked":"hexamod:ThermalTransfer","floor":9},{"not_picked":["hexamod:GiftsFromTheDead","hexamod:ThermalTransfer","hexamod:GhostLash"],"picked":"SKIP","floor":10},{"not_picked":["hexamod:SwordOfDarkness","hexamod:SpectralAdrenaline"],"picked":"hexamod:DynamicBlow","floor":11},{"not_picked":["hexamod:Again","hexamod:ExtraCrispy"],"picked":"hexamod:ChargedBarrage","floor":12},{"not_picked":["hexamod:SpectralAdrenaline","hexamod:NightmareGuise"],"picked":"hexamod:SkipABeat","floor":14},{"not_picked":["hexamod:ChargedBarrage","hexamod:RadiantFlame","hexamod:SecondSeal"],"picked":"SKIP","floor":15}],"player_experience":615218,"relics_obtained":[{"floor":6,"key":"Darkstone Periapt"},{"floor":12,"key":"Pear"}],"event_choices":[{"damage_healed":0,"gold_gain":0,"player_choice":"Donut","damage_taken":0,"max_hp_gain":5,"max_hp_loss":0,"event_name":"Big Fish","floor":5,"gold_loss":0}],"is_beta":false,"boss_relics":[],"items_purged_floors":[11],"is_endless":false,"potions_floor_spawned":[6,12,15],"killed_by":"SI_SHIV_ARCHETYPE","ascension_level":0}}