{"host":"7rmsgc3rayi00cdt","time":1611952038,"event":{"mods":["BaseMod","Minty Spire (QoL Compilation)"],"gold_per_floor":[118,193,193,368,386,414,414,434,481,491,85,104,123,133,133,233,233,244,244,257,110,110,110,138,138,163,163,183,193,205,225,225,225,225],"floor_reached":33,"language":"ENG","playtime":1226,"items_purged":["Doubt"],"score":325,"play_id":"2dbe1e3d-22f8-4880-a939-e28b9c112125","local_time":"20210129202718","is_ascension_mode":true,"campfire_choices":[{"floor":7,"key":"REST"},{"data":"Wild Strike","floor":15,"key":"SMITH"},{"data":"True Grit","floor":23,"key":"SMITH"},{"floor":25,"key":"REST"},{"data":"True Grit","floor":27,"key":"SMITH"},{"floor":32,"key":"REST"}],"circlet_count":0,"master_deck":["Strike_R","Strike_R","Strike_R","Strike_R+1","Strike_R","Defend_R","Defend_R","Defend_R","Defend_R","Bash","Shrug It Off+1","Wild Strike+1","Heavy Blade","Shrug It Off","Reckless Charge+1","True Grit+1","Warcry","Immolate","Perfected Strike","Burning Pact","True Grit+1","Flex","Havoc+1"],"relics":["Burning Blood","Pen Nib","Happy Flower","Art of War","Shuriken","Philosopher\u0027s Stone","Whetstone","Ancient Tea Set","Strawberry"],"acts_visited":["Exordium","TheCity"],"potions_floor_usage":[6,13,16,20,24,28,31,31,33],"damage_taken":[{"damage":1,"enemies":"2 Louse","floor":1,"turns":2},{"damage":7,"enemies":"Jaw Worm","floor":5,"turns":4},{"damage":30,"enemies":"3 Sentries","floor":6,"turns":8},{"damage":0,"enemies":"Small Slimes","floor":8,"turns":3},{"damage":17,"enemies":"2 Fungi Beasts","floor":10,"turns":5},{"damage":3,"enemies":"Red Slaver","floor":12,"turns":2},{"damage":0,"enemies":"Lots of Slimes","floor":13,"turns":4},{"damage":6,"enemies":"Blue Slaver","floor":14,"turns":3},{"damage":22,"enemies":"The Guardian","floor":16,"turns":11},{"damage":22,"enemies":"Shell Parasite","floor":18,"turns":5},{"damage":9,"enemies":"Chosen","floor":20,"turns":3},{"damage":41,"enemies":"Book of Stabbing","floor":24,"turns":6},{"damage":4,"enemies":"Snake Plant","floor":28,"turns":3},{"damage":34,"enemies":"Cultist and Chosen","floor":29,"turns":6},{"damage":17,"enemies":"Shelled Parasite and Fungi","floor":30,"turns":5},{"damage":14,"enemies":"Snake Plant","floor":31,"turns":2},{"damage":64,"enemies":"Collector","floor":33,"turns":6}],"seed_played":"-6414263123888614317","potions_obtained":[{"floor":1,"key":"Strength Potion"},{"floor":5,"key":"Swift Potion"},{"floor":10,"key":"BlessingOfTheForge"},{"floor":12,"key":"Energy Potion"},{"floor":13,"key":"Swift Potion"},{"floor":18,"key":"FearPotion"},{"floor":20,"key":"Dexterity Potion"},{"floor":30,"key":"SteroidPotion"},{"floor":31,"key":"Fire Potion"}],"is_trial":false,"path_per_floor":["M","?","?","?","M","E","R","M","T","M","$","M","M","M","R","B",null,"M","?","M","$","?","R","E","R","T","R","M","M","M","M","R","B"],"character_chosen":"IRONCLAD","items_purchased":["Shuriken","Reckless Charge","Whetstone"],"campfire_rested":3,"item_purchase_floors":[11,11,21],"current_hp_per_floor":[80,69,69,69,68,44,68,74,74,63,63,66,72,72,72,56,80,64,64,61,61,61,61,26,50,57,57,59,31,20,12,38,0,0],"gold":225,"neow_bonus":"RANDOM_COMMON_RELIC","is_daily":false,"chose_seed":false,"campfire_upgraded":3,"win_rate":0.0,"timestamp":1611952038,"path_taken":["M","?","?","?","M","E","R","M","T","M","$","M","?","M","R","BOSS","M","?","M","$","?","R","E","R","T","R","M","?","M","?","R","BOSS"],"items_purchased_type":["Relic","Card","Relic"],"build_version":"2020-12-22","purchased_purges":1,"victory":false,"max_hp_per_floor":[80,80,80,80,80,80,80,80,80,80,80,80,80,80,80,80,80,80,80,80,80,80,80,80,80,87,87,87,87,87,87,87,87,87],"card_choices":[{"not_picked":["Hemokinesis","Ghostly Armor"],"picked":"Shrug It Off","floor":1},{"not_picked":["Clothesline","Second Wind"],"picked":"Wild Strike","floor":5},{"not_picked":["Blood for Blood","Armaments","Flame Barrier"],"picked":"SKIP","floor":6},{"not_picked":["Iron Wave","Pummel"],"picked":"Heavy Blade","floor":8},{"not_picked":["Hemokinesis","Havoc"],"picked":"Shrug It Off","floor":10},{"not_picked":["Wild Strike","Whirlwind"],"picked":"True Grit","floor":12},{"not_picked":["Clash","Armaments","Dark Embrace"],"picked":"SKIP","floor":13},{"not_picked":["Infernal Blade","Body Slam"],"picked":"Warcry","floor":14},{"not_picked":["Demon Form","Exhume"],"picked":"Immolate","floor":16},{"not_picked":["Blood for Blood","Wild Strike"],"picked":"Perfected Strike","floor":18},{"not_picked":["Iron Wave","Seeing Red"],"picked":"True Grit","floor":20},{"not_picked":["Thunderclap","Anger"],"picked":"Flex","floor":24},{"not_picked":["Armaments+1","Seeing Red"],"picked":"Havoc+1","floor":28},{"not_picked":["Body Slam","Anger","Pummel"],"picked":"SKIP","floor":29},{"not_picked":["Sword Boomerang","Flex","Rupture+1"],"picked":"SKIP","floor":30},{"not_picked":["Wild Strike+1","Cleave","True Grit+1"],"picked":"SKIP","floor":31}],"player_experience":787959,"relics_obtained":[{"floor":6,"key":"Happy Flower"},{"floor":9,"key":"Art of War"},{"floor":24,"key":"Ancient Tea Set"},{"floor":26,"key":"Strawberry"}],"event_choices":[{"damage_healed":0,"gold_gain":75,"player_choice":"Gather Gold","damage_taken":11,"max_hp_gain":0,"max_hp_loss":0,"event_name":"World of Goop","floor":2,"gold_loss":0},{"damage_healed":0,"gold_gain":0,"player_choice":"Grow","damage_taken":0,"max_hp_gain":0,"max_hp_loss":0,"event_name":"Living Wall","floor":3,"gold_loss":0,"cards_upgraded":["Shrug It Off"]},{"damage_healed":0,"gold_gain":175,"player_choice":"AGREE","damage_taken":0,"max_hp_gain":0,"max_hp_loss":0,"event_name":"Liars Game","floor":4,"gold_loss":0,"cards_obtained":["Doubt"]},{"damage_healed":0,"gold_gain":0,"player_choice":"Read","damage_taken":0,"max_hp_gain":0,"max_hp_loss":0,"event_name":"The Library","floor":19,"gold_loss":0,"cards_obtained":["Burning Pact"]},{"damage_healed":0,"gold_gain":0,"player_choice":"Bought 0 Potions","damage_taken":0,"max_hp_gain":0,"max_hp_loss":0,"event_name":"The Woman in Blue","floor":22,"gold_loss":0}],"is_beta":false,"boss_relics":[{"not_picked":["Astrolabe","Coffee Dripper"],"picked":"Philosopher\u0027s Stone"}],"items_purged_floors":[11],"is_endless":false,"potions_floor_spawned":[1,5,10,12,13,18,20,30,31],"killed_by":"Collector","ascension_level":4}}