{"host":"aj7el8l5kufbk20z","time":1611900427,"event":{"mods":["AchievementEnabler","BaseMod","Colored Map","Colored Powertips","Curses Come First","Highlight Path","Minty Spire (QoL Compilation)","Permanent Neow","Poor People Problems","Quick Restart","Rare Cards Sparkle","Relic Stats","StSLib","SuperFastMode","Waifu the Spire"],"gold_per_floor":[117,117,130,130,999,999,1033,496,496,496,536,555,591,610,610,703,703,717,470,488,488,512,512,548,548,548,561,574,613,197,244,244,342,342,369,400,250,259,345,388,430,442,523,559,591,603,415,457,457,457],"floor_reached":51,"language":"ZHS","playtime":3293,"items_purged":["Strike_G","Defend_G","Defend_G","Defend_G","Leg Sweep+1","Flechettes+1"],"score":1442,"play_id":"ed637df6-eff7-4d34-814a-08162420bf4e","local_time":"20210129140707","is_ascension_mode":true,"campfire_choices":[{"data":"Blade Dance","floor":6.0,"key":"SMITH"},{"data":"Deflect","floor":10.0,"key":"SMITH"},{"data":"Cloak And Dagger","floor":15.0,"key":"SMITH"},{"data":"After Image","floor":23.0,"key":"SMITH"},{"data":"Deadly Poison","floor":32,"key":"SMITH"},{"data":"Footwork","floor":42,"key":"SMITH"},{"data":"Accuracy","floor":46,"key":"SMITH"},{"data":"Accuracy","floor":49,"key":"SMITH"}],"circlet_count":0,"master_deck":["AscendersBane","Defend_G+1","Defend_G","Survivor+1","Neutralize","Blade Dance+1","Backflip","Deflect+1","Cloak And Dagger+1","After Image+1","Venomology+1","Catalyst+1","Accuracy+1","Deadly Poison+1","Accuracy+1","Caltrops","Tactician+1","PiercingWail+1","Cloak And Dagger+1","Crippling Poison+1","Envenom","Backflip+1","Venomology+1","Footwork+1","Blade Dance+1","Acrobatics+1","Dodge and Roll+1","Dagger Spray+1"],"relics":["Black Star","Bag of Marbles","Golden Idol","Toy Ornithopter","Bronze Scales","StoneCalendar","Happy Flower","Pantograph","Nunchaku","Oddly Smooth Stone","Meat on the Bone","Molten Egg 2","Astrolabe","Sling","Vajra","TungstenRod","Toxic Egg 2","Shuriken","Kunai","Blue Candle","Dream Catcher","CeramicFish","Anchor","Potion Belt","War Paint","Coffee Dripper","Bird Faced Urn","Singing Bowl","MawBank","Eternal Feather","Paper Crane","Gremlin Horn","Bottled Lightning"],"acts_visited":["Exordium","TheCity","TheBeyond"],"potions_floor_usage":[28,29,36,40,40,41,48,50,50,50,50,50,50,50,50,50],"damage_taken":[{"damage":4.0,"enemies":"Small Slimes","floor":1.0,"turns":5.0},{"damage":9.0,"enemies":"Jaw Worm","floor":3.0,"turns":2.0},{"damage":31.0,"enemies":"3 Sentries","floor":7.0,"turns":13.0},{"damage":12.0,"enemies":"Lagavulin","floor":11.0,"turns":6.0},{"damage":0.0,"enemies":"2 Louse","floor":12.0,"turns":2.0},{"damage":25.0,"enemies":"Gremlin Nob","floor":13.0,"turns":5.0},{"damage":0.0,"enemies":"Looter","floor":14.0,"turns":2.0},{"damage":26.0,"enemies":"Slime Boss","floor":16.0,"turns":9.0},{"damage":0.0,"enemies":"Spheric Guardian","floor":18.0,"turns":4.0},{"damage":0.0,"enemies":"Shell Parasite","floor":20.0,"turns":4.0},{"damage":2.0,"enemies":"Snecko","floor":22.0,"turns":5.0},{"damage":13.0,"enemies":"Gremlin Leader","floor":24.0,"turns":7.0},{"damage":2.0,"enemies":"Sentry and Sphere","floor":27.0,"turns":5.0},{"damage":0,"enemies":"3 Cultists","floor":28,"turns":6},{"damage":15,"enemies":"Book of Stabbing","floor":29,"turns":6},{"damage":31,"enemies":"Gremlin Leader","floor":31,"turns":4},{"damage":21,"enemies":"Automaton","floor":33,"turns":8},{"damage":0,"enemies":"3 Shapes","floor":35,"turns":5},{"damage":0,"enemies":"Mind Bloom Boss Battle","floor":36,"turns":5},{"damage":26,"enemies":"Nemesis","floor":40,"turns":5},{"damage":0,"enemies":"Orb Walker","floor":41,"turns":4},{"damage":0,"enemies":"Maw","floor":44,"turns":6},{"damage":0,"enemies":"Jaw Worm Horde","floor":45,"turns":3},{"damage":2,"enemies":"Giant Head","floor":48,"turns":5},{"damage":0,"enemies":"Awakened One","floor":50,"turns":8}],"seed_played":"215448298441807688","potions_obtained":[{"floor":7.0,"key":"CunningPotion"},{"floor":12.0,"key":"LiquidMemories"},{"floor":14.0,"key":"DistilledChaos"},{"floor":20.0,"key":"EssenceOfSteel"},{"floor":24.0,"key":"AttackPotion"},{"floor":35,"key":"DistilledChaos"},{"floor":40,"key":"ColorlessPotion"}],"is_trial":false,"path_per_floor":["M","?","M","?","?","R","E","$","T","R","E","M","E","M","R","B",null,"M","$","M","?","M","R","E","?","T","M","M","E","$","E","R","B",null,"M","?","$","?","$","E","M","R","T","M","M","R","$","E","R","B",null],"character_chosen":"THE_SILENT","items_purchased":["StoneCalendar","Happy Flower","Sling","Accuracy","Vajra","TungstenRod","CeramicFish","Anchor","Singing Bowl","Footwork"],"campfire_rested":0,"item_purchase_floors":[8,8,19,19,19,19,30,30,39,39],"current_hp_per_floor":[55,55,46,66,66,66,66,66,66,66,54,54,189,189,189,40,60,65,65,65,65,63,63,53,71,71,69,71,69,69,38,38,42,64,64,71,71,71,71,58,71,71,71,71,73,73,73,71,73,73],"gold":457,"neow_bonus":"BOSS_RELIC","is_daily":false,"chose_seed":false,"campfire_upgraded":8,"win_rate":0.0,"timestamp":1611900427,"path_taken":["M","?","M","?","?","R","E","$","T","R","E","M","E","M","R","BOSS","M","$","M","?","M","R","E","?","T","M","M","E","$","E","R","BOSS","M","?","$","?","$","E","M","R","T","?","M","R","$","E","R","BOSS"],"items_purchased_type":["Relic","Relic","Relic","Card","Relic","Relic","Relic","Relic","Relic","Card"],"build_version":"2020-12-22","purchased_purges":6,"victory":true,"max_hp_per_floor":[66,66,66,66,66,66,66,66,66,66,66,66,66,66,66,66,66,66,66,66,66,66,66,66,71,71,71,71,71,71,71,71,71,71,71,71,71,71,71,71,71,71,71,71,73,73,73,73,73,73],"relic_stats":{"Happy Flower":[38],"Singing Bowl":2,"Gremlin Horn":[3,3],"counters":[25,134],"Golden Idol":161,"Astrolabe":["Flechettes","Leg Sweep","Venomology"],"Blue Candle":[0],"CeramicFish":81,"StoneCalendar":[182],"Eternal Feather":2,"War Paint":["Survivor","Defend_G"],"MawBank":84,"Nunchaku":[30],"Dream Catcher":0,"Shuriken":[41],"Bronze Scales":[262],"Pantograph":-91,"Bird Faced Urn":[20],"Black Star":8,"Kunai":[41],"obtain_stats":[{"Singing Bowl":39,"Gremlin Horn":48,"CeramicFish":30,"Vajra":19,"StoneCalendar":8,"Sling":19,"Nunchaku":11,"Dream Catcher":29,"Pantograph":9,"Kunai":26,"Toxic Egg 2":24,"Ring of the Snake":0,"Potion Belt":31,"Happy Flower":8,"Golden Idol":4,"Astrolabe":17,"Blue Candle":29,"Oddly Smooth Stone":11,"Eternal Feather":40,"War Paint":31,"Paper Crane":43,"MawBank":40,"Anchor":30,"Shuriken":24,"Bronze Scales":7,"Bird Faced Urn":36,"Molten Egg 2":13,"Black Star":0,"Bag of Marbles":2,"Coffee Dripper":34,"Bottled Lightning":48,"Toy Ornithopter":7,"TungstenRod":19,"Meat on the Bone":13},{"Singing Bowl":19,"Gremlin Horn":24,"CeramicFish":15,"Vajra":9,"StoneCalendar":3,"Sling":9,"Nunchaku":4,"Dream Catcher":15,"Pantograph":3,"Kunai":12,"Toxic Egg 2":12,"Ring of the Snake":0,"Potion Belt":16,"Happy Flower":3,"Golden Idol":2,"Astrolabe":8,"Blue Candle":15,"Oddly Smooth Stone":4,"Eternal Feather":20,"War Paint":16,"Paper Crane":21,"MawBank":20,"Anchor":15,"Shuriken":12,"Bronze Scales":3,"Bird Faced Urn":19,"Molten Egg 2":6,"Black Star":0,"Bag of Marbles":1,"Coffee Dripper":17,"Bottled Lightning":24,"Toy Ornithopter":3,"TungstenRod":9,"Meat on the Bone":6},{"Singing Bowl":103,"Gremlin Horn":126,"CeramicFish":81,"Vajra":48,"StoneCalendar":20,"Sling":48,"Nunchaku":26,"Dream Catcher":81,"Pantograph":20,"Kunai":64,"Toxic Egg 2":64,"Ring of the Snake":0,"Potion Belt":85,"Happy Flower":20,"Golden Idol":7,"Astrolabe":44,"Blue Candle":81,"Oddly Smooth Stone":26,"Eternal Feather":108,"War Paint":85,"Paper Crane":112,"MawBank":108,"Anchor":81,"Shuriken":64,"Bronze Scales":20,"Bird Faced Urn":103,"Molten Egg 2":33,"Black Star":0,"Bag of Marbles":5,"Coffee Dripper":93,"Bottled Lightning":126,"Toy Ornithopter":20,"TungstenRod":48,"Meat on the Bone":33}],"Toy Ornithopter":21,"TungstenRod":23,"Meat on the Bone":0},"card_choices":[{"not_picked":["Calculated Gamble","Bane"],"picked":"Blade Dance","floor":1.0},{"not_picked":["Flying Knee","PiercingWail"],"picked":"Backflip","floor":3.0},{"not_picked":["Expertise","Sucker Punch"],"picked":"Deflect","floor":7.0},{"not_picked":["Underhanded Strike","Predator"],"picked":"Cloak And Dagger","floor":11.0},{"not_picked":["Calculated Gamble","Bane","Concentrate"],"picked":"SKIP","floor":12.0},{"not_picked":["Skewer+1","Leg Sweep","Corpse Explosion"],"picked":"SKIP","floor":13.0},{"not_picked":["Dagger Throw+1","Sucker Punch+1","Distraction"],"picked":"SKIP","floor":14.0},{"not_picked":["Grand Finale+1","Corpse Explosion"],"picked":"After Image","floor":16.0},{"not_picked":["Dagger Throw+1","Dash+1"],"picked":"Catalyst+1","floor":18.0},{"not_picked":["Setup","Quick Slash+1"],"picked":"Deadly Poison","floor":20.0},{"not_picked":["Blade Dance","Sucker Punch+1"],"picked":"Accuracy","floor":22.0},{"not_picked":["Deadly Poison+1","Bane+1"],"picked":"Caltrops","floor":24.0},{"not_picked":["Poisoned Stab+1","Endless Agony+1"],"picked":"Tactician+1","floor":27.0},{"not_picked":["Slice+1","Dodge and Roll+1"],"picked":"PiercingWail+1","floor":28},{"not_picked":["Venomology+1","Acrobatics+1"],"picked":"Cloak And Dagger+1","floor":29},{"not_picked":["Backstab+1","Sucker Punch+1"],"picked":"Crippling Poison+1","floor":31},{"not_picked":["Night Terror+1","Phantasmal Killer+1"],"picked":"Envenom","floor":33},{"not_picked":["Deflect+1","Cloak And Dagger+1"],"picked":"Backflip+1","floor":35},{"not_picked":["Bane+1","Outmaneuver+1"],"picked":"Blade Dance+1","floor":40},{"not_picked":["Endless Agony+1","Masterful Stab+1"],"picked":"Acrobatics+1","floor":41},{"not_picked":["All Out Attack+1","Prepared+1"],"picked":"Dodge and Roll+1","floor":44},{"not_picked":["Slice+1","Quick Slash+1","Backflip+1"],"picked":"Singing Bowl","floor":45},{"not_picked":["Bullet Time+1","Quick Slash+1"],"picked":"Dagger Spray+1","floor":48}],"player_experience":299215,"relics_obtained":[{"floor":7.0,"key":"Toy Ornithopter"},{"floor":7.0,"key":"Bronze Scales"},{"floor":9.0,"key":"Pantograph"},{"floor":11.0,"key":"Nunchaku"},{"floor":11.0,"key":"Oddly Smooth Stone"},{"floor":13.0,"key":"Meat on the Bone"},{"floor":13.0,"key":"Molten Egg 2"},{"floor":24.0,"key":"Toxic Egg 2"},{"floor":24.0,"key":"Shuriken"},{"floor":26.0,"key":"Kunai"},{"floor":29,"key":"Blue Candle"},{"floor":29,"key":"Dream Catcher"},{"floor":31,"key":"Potion Belt"},{"floor":31,"key":"War Paint"},{"floor":36,"key":"Bird Faced Urn"},{"floor":40,"key":"MawBank"},{"floor":40,"key":"Eternal Feather"},{"floor":43,"key":"Paper Crane"},{"floor":48,"key":"Gremlin Horn"},{"floor":48,"key":"Bottled Lightning"}],"event_choices":[{"damage_healed":0.0,"max_hp_gain":0.0,"max_hp_loss":0.0,"gold_gain":0.0,"event_name":"Big Fish","player_choice":"Box","floor":2.0,"gold_loss":0.0,"damage_taken":0.0,"relics_obtained":["Bag of Marbles"],"cards_obtained":["Regret"]},{"damage_healed":0.0,"max_hp_gain":0.0,"max_hp_loss":0.0,"gold_gain":0.0,"event_name":"Golden Idol","player_choice":"Take Damage","floor":4.0,"gold_loss":0.0,"damage_taken":23.0,"relics_obtained":["Golden Idol"]},{"cards_removed":["Regret"],"damage_healed":0.0,"max_hp_gain":0.0,"max_hp_loss":0.0,"gold_gain":0.0,"event_name":"The Cleric","player_choice":"Card Removal","floor":5.0,"gold_loss":75.0,"damage_taken":0.0},{"damage_healed":0.0,"max_hp_gain":0.0,"max_hp_loss":0.0,"gold_gain":0.0,"event_name":"Vampires","player_choice":"Ignored","floor":21.0,"gold_loss":0.0,"damage_taken":0.0},{"damage_healed":0.0,"max_hp_gain":5.0,"max_hp_loss":0.0,"gold_gain":0.0,"event_name":"Forgotten Altar","player_choice":"Shed Blood","floor":25.0,"gold_loss":0.0,"damage_taken":23.0},{"damage_healed":0,"gold_gain":0,"player_choice":"Fight","damage_taken":0,"max_hp_gain":0,"max_hp_loss":0,"event_name":"MindBloom","floor":36,"gold_loss":0},{"damage_healed":0,"gold_gain":0,"cards_transformed":["Strike_G"],"player_choice":"Transformed","damage_taken":0,"max_hp_gain":0,"max_hp_loss":0,"event_name":"Transmorgrifier","floor":38,"gold_loss":0,"cards_obtained":["Venomology"]}],"is_beta":false,"boss_relics":[{"not_picked":["Philosopher\u0027s Stone","Cursed Key"],"picked":"Astrolabe"},{"not_picked":["Runic Dome","Sozu"],"picked":"Coffee Dripper"}],"items_purged_floors":[8,19,30,37,39,47],"is_endless":false,"potions_floor_spawned":[7,12,14,16,18,20,24,35,36,40],"ascension_level":15}}