{"host":"kipy315whq7pv20a","time":1611924226,"event":{"mods":["BaseMod","Downfall","Minty Spire (QoL Compilation)","Replay The Spire","StSLib"],"gold_per_floor":[99,113,113,132,49,149,149,149,160,160,176,209,209,228,248,344,344,344,357,375,387,387,387,387,387],"floor_reached":23,"language":"ENG","playtime":3242,"items_purged":[],"score":195,"play_id":"41aadd07-8675-4eac-9b1c-facc1ca12ceb","local_time":"20210129134346","is_ascension_mode":false,"campfire_choices":[{"floor":1,"key":"RECALL"},{"data":"hexamod:FastForward","floor":8,"key":"SMITH"},{"floor":13,"key":"REST"},{"floor":18,"key":"DIG"}],"circlet_count":0,"master_deck":["hexamod:Strike","hexamod:Defend","hexamod:Defend","hexamod:Defend","hexamod:Sear","hexamod:SwordOfDarkness","hexamod:AdvancingGuard","hexamod:GhostOfSpireFuture+1","hexamod:StepThrough","hexamod:FastForward+1","hexamod:ThirdSeal","hexamod:SwordOfDarkness","hexamod:ThirdSeal","hexamod:InspiringFlames","hexamod:FastForward","hexamod:SpectersWail","hexamod:ThirdSeal","hexamod:StepThrough","hexamod:FirstSeal","hexamod:UnlimitedPower","hexamod:GhostflameInferno","hexamod:FifthSeal","hexamod:ForkedFlame","hexamod:ChargedBarrage","hexamod:EmpoweredFlame+1","hexamod:HauntingEcho+1","hexamod:FastForward","hexamod:SkipABeat"],"relics":["hexamod:SpiritBrand","Blood Vial","ReplayTheSpireMod:TigerMarble","Replay:Drink Me","Frozen Egg 2"],"acts_visited":["Exordium","TheCity"],"potions_floor_usage":[4,5,6,6,6,6,6,11,16,20,21,22,22],"damage_taken":[{"damage":0,"enemies":"2 Louse","floor":2,"turns":4},{"damage":0,"enemies":"Cultist","floor":4,"turns":3},{"damage":5,"enemies":"downfall:FleeingMerchant","floor":5,"turns":4},{"damage":20,"enemies":"downfall:Heads","floor":6,"turns":7},{"damage":1,"enemies":"Jaw Worm","floor":9,"turns":3},{"damage":6,"enemies":"Exordium Thugs","floor":11,"turns":5},{"damage":13,"enemies":"Gremlin Nob","floor":12,"turns":4},{"damage":7,"enemies":"Lots of Slimes","floor":14,"turns":4},{"damage":4,"enemies":"2 Fungi Beasts","floor":15,"turns":4},{"damage":36,"enemies":"WA_ARCHETYPE_RETAIN","floor":16,"turns":12},{"damage":23,"enemies":"3 Byrds","floor":19,"turns":5},{"damage":8,"enemies":"Chosen","floor":20,"turns":6},{"damage":14,"enemies":"Snake Plant","floor":21,"turns":4},{"damage":2,"enemies":"Cultist and Chosen","floor":22,"turns":4},{"damage":28,"enemies":"Sentry and Sphere","floor":23,"turns":8}],"seed_played":"1291867541242352322","potions_obtained":[{"floor":3,"key":"EntropicBrew"},{"floor":3,"key":"DistilledChaos"},{"floor":3,"key":"SkillPotion"},{"floor":4,"key":"champ:CounterPotion"},{"floor":9,"key":"CultistPotion"},{"floor":12,"key":"SmokeBomb"},{"floor":14,"key":"Dexterity Potion"},{"floor":16,"key":"Ancient Potion"},{"floor":20,"key":"FearPotion"},{"floor":21,"key":"SkillPotion"}],"is_trial":false,"path_per_floor":["R","M","?","M","$","?","T","R","M","T","M","E","R","M","M","B",null,"R","M","M","M","M","M"],"character_chosen":"THE_SPIRIT","items_purchased":["hexamod:StepThrough"],"campfire_rested":1,"item_purchase_floors":[5],"current_hp_per_floor":[77,77,77,77,72,52,52,52,51,51,47,36,59,54,52,18,58,58,35,36,24,24,0,0,0],"gold":387,"neow_bonus":"TEN_PERCENT_HP_BONUS","is_daily":false,"chose_seed":false,"campfire_upgraded":1,"win_rate":0.0,"timestamp":1611924226,"path_taken":["R","M","?","?","?","?","T","R","?","?","M","E","R","?","M","BOSS","R","M","M","M","M","M"],"items_purchased_type":["Card"],"build_version":"2020-12-22","purchased_purges":0,"victory":false,"max_hp_per_floor":[77,77,77,77,77,77,77,77,77,77,77,77,77,77,77,77,58,58,58,58,58,58,58,58,58],"card_choices":[{"not_picked":["hexamod:GhostShield","hexamod:HeatCrush"],"picked":"hexamod:SwordOfDarkness","floor":2},{"not_picked":["hexamod:FirstSeal","hexamod:GhostLash"],"picked":"hexamod:AdvancingGuard","floor":4},{"not_picked":["hexamod:Haunt","hexamod:GhostOfSpirePast"],"picked":"hexamod:GhostOfSpireFuture","floor":5},{"not_picked":["hexamod:FifthSeal","hexamod:HeatCrush"],"picked":"hexamod:ThirdSeal","floor":6},{"not_picked":["hexamod:NightmareGuise","hexamod:FourthSeal"],"picked":"hexamod:SwordOfDarkness","floor":9},{"not_picked":["hexamod:RetreatToShadows","hexamod:GhostLash"],"picked":"hexamod:ThirdSeal","floor":11},{"not_picked":["hexamod:HeatMetal","hexamod:GhostShield","hexamod:RecurringNightmare"],"picked":"SKIP","floor":11},{"not_picked":["hexamod:Rewind","hexamod:NightmareGuise"],"picked":"hexamod:InspiringFlames","floor":12},{"not_picked":["hexamod:EtherealExpedition","hexamod:NecessarySacrifice"],"picked":"hexamod:FastForward","floor":12},{"not_picked":["hexamod:Firestarter","hexamod:HeatMetal"],"picked":"hexamod:SpectersWail","floor":12},{"not_picked":["hexamod:GhostLash","hexamod:Haunt"],"picked":"hexamod:ThirdSeal","floor":14},{"not_picked":["hexamod:FirstSeal","hexamod:RetreatToShadows"],"picked":"hexamod:StepThrough","floor":14},{"not_picked":["hexamod:NightmareStrike","hexamod:HeatCrush"],"picked":"hexamod:FirstSeal","floor":15},{"not_picked":["hexamod:GhostShield","hexamod:CatchUp"],"picked":"hexamod:UnlimitedPower","floor":15},{"not_picked":["hexamod:SixthSeal","hexamod:SearingWound"],"picked":"hexamod:GhostflameInferno","floor":16},{"not_picked":["hexamod:ParanormalForm","hexamod:WildfireWeapon"],"picked":"hexamod:FifthSeal","floor":16},{"not_picked":["hexamod:SearingWound","hexamod:GhostOfSpirePresent"],"picked":"hexamod:ForkedFlame","floor":16},{"not_picked":["hexamod:FourthSeal","hexamod:BacktrackSmack"],"picked":"hexamod:ChargedBarrage","floor":19},{"not_picked":["hexamod:HeatShield","hexamod:ShieldOfDarkness"],"picked":"hexamod:EmpoweredFlame+1","floor":20},{"not_picked":["hexamod:RainOfEmbers","hexamod:AdvancingGuard+1"],"picked":"hexamod:HauntingEcho+1","floor":20},{"not_picked":["hexamod:HeatMetal","hexamod:NecessarySacrifice","hexamod:NightmareStrike"],"picked":"SKIP","floor":20},{"not_picked":["hexamod:GhostShield","hexamod:InspiringFlames+1"],"picked":"hexamod:FastForward","floor":21},{"not_picked":["hexamod:ShieldOfDarkness","hexamod:GhostflameBarrier+1"],"picked":"hexamod:SkipABeat","floor":21}],"player_experience":174452,"relics_obtained":[{"floor":10,"key":"Blood Vial"},{"floor":12,"key":"ReplayTheSpireMod:TigerMarble"},{"floor":18,"key":"Frozen Egg 2"}],"event_choices":[{"damage_healed":0,"gold_gain":0,"player_choice":"Got Potions","damage_taken":0,"max_hp_gain":0,"max_hp_loss":0,"event_name":"Lab","floor":3,"gold_loss":0}],"is_beta":false,"boss_relics":[{"not_picked":["Fusion Hammer","Astrolabe"],"picked":"Replay:Drink Me"}],"items_purged_floors":[],"is_endless":false,"potions_floor_spawned":[4,9,12,14,16,20,21],"killed_by":"Sentry and Sphere","ascension_level":0}}