{"host":"l2dnabsh5e0fsksb","time":1611928718,"event":{"mods":["2.2 Compatiblity","BaseMod","Downfall","Minty Spire (QoL Compilation)","Quick Restart","StSLib"],"gold_per_floor":[99,99,549,549,25,25,25,59,59,70,70,70,70,7,27,123,123,23,43,57,157,232,257,257,267,267,287,316,332,345,24,41,141,141,41,59,78,125,125,137,137,154,167,179,179,79,110,110,127,127,127,127],"floor_reached":50,"language":"ENG","playtime":26366,"items_purged":["downfall:Icky"],"score":894,"play_id":"a7b4bf34-f3d2-4f9e-935f-f1f8ac345b6c","local_time":"20210130002838","is_ascension_mode":true,"campfire_choices":[{"floor":1.0,"key":"RECALL"},{"floor":9.0,"key":"REST"},{"floor":13.0,"key":"REST"},{"data":"bronze:Mutator","floor":18.0,"key":"SMITH"},{"floor":26.0,"key":"REST"},{"data":"bronze:Iterate","floor":35.0,"key":"SMITH"},{"floor":46.0,"key":"REST"}],"circlet_count":0,"master_deck":["AscendersBane","bronze:Strike","bronze:Strike","bronze:Strike","bronze:Strike","bronze:Defend","bronze:Defend","bronze:Defend","bronze:Defend","bronze:Replicate","bronze:Goto","bronze:WhirlingStrike","downfall:Icky","bronze:Boost","bronze:Iterate+1","bronze:Separator","bronze:Iterate","bronze:Iterate","bronze:Optimize","bronze:Mutator+1","bronze:FollowUp","bronze:Constructor+1","bronze:WhirlingStrike","bronze:BronzeOrb","bronze:BitShift+1","bronze:Boost","bronze:BuggyMess+1","expansioncontent:AwakenDeath","expansioncontent:YouAreMine"],"relics":["bronze:PlatinumCore","downfall:HeartsMalice","Dead Branch","HandDrill","hexamod:CandleOfCauterizing","Question Card","bronze:ElectromagneticCoil","downfall:HeartBlessingRed","Du-Vu Doll","Singing Bowl","Kunai","HornCleat","Nunchaku","Mango","downfall:HeartBlessingGreen","TungstenRod","downfall:HeartBlessingBlue","Smiling Mask","downfall:TeleportStone"],"acts_visited":["Exordium","TheCity","TheBeyond"],"potions_floor_usage":[50,50],"damage_taken":[{"damage":0.0,"enemies":"Small Slimes","floor":2.0,"turns":1.0},{"damage":0.0,"enemies":"downfall:FleeingMerchant","floor":5.0,"turns":1.0},{"damage":0.0,"enemies":"Jaw Worm","floor":6.0,"turns":1.0},{"damage":38.0,"enemies":"Lagavulin","floor":8.0,"turns":6.0},{"damage":8.0,"enemies":"2 Louse","floor":10.0,"turns":3.0},{"damage":0.0,"enemies":"downfall:FleeingMerchant","floor":14.0,"turns":4.0},{"damage":13.0,"enemies":"Red Slaver","floor":15.0,"turns":3.0},{"damage":36.0,"enemies":"SI_SHIV_ARCHETYPE","floor":16.0,"turns":6.0},{"damage":12.0,"enemies":"Shell Parasite","floor":19.0,"turns":3.0},{"damage":27.0,"enemies":"Shelled Parasite and Fungi","floor":20.0,"turns":4.0},{"damage":1.0,"enemies":"WA_ARCHETYPE_RETAIN","floor":21.0,"turns":4.0},{"damage":2.0,"enemies":"Book of Stabbing","floor":23.0,"turns":4.0},{"damage":0.0,"enemies":"3 Cultists","floor":25.0,"turns":3.0},{"damage":0.0,"enemies":"Snake Plant","floor":27.0,"turns":3.0},{"damage":12.0,"enemies":"Gremlin Leader","floor":28.0,"turns":3.0},{"damage":0.0,"enemies":"Snecko","floor":29.0,"turns":3.0},{"damage":6.0,"enemies":"Cultist and Chosen","floor":30.0,"turns":3.0},{"damage":0.0,"enemies":"downfall:FleeingMerchant","floor":31.0,"turns":4.0},{"damage":18.0,"enemies":"Sentry and Sphere","floor":32.0,"turns":4.0},{"damage":9.0,"enemies":"IC_MUSHROOM_ARCHETYPE","floor":33.0,"turns":4.0},{"damage":11.0,"enemies":"3 Darklings","floor":36.0,"turns":4.0},{"damage":4.0,"enemies":"3 Shapes","floor":37.0,"turns":3.0},{"damage":12.0,"enemies":"2 Orb Walkers","floor":38.0,"turns":3.0},{"damage":5.0,"enemies":"3 Darklings","floor":40.0,"turns":3.0},{"damage":0.0,"enemies":"Sphere and 2 Shapes","floor":42.0,"turns":3.0},{"damage":21.0,"enemies":"Transient","floor":43.0,"turns":5.0},{"damage":24.0,"enemies":"Spire Growth","floor":44.0,"turns":4.0},{"damage":73,"enemies":"Reptomancer","floor":47,"turns":5},{"damage":17,"enemies":"Jaw Worm Horde","floor":49,"turns":2},{"damage":7,"enemies":"DF_ARCHETYPE_ORBS","floor":50,"turns":2}],"seed_played":"-1320313979920076443","potions_obtained":[{"floor":8.0,"key":"SneckoOil"},{"floor":10.0,"key":"FearPotion"},{"floor":22.0,"key":"downfall:CursedFountainPotion"},{"floor":25.0,"key":"AttackPotion"},{"floor":27.0,"key":"PowerPotion"},{"floor":28.0,"key":"Explosive Potion"},{"floor":29.0,"key":"hexamod:SoulburnPotion"},{"floor":30.0,"key":"Strength Potion"},{"floor":37.0,"key":"Ancient Potion"},{"floor":40.0,"key":"EssenceOfSteel"},{"floor":42.0,"key":"Regen Potion"},{"floor":49,"key":"BlessingOfTheForge"}],"is_trial":false,"path_per_floor":["R","M","?","?","$","M","T","E","R","M","?","?","R","$","M","B",null,"R","M","M","?","?","E","T","M","R","M","E","M","M","$","M","B",null,"R","M","M","?","?","M","T","M","M","M","?","R","E","?","M","B"],"character_chosen":"THE_AUTOMATON","items_purchased":["Dead Branch","HandDrill","bronze:Iterate","Mango"],"campfire_rested":4,"item_purchase_floors":[5,5,14,31],"current_hp_per_floor":[63,63,63,63,63,63,63,25,46,38,38,38,59,59,46,10,55,55,43,16,17,17,17,17,17,39,39,29,31,27,43,27,20,80,80,71,67,57,57,54,54,54,50,28,21,67,22,22,7,0,0,0],"gold":127,"neow_bonus":"THREE_ENEMY_KILL","is_daily":false,"chose_seed":false,"campfire_upgraded":2,"win_rate":0.0,"timestamp":1611928718,"path_taken":["R","M","?","?","?","M","T","E","R","M","?","?","R","$","M","BOSS","R","M","M","?","?","E","T","M","R","?","E","M","M","$","M","BOSS","R","M","M","?","?","M","T","M","?","M","?","R","E","?","M","BOSS"],"items_purchased_type":["Relic","Relic","Card","Relic"],"build_version":"2020-12-22","purchased_purges":1,"victory":false,"max_hp_per_floor":[70,70,70,70,70,70,70,70,70,70,70,70,70,70,70,70,70,70,70,70,72,72,74,74,74,74,74,76,78,80,96,98,100,100,100,102,102,104,104,106,106,106,108,110,112,122,124,124,126,126,126,126],"card_choices":[{"not_picked":["bronze:BitShift","bronze:BuggyMess"],"picked":"bronze:WhirlingStrike","floor":2.0},{"not_picked":["bronze:ClassDefault","bronze:Branch"],"picked":"bronze:Iterate","floor":5.0},{"not_picked":["bronze:Branch","bronze:Fortify","bronze:Shield"],"picked":"SKIP","floor":6.0},{"not_picked":["bronze:Turbo","bronze:Overheat"],"picked":"bronze:Separator","floor":8.0},{"not_picked":["bronze:Overheat","bronze:BuggyMess","bronze:WhirlingStrike"],"picked":"bronze:Iterate","floor":10.0},{"not_picked":["bronze:Overload","bronze:Break","bronze:Branch","bronze:Deprecate"],"picked":"SKIP","floor":14.0},{"not_picked":["bronze:Boost","bronze:Iterate","bronze:Invalidate"],"picked":"bronze:Optimize","floor":15.0},{"not_picked":["bronze:ThunderWave","bronze:FindAndReplace","bronze:HardenedForm"],"picked":"bronze:Mutator","floor":16.0},{"not_picked":["bronze:Turbo+1","bronze:Safeguard+1","bronze:Iterate"],"picked":"bronze:FollowUp","floor":19.0},{"not_picked":["bronze:CutThrough","bronze:Shield","bronze:MaxOutput"],"picked":"bronze:Constructor+1","floor":20.0},{"not_picked":["bronze:FollowUp","bronze:ForceShield","bronze:BitShift","bronze:FineTuning+1"],"picked":"Singing Bowl","floor":21.0},{"not_picked":["bronze:InfiniteBeams+1","bronze:ItsAFeature","bronze:Flail","bronze:Deprecate+1"],"picked":"Singing Bowl","floor":23.0},{"not_picked":["bronze:BugBarrage","bronze:ItsAFeature","bronze:DelayedGuard"],"picked":"bronze:WhirlingStrike","floor":25.0},{"not_picked":["bronze:Turbo","bronze:BugBarrage","bronze:DarkDash"],"picked":"bronze:BronzeOrb","floor":27.0},{"not_picked":["bronze:DelayedGuard","bronze:Invalidate","bronze:GetLatest","bronze:BuggyMess"],"picked":"Singing Bowl","floor":28.0},{"not_picked":["bronze:CutThrough","bronze:WhirlingStrike","bronze:Backtrace","bronze:BuggyMess+1"],"picked":"Singing Bowl","floor":29.0},{"not_picked":["bronze:Backtrace","bronze:Turbo","bronze:Library","bronze:FineTuning"],"picked":"Singing Bowl","floor":30.0},{"not_picked":["bronze:Branch+1","bronze:DelayedGuard","bronze:Shell","bronze:DelayedSlice"],"picked":"Singing Bowl","floor":31.0},{"not_picked":["bronze:ChosenStrike+1","bronze:BitShift","bronze:Philosophize","bronze:Shield+1"],"picked":"Singing Bowl","floor":32.0},{"not_picked":["bronze:AlphaBuild","bronze:ShipIt","bronze:HardenedForm","bronze:Assembly"],"picked":"Singing Bowl","floor":33.0},{"not_picked":["bronze:Overload","bronze:Terminator+1","bronze:Overheat","bronze:ChosenStrike"],"picked":"Singing Bowl","floor":36.0},{"not_picked":["bronze:OilSpill","bronze:DelayedSlice","bronze:NullPointer"],"picked":"bronze:BitShift+1","floor":37.0},{"not_picked":["bronze:Branch+1","bronze:OilSpill","bronze:Separator","bronze:Shield"],"picked":"Singing Bowl","floor":38.0},{"not_picked":["bronze:Mutator","bronze:MaxOutput","bronze:CutThrough","bronze:Frontload"],"picked":"Singing Bowl","floor":40.0},{"not_picked":["bronze:GetLatest","bronze:MaxOutput","bronze:Boost"],"picked":"bronze:BuggyMess+1","floor":42.0},{"not_picked":["bronze:Frontload","bronze:DelayedGuard","bronze:DigitalCarnage","bronze:GetLatest"],"picked":"Singing Bowl","floor":43.0},{"not_picked":["bronze:DelayedGuard","bronze:BugBarrage+1","bronze:MaxOutput+1","bronze:Invalidate"],"picked":"Singing Bowl","floor":44.0},{"not_picked":["expansioncontent:GuardianWhirl","expansioncontent:StudyTheSpire"],"picked":"expansioncontent:AwakenDeath","floor":45.0},{"not_picked":["expansioncontent:PrepareCrush","expansioncontent:DecaShield"],"picked":"expansioncontent:YouAreMine","floor":45.0},{"not_picked":["expansioncontent:DashGenerateEvil","expansioncontent:PolyBeam","expansioncontent:StudyTheSpire"],"picked":"Singing Bowl","floor":45.0},{"not_picked":["bronze:Optimize","bronze:BitShift","bronze:Virus","bronze:DelayedSlice"],"picked":"Singing Bowl","floor":47},{"not_picked":["bronze:OilSpill+1","bronze:DelayedSlice","bronze:Frontload","bronze:Deprecate"],"picked":"Singing Bowl","floor":49}],"player_experience":1857558,"relics_obtained":[{"floor":7.0,"key":"hexamod:CandleOfCauterizing"},{"floor":8.0,"key":"Question Card"},{"floor":21.0,"key":"Du-Vu Doll"},{"floor":21.0,"key":"Singing Bowl"},{"floor":23.0,"key":"Kunai"},{"floor":24.0,"key":"HornCleat"},{"floor":28.0,"key":"Nunchaku"},{"floor":38.0,"key":"TungstenRod"},{"floor":47,"key":"Smiling Mask"}],"event_choices":[{"damage_healed":0.0,"max_hp_gain":0.0,"max_hp_loss":0.0,"gold_gain":0.0,"event_name":"Mysterious Sphere","player_choice":"Fight","floor":38.0,"gold_loss":0.0,"damage_taken":0.0}],"is_beta":false,"boss_relics":[{"not_picked":["Empty Cage","Coffee Dripper"],"picked":"bronze:ElectromagneticCoil"},{"not_picked":["Runic Dome","Runic Pyramid"],"picked":"bronze:PlatinumCore"}],"items_purged_floors":[5],"is_endless":false,"potions_floor_spawned":[8,10,25,27,28,29,30,32,37,40,42,49],"killed_by":"DF_ARCHETYPE_ORBS","ascension_level":12}}