{"host":"ueaobptuyu87ouwy","time":1609992283,"event":{"mods":["Aspiration","Bard","BaseMod","Better Altar","Better Match","Better Note","Better Sensory Stone","Better Skull","Better Third Choice","BetterRewards","CCEM","Colored Map","Conspire","Downfall","GifTheSpireLib","Googly Eyes","Halation","Hermit","Highlight Path","Hubris","Infinite Spire","Jedi Mod","Jorbs\u0027s Wanderer Trilogy","Marisa????????","Mimic Mod","Minty Spire (QoL Compilation)","Permanent Neow","Replay The Spire","StSLib","Stuff the Spire","The Runesmith","Unceasing Turn Reminder","everything is the same but u backflip on backflip","slay the spire mod where everything is the same but ironclad has a cowboy hat"],"gold_per_floor":[117,134,134,134,182,182,196,216,252,252,252,107,135,146,146,242,242,258,258,172,172,183,183,183],"floor_reached":23,"playtime":814,"items_purged":[],"score":198,"play_id":"a2779557-6cea-4ba9-bb00-c3306a5a8d60","local_time":"20210107120443","is_ascension_mode":true,"campfire_choices":[{"data":"Zap","floor":6,"key":"SMITH"},{"data":"Hologram","floor":10,"key":"SMITH"},{"floor":15,"key":"REST"}],"circlet_count":0,"master_deck":["Strike_B","Strike_B","Strike_B+1","Defend_B+1","Zap+1","Dualcast","Hologram+1","Gash","Conserve Battery","Rebound","ReplayTheSpireMod:Calculation Training+1","Melter","Doppelganger","Poison Darts","Cloak And Dagger","Gash+1","Rebound","Echo Form","Ball Lightning","Consume","Go for the Eyes","Ball Lightning+1"],"relics":["Cracked Core","aspiration:Nostalgia","Runesmith:BrokenRuby","StuffTheSpire:RedRose","Gremlin Horn","Ancient Tea Set","Gremlin Food","Vajra","Empty Cage","jedi:crownofsimplicity","halation:PromiseList"],"acts_visited":["Exordium","TheCity"],"potions_floor_usage":[18,22,23],"damage_taken":[{"damage":0,"enemies":"Cultist","floor":1,"turns":3},{"damage":0,"enemies":"2 Louse","floor":2,"turns":2},{"damage":1,"enemies":"Small Slimes","floor":7,"turns":3},{"damage":4,"enemies":"2 Fungi Beasts","floor":8,"turns":3},{"damage":3,"enemies":"Looter","floor":9,"turns":5},{"damage":15,"enemies":"3 Sentries","floor":13,"turns":6},{"damage":0,"enemies":"Looter","floor":14,"turns":2},{"damage":27,"enemies":"Hexaghost","floor":16,"turns":6},{"damage":5,"enemies":"3 Byrds","floor":18,"turns":5},{"damage":0,"enemies":"Shell Parasite","floor":22,"turns":3},{"damage":29,"enemies":"Slavers","floor":23,"turns":2}],"seed_played":"-3627300972232773445","potions_obtained":[{"floor":1,"key":"LifebloodPotion"},{"floor":2,"key":"ColorlessPotion"},{"floor":5,"key":"FocusPotion"},{"floor":7,"key":"FocusPotion"},{"floor":14,"key":"Adrenaline Potion"},{"floor":18,"key":"Energy Potion"},{"floor":22,"key":"jedi:coolantleak"}],"is_trial":false,"path_per_floor":["M","M","?","?","?","R","M","M","MIM","R","?","$","E","M","R","B",null,"M","?","$","?","M","E"],"character_chosen":"DEFECT","items_purchased":["Gremlin Food","Consume","Go for the Eyes"],"campfire_rested":1,"item_purchase_floors":[12,20,20],"current_hp_per_floor":[75,75,60,60,42,42,41,37,34,34,34,34,19,19,41,14,75,70,70,70,26,26,0,0],"gold":183,"neow_bonus":"NOSTALGIA","is_daily":false,"chose_seed":false,"campfire_upgraded":2,"win_rate":0.0,"timestamp":1609992283,"path_taken":["M","?","?","?","?","R","M","?","MIM","R","?","$","E","M","R","BOSS","M","?","$","?","?","E"],"items_purchased_type":["Relic","Card","Card"],"build_version":"2020-12-13","purchased_purges":0,"victory":false,"max_hp_per_floor":[75,75,75,75,75,75,75,75,75,75,75,75,75,75,75,75,75,75,75,75,75,75,75,75],"card_choices":[{"not_picked":["StuffTheSpire:SnapShoot","Lockon"],"picked":"Hologram","floor":1},{"not_picked":["Defragment","Go for the Eyes"],"picked":"Gash","floor":2},{"not_picked":["ReplaySolidLightProjector","Redo"],"picked":"Conserve Battery","floor":5},{"not_picked":["StuffTheSpire:LoadUp","Go for the Eyes"],"picked":"Rebound","floor":7},{"not_picked":["Leap","Recycle"],"picked":"ReplayTheSpireMod:Calculation Training","floor":8},{"not_picked":["FIFO Queue","jedi:spotbugs"],"picked":"Melter","floor":9},{"not_picked":["Darkness","Streamline"],"picked":"Gash","floor":13},{"not_picked":["jedi:bruteforce","Streamline"],"picked":"Rebound","floor":14},{"not_picked":["Core Surge","Machine Learning"],"picked":"Echo Form","floor":16},{"not_picked":["BasicCrystalCard","jedi:BurstLightning"],"picked":"Ball Lightning","floor":18},{"not_picked":["Barrage","Compile Driver"],"picked":"Ball Lightning+1","floor":22}],"player_experience":50780,"relics_obtained":[{"floor":5,"key":"Gremlin Horn"},{"floor":9,"key":"Ancient Tea Set"},{"floor":13,"key":"Vajra"},{"floor":19,"key":"jedi:crownofsimplicity"}],"event_choices":[{"damage_healed":75,"gold_gain":0,"player_choice":"Upgrade","damage_taken":15,"max_hp_gain":0,"max_hp_loss":75,"event_name":"betterThird:BetterShining","floor":3,"gold_loss":0,"cards_upgraded":["Defend_B","Defend_B"]},{"damage_healed":0,"gold_gain":0,"player_choice":"UP RE UP ","damage_taken":50,"relics_obtained":["halation:PromiseList"],"max_hp_gain":0,"max_hp_loss":0,"event_name":"betterSkull:BetterSkull","floor":21,"gold_loss":0,"cards_upgraded":["Strike_B","ReplayTheSpireMod:Calculation Training"]}],"is_beta":false,"boss_relics":[{"not_picked":["hubris:GrandSneckoEye","Abe\u0027s Treasure"],"picked":"Empty Cage"}],"items_purged_floors":[],"is_endless":false,"potions_floor_spawned":[1,2,7,8,14,18,22],"killed_by":"Slavers","ascension_level":1}}