{"host":"ch74xfb1n85e86fc","time":1609980460,"event":{"mods":["AchievementEnabler","BaseMod","Colored Map","DeckTracker","Minty Spire (QoL Compilation)","Relic Stats","StSLib","SuperFastMode","everything is the same but u backflip on backflip"],"gold_per_floor":[116,132,147,166,182,210,210,220,271,346,362,380,397,428,428,524,524,449,449,449,449],"floor_reached":20,"playtime":679,"items_purged":[],"score":216,"play_id":"c6cf8623-4154-4262-8b84-f3b057f56fce","local_time":"20210107094740","is_ascension_mode":true,"campfire_choices":[{"data":"Spot Weakness","floor":7,"key":"SMITH"},{"data":"Battle Trance","floor":15,"key":"SMITH"}],"circlet_count":0,"master_deck":["Strike_R","Strike_R","Strike_R","Strike_R","Defend_R","Defend_R","Defend_R","Bash","Havoc","Disarm","Perfected Strike","Headbutt","Second Wind","Spot Weakness+1","Battle Trance+1","Power Through","Sword Boomerang","Shrug It Off"],"relics":["Burning Blood","Magic Flower","Art of War","Eternal Feather","SlaversCollar"],"acts_visited":["Exordium","TheCity"],"potions_floor_usage":[6,14],"damage_taken":[{"damage":0,"enemies":"Small Slimes","floor":1,"turns":3},{"damage":4,"enemies":"2 Louse","floor":2,"turns":3},{"damage":9,"enemies":"Jaw Worm","floor":3,"turns":3},{"damage":6,"enemies":"Looter","floor":4,"turns":4},{"damage":19,"enemies":"3 Louse","floor":5,"turns":4},{"damage":31,"enemies":"Lagavulin","floor":6,"turns":6},{"damage":11,"enemies":"Blue Slaver","floor":8,"turns":4},{"damage":0,"enemies":"Large Slime","floor":11,"turns":5},{"damage":6,"enemies":"Looter","floor":12,"turns":3},{"damage":8,"enemies":"Blue Slaver","floor":13,"turns":3},{"damage":22,"enemies":"3 Sentries","floor":14,"turns":7},{"damage":12,"enemies":"Hexaghost","floor":16,"turns":8},{"damage":22,"enemies":"2 Thieves","floor":18,"turns":5},{"damage":0,"enemies":"3 Byrds","floor":20,"turns":1}],"seed_played":"5870928731928558993","potions_obtained":[{"floor":3,"key":"Explosive Potion"},{"floor":6,"key":"BlessingOfTheForge"},{"floor":11,"key":"ColorlessPotion"},{"floor":12,"key":"Swift Potion"},{"floor":16,"key":"Block Potion"}],"is_trial":false,"path_per_floor":["M","M","M","M","M","E","R","M","T","?","M","M","M","E","R","B",null,"M","?","M"],"character_chosen":"IRONCLAD","items_purchased":[],"campfire_rested":0,"item_purchase_floors":[],"current_hp_per_floor":[72,72,69,69,56,31,31,29,29,18,27,30,31,18,27,24,72,59,46,46,46],"gold":449,"neow_bonus":"TRANSFORM_TWO_CARDS","is_daily":false,"chose_seed":false,"campfire_upgraded":2,"win_rate":0.0,"timestamp":1609980460,"path_taken":["M","M","M","M","M","E","R","M","T","?","M","M","M","E","R","BOSS","M","?","M"],"items_purchased_type":[],"build_version":"2020-12-22","purchased_purges":0,"victory":false,"max_hp_per_floor":[72,72,72,72,72,72,72,72,72,72,72,72,72,72,72,72,72,72,77,77,77],"relic_stats":{"counters":[14,59],"Magic Flower":[21],"Eternal Feather":9,"Art of War":[1],"obtain_stats":[{"SlaversCollar":17,"Magic Flower":6,"Eternal Feather":14,"Art of War":9,"Burning Blood":0},{"SlaversCollar":12,"Magic Flower":6,"Eternal Feather":11,"Art of War":7,"Burning Blood":0},{"SlaversCollar":53,"Magic Flower":23,"Eternal Feather":45,"Art of War":27,"Burning Blood":0}],"Burning Blood":91},"card_choices":[{"not_picked":["Twin Strike","Bloodletting"],"picked":"Perfected Strike","floor":1},{"not_picked":["Cleave","Warcry"],"picked":"Headbutt","floor":2},{"not_picked":["Body Slam","Bloodletting"],"picked":"Second Wind","floor":3},{"not_picked":["Armaments","Body Slam"],"picked":"Spot Weakness","floor":4},{"not_picked":["Twin Strike","Thunderclap"],"picked":"Battle Trance","floor":5},{"not_picked":["Headbutt","Dropkick","Clothesline"],"picked":"SKIP","floor":6},{"not_picked":["Sword Boomerang","Twin Strike"],"picked":"Power Through","floor":8},{"not_picked":["Headbutt","Dark Embrace","Sentinel"],"picked":"SKIP","floor":11},{"not_picked":["Shockwave","Searing Blow"],"picked":"Sword Boomerang","floor":12},{"not_picked":["Flame Barrier","Clash"],"picked":"Shrug It Off","floor":13},{"not_picked":["Sever Soul","Rampage","Bloodletting"],"picked":"SKIP","floor":14},{"not_picked":["Clash+1","Thunderclap","Armaments"],"picked":"SKIP","floor":18}],"player_experience":39260,"relics_obtained":[{"floor":6,"key":"Magic Flower"},{"floor":9,"key":"Art of War"},{"floor":14,"key":"Eternal Feather"}],"event_choices":[{"damage_healed":0,"gold_gain":75,"player_choice":"Gather Gold","damage_taken":11,"max_hp_gain":0,"max_hp_loss":0,"event_name":"World of Goop","floor":10,"gold_loss":0},{"damage_healed":0,"gold_gain":0,"player_choice":"Shed Blood","damage_taken":18,"max_hp_gain":5,"max_hp_loss":0,"event_name":"Forgotten Altar","floor":19,"gold_loss":0}],"is_beta":false,"boss_relics":[{"not_picked":["Cursed Key","Runic Cube"],"picked":"SlaversCollar"}],"items_purged_floors":[],"is_endless":false,"potions_floor_spawned":[3,6,11,12,16],"killed_by":"3 Byrds","ascension_level":3}}