{"host":"fbx1xozvurcjx58m","time":1609988722,"event":{"mods":["AchievementEnabler","BaseMod","Colored Map","Colored Powertips","Downfall","Googly Eyes","Highlight Path","Minty Spire (QoL Compilation)","Replay The Spire","Shop Mod","StSLib","The Animator"],"gold_per_floor":[114,139,161,173,71,102,102,127,152,152,18,37,37,51,51,170,170,189,221,240,259,259,259,358,379,458,491,24,24,24,45,45,173,173,191,191,214,235,248,248,267,285,337,337,355,355,355],"floor_reached":46,"playtime":3973,"items_purged":[],"score":653,"play_id":"bb8d770b-98d3-4537-a046-e5f3f19078c0","local_time":"20210106220522","is_ascension_mode":true,"campfire_choices":[{"floor":15,"key":"REST"},{"floor":23,"key":"REST"},{"floor":29,"key":"REST"},{"floor":40,"key":"REST"},{"floor":44,"key":"REST"}],"circlet_count":0,"master_deck":["animator:Strike_OwariNoSeraph","animator:Defend_OwariNoSeraph+1","animator:Strike","animator:Strike","animator:Strike","animator:Defend+1","animator:Defend+1","animator:Shinoa","animator:Mikaela+1","animator:Benimaru","animator:YunYun","animator:Shion","animator:DolaSchwi+1","animator:KrulTepes","Panic Button","animator:SuzuneAmano","animator:Tyuule+1","animator:ElricEdward","animator:Envy","animator:Shigure+1","animator:Shigure+1","animator:Shinoa","animator:Scar","animator:OrikoMikuni","animator:RoyMustang","animator:Tyuule","animator:TukaLunaMarceau","animator:Kaijin","animator:OrikoMikuni","animator:ChaikaBohdan","Master of Strategy+1","Guardian:Gem_Red","animator:Millim","animator:Gillette","animator:Vesta","animator:Viivi","animator:Arpeggio","animator:ElricEdward"],"relics":["animator:LivingPicture","animator:TheMissingPiece","animator:PurgingStone","NeowsBlessing","Toy Ornithopter","PrismaticShard","Blood Vial","Lizard Tail","Gremlin Food","Golden Idol","Pantograph","animator:RacePiece","Pear","Replay:Bottled Eggs","Replay:Baseball","Runic Capacitor","White Beast Statue","Busted Crown"],"acts_visited":["Exordium","TheCity","TheBeyond"],"potions_floor_usage":[6,16,16,18,19,21,21,21,33,33,33,35,37,38,41,42,45,45,46],"damage_taken":[{"damage":0,"enemies":"Cultist","floor":1,"turns":1},{"damage":0,"enemies":"2 Louse","floor":3,"turns":1},{"damage":0,"enemies":"Small Slimes","floor":4,"turns":1},{"damage":3,"enemies":"Looter","floor":6,"turns":2},{"damage":25,"enemies":"Lagavulin","floor":8,"turns":5},{"damage":0,"enemies":"Exordium Wildlife","floor":12,"turns":3},{"damage":7,"enemies":"Blue Slaver","floor":14,"turns":2},{"damage":31,"enemies":"The Guardian","floor":16,"turns":8},{"damage":23,"enemies":"Spheric Guardian","floor":18,"turns":4},{"damage":8,"enemies":"Chosen","floor":19,"turns":4},{"damage":16,"enemies":"Snake Plant","floor":20,"turns":4},{"damage":28,"enemies":"Cultist and Chosen","floor":21,"turns":5},{"damage":31,"enemies":"Centurion and Healer","floor":25,"turns":8},{"damage":16,"enemies":"Replay:Snechameleon","floor":27,"turns":5},{"damage":24,"enemies":"3 Cultists","floor":31,"turns":6},{"damage":58,"enemies":"Pondfish","floor":33,"turns":11},{"damage":23,"enemies":"Orb Walker","floor":35,"turns":4},{"damage":28,"enemies":"3 Darklings","floor":37,"turns":4},{"damage":20,"enemies":"4 Shapes","floor":38,"turns":3},{"damage":28,"enemies":"Jaw Worm Horde","floor":39,"turns":3},{"damage":3,"enemies":"Transient","floor":41,"turns":5},{"damage":39,"enemies":"Spire Growth","floor":42,"turns":4},{"damage":32,"enemies":"Maw","floor":45,"turns":6},{"damage":18,"enemies":"Sphere and 2 Shapes","floor":46,"turns":3}],"seed_played":"728771714744770557","potions_obtained":[{"floor":3,"key":"Elixir"},{"floor":8,"key":"DuplicationPotion"},{"floor":14,"key":"Fire Potion"},{"floor":16,"key":"SteroidPotion"},{"floor":18,"key":"Block Potion"},{"floor":19,"key":"SpeedPotion"},{"floor":20,"key":"Fire Potion"},{"floor":31,"key":"Cursed Concoction"},{"floor":32,"key":"Doom Potion"},{"floor":32,"key":"Cursed Concoction"},{"floor":33,"key":"FearPotion"},{"floor":35,"key":"ColorlessPotion"},{"floor":37,"key":"Regen Potion"},{"floor":38,"key":"Venom Potion"},{"floor":39,"key":"SteroidPotion"},{"floor":41,"key":"SkillPotion"},{"floor":42,"key":"Fire Potion"},{"floor":45,"key":"Energy Potion"}],"is_trial":false,"path_per_floor":["M","T","M","M","$","M","?","E","T","?","$","M","T","M","R","B",null,"M","M","M","M","?","R","?","M","T","E","$","R","?","M","R_BF","B",null,"M","?","M","M","M","R","M","M","T","R","M","M"],"character_chosen":"THE_ANIMATOR","items_purchased":["animator:DolaSchwi","PowerPotion","animator:SuzuneAmano","animator:Tyuule","Replay:Baseball","Runic Capacitor","LifebloodPotion","animator:Kaijin","animator:OrikoMikuni"],"campfire_rested":5,"item_purchase_floors":[5,5,11,11,28,28,28,28,28],"current_hp_per_floor":[66,66,66,66,66,63,63,38,38,38,38,41,41,36,56,41,67,49,48,34,23,23,43,43,14,24,10,10,33,33,11,11,35,77,54,54,33,32,6,29,33,1,1,24,4,0,0],"gold":355,"neow_bonus":"THREE_ENEMY_KILL","is_daily":false,"chose_seed":false,"campfire_upgraded":0,"win_rate":0.0,"timestamp":1609988722,"path_taken":["M","?","M","M","$","M","?","E","T","?","$","M","?","M","R","BOSS","M","M","M","M","?","R","?","M","T","E","$","R","?","?","R_BF","BOSS","M","?","?","M","M","R","M","M","T","R","M","M"],"items_purchased_type":["Card","Potion","Card","Card","Relic","Relic","Potion","Card","Card"],"build_version":"2020-12-22","purchased_purges":0,"victory":false,"max_hp_per_floor":[66,66,66,66,66,66,66,66,66,66,66,67,67,67,67,67,67,67,67,67,67,67,67,67,67,77,77,77,77,77,77,77,77,77,77,77,77,77,77,77,77,77,77,77,77,77,77],"card_choices":[{"not_picked":["animator:Shigure","animator:DolaRiku"],"picked":"animator:Benimaru","floor":1},{"not_picked":["animator:IrohaTamaki","animator:Tyuule"],"picked":"animator:YunYun","floor":3},{"not_picked":["animator:Layla","animator:Alexander"],"picked":"animator:Shion","floor":4},{"not_picked":["animator:Mikaela","animator:Shinoa"],"picked":"animator:KrulTepes","floor":6},{"not_picked":["animator:YaoHaDucy","Acrobatics"],"picked":"Panic Button","floor":8},{"not_picked":["animator:IrohaTamaki","animator:Benimaru"],"picked":"animator:Verdia","floor":12},{"not_picked":["animator:DolaStephanie","CutThroughFate"],"picked":"animator:ElricEdward","floor":14},{"not_picked":["animator:Boros","HandOfGreed"],"picked":"animator:Envy","floor":16},{"not_picked":["animator:RoyMustang","animator:ElricAlphonse"],"picked":"animator:Scar","floor":18},{"not_picked":["animator:Illya","animator:MaesHughes"],"picked":"animator:OrikoMikuni","floor":19},{"not_picked":["champ:PerfectedStrike","animator:SilverFang"],"picked":"animator:RoyMustang","floor":20},{"not_picked":["WindmillStrike+1","Dodge and Roll+1"],"picked":"animator:Tyuule","floor":21},{"not_picked":["animator:Tyuule","animator:PinaCoLada"],"picked":"animator:TukaLunaMarceau","floor":25},{"not_picked":["Acrobatics","Twin Strike","champ:FanOfKnives+1"],"picked":"SKIP","floor":27},{"not_picked":["animator:YunYun","Secret Technique"],"picked":"animator:ChaikaBohdan","floor":31},{"not_picked":["Slimebound:Teamwork","champ:ShieldThrow"],"picked":"Master of Strategy","floor":33},{"not_picked":[],"picked":"Guardian:Gem_Red","floor":35},{"not_picked":[],"picked":"animator:Millim","floor":37},{"not_picked":[],"picked":"animator:Gillette","floor":38},{"not_picked":[],"picked":"animator:Vesta","floor":39},{"not_picked":[],"picked":"animator:Viivi","floor":41},{"not_picked":[],"picked":"animator:Arpeggio","floor":42},{"not_picked":[],"picked":"animator:ElricEdward","floor":45}],"player_experience":3589769,"relics_obtained":[{"floor":2,"key":"Toy Ornithopter"},{"floor":8,"key":"Blood Vial"},{"floor":8,"key":"Lizard Tail"},{"floor":9,"key":"Gremlin Food"},{"floor":13,"key":"Pantograph"},{"floor":26,"key":"Pear"},{"floor":27,"key":"Replay:Bottled Eggs"}],"event_choices":[{"damage_healed":0,"gold_gain":0,"player_choice":"Take Wound","damage_taken":0,"relics_obtained":["Golden Idol"],"max_hp_gain":0,"max_hp_loss":0,"event_name":"Golden Idol","floor":10,"gold_loss":0,"cards_obtained":["Injury"]},{"damage_healed":0,"gold_gain":99,"player_choice":"Stole From Cult","damage_taken":0,"max_hp_gain":0,"max_hp_loss":0,"event_name":"Nest","floor":24,"gold_loss":0},{"damage_healed":0,"gold_gain":0,"player_choice":"Gave Potion","damage_taken":0,"relics_obtained":["White Beast Statue"],"max_hp_gain":0,"max_hp_loss":0,"event_name":"WeMeetAgain","floor":30,"gold_loss":0},{"damage_healed":0,"gold_gain":0,"player_choice":"Upgraded","damage_taken":0,"max_hp_gain":0,"max_hp_loss":0,"event_name":"Upgrade Shrine","floor":36,"gold_loss":0,"cards_upgraded":["animator:DolaSchwi"]}],"is_beta":false,"boss_relics":[{"not_picked":["Coffee Dripper","Empty Cage"],"picked":"animator:RacePiece"},{"not_picked":["Replay:Grab Bag","Philosopher\u0027s Stone"],"picked":"Busted Crown"}],"items_purged_floors":[],"is_endless":false,"potions_floor_spawned":[3,8,14,16,18,19,20,27,31,33,35,37,38,39,41,42,45],"killed_by":"Sphere and 2 Shapes","ascension_level":1}}