{"host":"waq1ashgqt0tulkv","time":1609977672,"event":{"mods":["Aspiration","BaseMod","BetterRewards","Colored Powertips","Conspire","Downfall","Duelist Mod","Hermit","Hubris","Infinite Spire","Minty Spire (QoL Compilation)","Quick Restart","Rare Cards Sparkle","Replay The Spire","StSLib","SuperFastMode","The Animator","The Bug Knight","The Construct","The Cursed","The Disciple","The Hierophant","The Necromancer","The Runesmith","The Servant 0.9.4","egg"],"gold_per_floor":[118,118,133,146,163,181,209,223,305,317,331,331,348,359,359,359,359],"floor_reached":16,"playtime":1332,"items_purged":[],"score":110,"play_id":"f9878f7f-fabd-483f-a35e-0fae64da63d1","local_time":"20210106170111","is_ascension_mode":false,"campfire_choices":[{"floor":12,"key":"REST"},{"floor":15,"key":"REST"}],"circlet_count":0,"master_deck":["Strike_R","Strike_R","Strike_R","Strike_R","Defend_R","Defend_R","Defend_R","Defend_R","Bash","ReplayTheSpireMod:Strike From Hell","Clash","Flex","Warcry","LockedScales","Uppercut","Thunderclap","Run Through","Cleave","conspire:ExplosiveBarrier","Rage"],"relics":["Burning Blood","aspiration:Nostalgia","m_MercuryCore","ReplayTheSpireMod:Spearhead","Darkstone Periapt"],"acts_visited":["Exordium"],"potions_floor_usage":[16,16],"damage_taken":[{"damage":1,"enemies":"Cultist","floor":1,"turns":3},{"damage":0,"enemies":"2 Louse","floor":3,"turns":3},{"damage":2,"enemies":"Small Slimes","floor":4,"turns":4},{"damage":0,"enemies":"Exordium Wildlife","floor":5,"turns":3},{"damage":9,"enemies":"Blue Slaver","floor":6,"turns":3},{"damage":54,"enemies":"Lagavulin","floor":7,"turns":6},{"damage":8,"enemies":"2 Fungi Beasts","floor":8,"turns":4},{"damage":10,"enemies":"Looter","floor":10,"turns":2},{"damage":19,"enemies":"3 Louse","floor":11,"turns":3},{"damage":4,"enemies":"Red Slaver","floor":13,"turns":3},{"damage":28,"enemies":"Large Slime","floor":14,"turns":5},{"damage":46,"enemies":"Slime Boss","floor":16,"turns":8}],"seed_played":"1217817951230877199","potions_obtained":[{"floor":4,"key":"Swift Potion"},{"floor":5,"key":"Fire Potion"},{"floor":11,"key":"AttackPotion"}],"is_trial":false,"path_per_floor":["M","?","M","M","M","M","E","M","T","M","M","R","M","M","R","B"],"character_chosen":"IRONCLAD","items_purchased":[],"campfire_rested":2,"item_purchase_floors":[],"current_hp_per_floor":[80,80,80,80,80,77,29,27,27,23,10,34,36,14,38,0,0],"gold":359,"neow_bonus":"NOSTALGIA","is_daily":false,"chose_seed":false,"campfire_upgraded":0,"win_rate":0.0,"timestamp":1609977671,"path_taken":["M","?","M","M","M","M","E","?","T","M","M","R","M","M","R","BOSS"],"items_purchased_type":[],"build_version":"2020-12-13","purchased_purges":0,"victory":false,"max_hp_per_floor":[80,80,80,80,80,80,80,80,80,80,80,80,80,80,80,80,80],"card_choices":[{"not_picked":["LockedMedicine","Clash"],"picked":"ReplayTheSpireMod:Strike From Hell","floor":1},{"not_picked":["Replay:Undeath\u0027s Touch","Warcry"],"picked":"Clash","floor":3},{"not_picked":["Pommel Strike","Headbutt"],"picked":"Flex","floor":4},{"not_picked":["Force Field","Perfected Strike"],"picked":"Warcry","floor":5},{"not_picked":["Second Wind","Headbutt"],"picked":"LockedScales","floor":6},{"not_picked":["Dropkick","Demonic Infusion"],"picked":"Uppercut","floor":7},{"not_picked":["Flex","Reckless Charge"],"picked":"Thunderclap","floor":8},{"not_picked":["True Grit","Battle Trance"],"picked":"Run Through","floor":10},{"not_picked":["Bloodletting","Body Slam"],"picked":"Cleave","floor":11},{"not_picked":["FTL","Perfected Strike"],"picked":"conspire:ExplosiveBarrier","floor":13},{"not_picked":["Run Through","Perfected Strike"],"picked":"Rage","floor":14}],"player_experience":45635,"relics_obtained":[{"floor":7,"key":"ReplayTheSpireMod:Spearhead"},{"floor":9,"key":"Darkstone Periapt"}],"event_choices":[{"cards_removed":["Strike_R"],"damage_healed":0,"gold_gain":0,"player_choice":"Offered Basic","damage_taken":0,"max_hp_gain":0,"max_hp_loss":0,"event_name":"Bonfire Elementals","floor":2,"gold_loss":0}],"is_beta":false,"boss_relics":[],"items_purged_floors":[],"is_endless":false,"potions_floor_spawned":[4,5,11,13,14],"killed_by":"Slime Boss","ascension_level":0}}