{"host":"bxn2em57qlx5u4i0","time":1609977817,"event":{"mods":["BaseMod","Colored Map","Colored Powertips","Highlight Path","Minty Spire (QoL Compilation)","Random Character Button","Relic Sorter","Relic Stats","StSLib","SuperFastMode"],"gold_per_floor":[109,34,109,159,171,201,201,23,47,62,91,91,102,26,26,102,102,113,131,131,131,131],"floor_reached":21,"playtime":393,"items_purged":[],"score":424,"play_id":"ec924c20-e3fb-448b-a967-43fe422ae2bd","local_time":"20210106190337","is_ascension_mode":true,"campfire_choices":[{"data":"Poisoned Stab","floor":7.0,"key":"SMITH"},{"data":"Corpse Explosion","floor":12.0,"key":"SMITH"},{"data":"Noxious Fumes","floor":15,"key":"SMITH"}],"circlet_count":0,"master_deck":["AscendersBane","Strike_G","Defend_G","Defend_G","Defend_G","Defend_G","Defend_G","Survivor","Neutralize","Poisoned Stab+1","Blade Dance","Corpse Explosion+1","Leg Sweep","Noxious Fumes+1","Burst","Dagger Spray+1","Skewer+1","Accuracy+1","PiercingWail"],"relics":["Ring of the Snake","NeowsBlessing","Pantograph","Bronze Scales","Matryoshka","Astrolabe"],"acts_visited":["Exordium","TheCity"],"potions_floor_usage":[13,21],"damage_taken":[{"damage":0.0,"enemies":"2 Louse","floor":1.0,"turns":1.0},{"damage":0.0,"enemies":"Small Slimes","floor":5.0,"turns":1.0},{"damage":0.0,"enemies":"Gremlin Nob","floor":6.0,"turns":1.0},{"damage":0.0,"enemies":"Cultist","floor":10.0,"turns":3.0},{"damage":16.0,"enemies":"Lagavulin","floor":11.0,"turns":6.0},{"damage":1,"enemies":"Exordium Thugs","floor":13,"turns":2},{"damage":34,"enemies":"The Guardian","floor":16,"turns":8},{"damage":20,"enemies":"Shell Parasite","floor":18,"turns":6},{"damage":27,"enemies":"2 Thieves","floor":19,"turns":4},{"damage":13,"enemies":"Chosen and Byrds","floor":21,"turns":4}],"seed_played":"-1558559353462922958","potions_obtained":[{"floor":5.0,"key":"PowerPotion"},{"floor":11.0,"key":"SneckoOil"},{"floor":19,"key":"AttackPotion"}],"is_trial":false,"path_per_floor":["M","?","?","?","M","E","R","$","T","M","E","R","M","$","R","B",null,"M","M","?","M"],"character_chosen":"THE_SILENT","items_purchased":["Corpse Explosion","Noxious Fumes"],"campfire_rested":0,"item_purchase_floors":[8,14],"current_hp_per_floor":[59,59,48,42,42,42,42,42,42,42,26,26,25,25,25,16,54,34,7,7,0,0],"gold":131,"neow_bonus":"THREE_ENEMY_KILL","is_daily":false,"chose_seed":false,"campfire_upgraded":3,"win_rate":0.0,"timestamp":1609977817,"path_taken":["M","?","?","?","M","E","R","$","T","?","E","R","M","?","R","BOSS","M","M","?","?"],"items_purchased_type":["Card","Card"],"build_version":"2020-12-22","purchased_purges":0,"victory":false,"max_hp_per_floor":[66,66,66,66,66,66,66,66,66,66,66,66,66,66,66,66,66,66,66,66,66,66],"relic_stats":{"counters":[10,36],"Pantograph":25,"Bronze Scales":[116],"Astrolabe":["Dagger Spray","Skewer","Accuracy"],"obtain_stats":[{"Matryoshka":11,"NeowsBlessing":0,"Pantograph":6,"Bronze Scales":9,"Astrolabe":17,"Ring of the Snake":0},{"Matryoshka":5,"NeowsBlessing":0,"Pantograph":3,"Bronze Scales":3,"Astrolabe":7,"Ring of the Snake":0},{"Matryoshka":12,"NeowsBlessing":0,"Pantograph":3,"Bronze Scales":3,"Astrolabe":22,"Ring of the Snake":0}],"Ring of the Snake":[20]},"card_choices":[{"not_picked":["Dash","Underhanded Strike"],"picked":"Poisoned Stab","floor":1.0},{"not_picked":["Dodge and Roll","Sucker Punch","Masterful Stab"],"picked":"SKIP","floor":5.0},{"not_picked":["Slice","Dagger Throw"],"picked":"Blade Dance","floor":6.0},{"not_picked":["Prepared","Sucker Punch","Dodge and Roll"],"picked":"SKIP","floor":10.0},{"not_picked":["Blade Dance","Blur"],"picked":"Leg Sweep","floor":11.0},{"not_picked":["All Out Attack","Reflex","Outmaneuver"],"picked":"SKIP","floor":13},{"not_picked":["Phantasmal Killer","Glass Knife"],"picked":"Burst","floor":16},{"not_picked":["Choke","Blade Dance"],"picked":"PiercingWail","floor":18},{"not_picked":["Dagger Spray","Dagger Throw+1","Acrobatics"],"picked":"SKIP","floor":19}],"player_experience":2858076,"relics_obtained":[{"floor":6.0,"key":"Pantograph"},{"floor":9.0,"key":"Bronze Scales"},{"floor":11.0,"key":"Matryoshka"}],"event_choices":[{"cards_removed":["Strike_G"],"damage_healed":0.0,"max_hp_gain":0.0,"max_hp_loss":0.0,"gold_gain":0.0,"event_name":"The Cleric","player_choice":"Card Removal","floor":2.0,"gold_loss":75.0,"damage_taken":0.0},{"damage_healed":0.0,"max_hp_gain":0.0,"max_hp_loss":0.0,"gold_gain":75.0,"event_name":"World of Goop","player_choice":"Gather Gold","floor":3.0,"gold_loss":0.0,"damage_taken":11.0},{"damage_healed":0.0,"max_hp_gain":0.0,"max_hp_loss":0.0,"gold_gain":50.0,"event_name":"FaceTrader","player_choice":"Touch","floor":4.0,"gold_loss":0.0,"damage_taken":6.0},{"damage_healed":0,"gold_gain":0,"player_choice":"Ignored","damage_taken":0,"max_hp_gain":0,"max_hp_loss":0,"event_name":"N\u0027loth","floor":20,"gold_loss":0}],"is_beta":false,"boss_relics":[{"not_picked":["HoveringKite","SacredBark"],"picked":"Astrolabe"}],"items_purged_floors":[],"is_endless":false,"potions_floor_spawned":[5,11,19],"killed_by":"Chosen and Byrds","ascension_level":20}}