{"host":"hnfelxnirsihwvcb","time":1609983086,"event":{"mods":["BaseMod","Colored Map","DeckTracker","Highlight Path","Minty Spire (QoL Compilation)","Quick Restart","Relic Sorter","Relic Stats","Shop Mod","StSLib","SuperFastMode"],"gold_per_floor":[113,131,145,164,164,164,197,197,246,273,273,289,53,53,53,149,149,179,204,216,228,250,293,305,351,390,402,414,126,137,151,151,256,256,266,280,34,50,50,80,80,110,137,156,156,501,520,520,520,520],"floor_reached":51,"playtime":2149,"items_purged":[],"score":1708,"play_id":"a51adf2a-1f51-449a-9328-16d50214a21d","local_time":"20210107023126","daily_mods":["SealedDeck","Vintage","Uncertain Future","Binary"],"is_ascension_mode":true,"campfire_choices":[{"data":"Conserve Battery","floor":6,"key":"SMITH"},{"data":"White Noise","floor":8,"key":"SMITH"},{"floor":15,"key":"REST"},{"data":"Scrape","floor":24,"key":"SMITH"},{"data":"Sweeping Beam","floor":28,"key":"SMITH"},{"data":"Loop","floor":32,"key":"SMITH"},{"data":"Transmutation","floor":41,"key":"SMITH"},{"data":"Reboot","floor":45,"key":"SMITH"},{"data":"Panache","floor":49,"key":"SMITH"}],"circlet_count":0,"master_deck":["AscendersBane","Loop+1","Sweeping Beam+1","Auto Shields","BootSequence+1","Conserve Battery+1","Gash","Gash","White Noise+1","Gash+1","Chill","Panache+1","Scrape+1","Reboot+1","Transmutation+1"],"relics":["Cracked Core","Busted Crown","InkBottle","Bag of Marbles","CeramicFish","Gremlin Horn","Omamori","Oddly Smooth Stone","Juzu Bracelet","Mummified Hand","Calling Bell","MawBank","Pear","Ginger","PreservedInsect","Happy Flower","Cables","Anchor","Blood Vial","Nunchaku","Bronze Scales","TheAbacus","Dead Branch","Sundial","Nuclear Battery","Orichalcum","Bottled Flame","Eternal Feather","Singing Bowl","Toy Ornithopter","Pen Nib","Bottled Tornado","Old Coin","Art of War","Bag of Preparation"],"acts_visited":["Exordium","TheCity","TheBeyond"],"potions_floor_usage":[16,23,23,25,50,50,50],"damage_taken":[{"damage":0,"enemies":"2 Louse","floor":1,"turns":2},{"damage":0,"enemies":"Small Slimes","floor":2,"turns":3},{"damage":1,"enemies":"Jaw Worm","floor":3,"turns":3},{"damage":0,"enemies":"Looter","floor":4,"turns":3},{"damage":0,"enemies":"Lagavulin","floor":7,"turns":4},{"damage":0,"enemies":"Gremlin Nob","floor":10,"turns":3},{"damage":3,"enemies":"Lots of Slimes","floor":12,"turns":2},{"damage":0,"enemies":"Slime Boss","floor":16,"turns":4},{"damage":4,"enemies":"2 Thieves","floor":18,"turns":2},{"damage":1,"enemies":"3 Byrds","floor":19,"turns":3},{"damage":5,"enemies":"Sentry and Sphere","floor":22,"turns":3},{"damage":7,"enemies":"Book of Stabbing","floor":23,"turns":3},{"damage":0,"enemies":"Gremlin Leader","floor":25,"turns":2},{"damage":0,"enemies":"Snake Plant","floor":30,"turns":2},{"damage":0,"enemies":"Shelled Parasite and Fungi","floor":31,"turns":2},{"damage":0,"enemies":"Automaton","floor":33,"turns":4},{"damage":0,"enemies":"Orb Walker","floor":35,"turns":1},{"damage":0,"enemies":"3 Shapes","floor":36,"turns":1},{"damage":0,"enemies":"3 Darklings","floor":38,"turns":2},{"damage":0,"enemies":"Reptomancer","floor":40,"turns":1},{"damage":0,"enemies":"Giant Head","floor":42,"turns":2},{"damage":0,"enemies":"Spire Growth","floor":44,"turns":2},{"damage":0,"enemies":"2 Orb Walkers","floor":46,"turns":2},{"damage":0,"enemies":"Sphere and 2 Shapes","floor":47,"turns":1},{"damage":0,"enemies":"Awakened One","floor":50,"turns":4}],"seed_played":"-8994567118928469901","potions_obtained":[{"floor":1,"key":"Regen Potion"},{"floor":3,"key":"ColorlessPotion"},{"floor":7,"key":"Swift Potion"},{"floor":16,"key":"Swift Potion"},{"floor":25,"key":"AttackPotion"},{"floor":30,"key":"SkillPotion"},{"floor":33,"key":"SkillPotion"},{"floor":38,"key":"LiquidMemories"},{"floor":44,"key":"PowerPotion"}],"is_trial":true,"path_per_floor":["M","M","M","M","?","R","E","R","T","E","?","M","$","?","R","B",null,"M","M","?","?","M","E","R","E","T","?","R","$","M","M","R","B",null,"M","M","$","M","?","E","R","E","T","M","R","?","M","T","R","B",null],"character_chosen":"DEFECT","items_purchased":["Panache","Scrape","Bronze Scales","TheAbacus","Reboot","Transmutation"],"campfire_rested":1,"item_purchase_floors":[13,13,29,29,37,37],"current_hp_per_floor":[68,68,67,67,72,72,72,72,72,72,72,69,69,53,77,77,89,85,84,84,84,79,77,77,77,77,77,77,77,79,81,81,83,88,90,90,90,90,85,85,85,85,85,85,85,85,85,85,85,85],"gold":520,"neow_bonus":"","is_daily":false,"chose_seed":false,"campfire_upgraded":8,"win_rate":0.0,"timestamp":1609983086,"path_taken":["M","M","M","M","?","R","E","R","T","E","?","M","$","?","R","BOSS","M","M","?","?","M","E","R","E","T","?","R","$","M","M","R","BOSS","M","M","$","M","?","E","R","E","T","M","R","?","M","?","R","BOSS"],"items_purchased_type":["Card","Card","Relic","Relic","Card","Card"],"build_version":"2020-12-22","purchased_purges":0,"victory":true,"max_hp_per_floor":[75,75,75,75,80,80,80,80,80,80,80,80,80,80,80,80,90,90,90,90,90,90,90,90,90,90,90,90,90,90,90,90,90,90,90,90,90,90,85,85,85,85,85,85,85,85,85,85,85,85],"relic_stats":{"Gremlin Horn":[24,24],"Singing Bowl":0,"CeramicFish":36,"Juzu Bracelet":1,"Bag of Preparation":[2],"Ginger":[3],"Blood Vial":8,"Nunchaku":[15],"TheAbacus":[156],"Mummified Hand":[59],"Sundial":[14],"InkBottle":[45],"Happy Flower":[10],"counters":[25,61],"Dead Branch":[55],"Eternal Feather":0,"PreservedInsect":284,"Pen Nib":[6],"Orichalcum":[0],"MawBank":144,"Cables":[15,7,4,0,4],"Busted Crown":20,"Bronze Scales":[24],"Art of War":[0],"obtain_stats":[{"Gremlin Horn":4,"Singing Bowl":40,"CeramicFish":3,"Juzu Bracelet":10,"Bag of Preparation":48,"Ginger":17,"Bottled Tornado":44,"Old Coin":46,"Blood Vial":25,"Nunchaku":26,"TheAbacus":29,"Mummified Hand":12,"Sundial":31,"Cracked Core":0,"InkBottle":1,"Pear":17,"Happy Flower":19,"Dead Branch":30,"Oddly Smooth Stone":9,"Eternal Feather":38,"PreservedInsect":18,"Pen Nib":43,"Omamori":7,"Orichalcum":35,"MawBank":17,"Cables":22,"Nuclear Battery":34,"Calling Bell":17,"Anchor":23,"Bottled Flame":36,"Busted Crown":0,"Bronze Scales":29,"Bag of Marbles":2,"Art of War":47,"Toy Ornithopter":42},{"Gremlin Horn":4,"Singing Bowl":20,"CeramicFish":3,"Juzu Bracelet":6,"Bag of Preparation":24,"Ginger":8,"Bottled Tornado":22,"Old Coin":23,"Blood Vial":13,"Nunchaku":13,"TheAbacus":13,"Mummified Hand":7,"Sundial":15,"Cracked Core":0,"InkBottle":1,"Pear":8,"Happy Flower":10,"Dead Branch":14,"Oddly Smooth Stone":5,"Eternal Feather":19,"PreservedInsect":9,"Pen Nib":21,"Omamori":5,"Orichalcum":17,"MawBank":8,"Cables":11,"Nuclear Battery":16,"Calling Bell":8,"Anchor":12,"Bottled Flame":18,"Busted Crown":0,"Bronze Scales":13,"Bag of Marbles":2,"Art of War":24,"Toy Ornithopter":21},{"Gremlin Horn":11,"Singing Bowl":50,"CeramicFish":8,"Juzu Bracelet":18,"Bag of Preparation":57,"Ginger":24,"Bottled Tornado":54,"Old Coin":56,"Blood Vial":37,"Nunchaku":37,"TheAbacus":37,"Mummified Hand":20,"Sundial":41,"Cracked Core":0,"InkBottle":2,"Pear":24,"Happy Flower":29,"Dead Branch":39,"Oddly Smooth Stone":15,"Eternal Feather":49,"PreservedInsect":26,"Pen Nib":52,"Omamori":15,"Orichalcum":46,"MawBank":24,"Cables":32,"Nuclear Battery":45,"Calling Bell":24,"Anchor":35,"Bottled Flame":47,"Busted Crown":0,"Bronze Scales":37,"Bag of Marbles":5,"Art of War":57,"Toy Ornithopter":52}],"Toy Ornithopter":0},"card_choices":[],"player_experience":788575,"relics_obtained":[{"floor":1,"key":"InkBottle"},{"floor":2,"key":"Bag of Marbles"},{"floor":3,"key":"CeramicFish"},{"floor":4,"key":"Gremlin Horn"},{"floor":7,"key":"Omamori"},{"floor":9,"key":"Oddly Smooth Stone"},{"floor":10,"key":"Juzu Bracelet"},{"floor":12,"key":"Mummified Hand"},{"floor":17,"key":"MawBank"},{"floor":17,"key":"Pear"},{"floor":17,"key":"Ginger"},{"floor":18,"key":"PreservedInsect"},{"floor":19,"key":"Happy Flower"},{"floor":22,"key":"Cables"},{"floor":23,"key":"Anchor"},{"floor":25,"key":"Blood Vial"},{"floor":26,"key":"Nunchaku"},{"floor":30,"key":"Dead Branch"},{"floor":31,"key":"Sundial"},{"floor":35,"key":"Orichalcum"},{"floor":36,"key":"Bottled Flame"},{"floor":38,"key":"Eternal Feather"},{"floor":40,"key":"Singing Bowl"},{"floor":42,"key":"Toy Ornithopter"},{"floor":43,"key":"Pen Nib"},{"floor":44,"key":"Bottled Tornado"},{"floor":46,"key":"Old Coin"},{"floor":47,"key":"Art of War"},{"floor":48,"key":"Bag of Preparation"}],"event_choices":[{"damage_healed":0,"gold_gain":0,"player_choice":"Donut","damage_taken":0,"max_hp_gain":5,"max_hp_loss":0,"event_name":"Big Fish","floor":5,"gold_loss":0},{"damage_healed":0,"gold_gain":0,"player_choice":"Leave","damage_taken":0,"max_hp_gain":0,"max_hp_loss":0,"event_name":"The Cleric","floor":11,"gold_loss":0},{"damage_healed":0,"gold_gain":0,"player_choice":"Entered Light","damage_taken":16,"max_hp_gain":0,"max_hp_loss":0,"event_name":"Shining Light","floor":14,"gold_loss":0,"cards_upgraded":["BootSequence","Gash"]},{"damage_healed":0,"gold_gain":0,"player_choice":"Ignored","damage_taken":0,"max_hp_gain":0,"max_hp_loss":0,"event_name":"The Mausoleum","floor":20,"gold_loss":0},{"damage_healed":0,"gold_gain":0,"player_choice":"Ignored","damage_taken":0,"max_hp_gain":0,"max_hp_loss":0,"event_name":"Purifier","floor":21,"gold_loss":0},{"damage_healed":0,"gold_gain":0,"player_choice":"Simplicity","damage_taken":0,"max_hp_gain":0,"max_hp_loss":0,"event_name":"Back to Basics","floor":27,"gold_loss":0,"cards_upgraded":[]},{"damage_healed":0,"gold_gain":0,"player_choice":"Max HP","damage_taken":0,"max_hp_gain":0,"max_hp_loss":5,"event_name":"Winding Halls","floor":39,"gold_loss":0},{"damage_healed":0,"gold_gain":0,"player_choice":"Fight","damage_taken":0,"max_hp_gain":0,"max_hp_loss":0,"event_name":"Mysterious Sphere","floor":46,"gold_loss":0}],"is_beta":false,"boss_relics":[{"not_picked":["Snecko Eye","Cursed Key"],"picked":"Calling Bell"},{"not_picked":["Astrolabe","SacredBark"],"picked":"Nuclear Battery"}],"items_purged_floors":[],"is_endless":false,"potions_floor_spawned":[1,3,7,10,16,22,25,30,33,38,42,44],"ascension_level":10}}