{"host":"SteinPartDos","time":1609990964,"event":{"mods":["BaseMod","Colored Map","Minty Spire (QoL Compilation)","StSLib"],"gold_per_floor":[109,109,129,129,149,188,188,188,241,280,280,311,311,324,324,450,450,463,501,525,538,558,558,581,626,638,665,268,284,323,323,323,442,442,455,18,42,42,42,42,85,85,85,103,31,52,65,105,105,105,105,105,6,42,42],"floor_reached":56,"playtime":4837,"items_purged":["Strike_B","Strike_B+1"],"score":1312,"play_id":"9cc3fdd1-0758-474e-8cb4-9f5d556a6ae1","local_time":"20210106224244","is_ascension_mode":true,"campfire_choices":[{"floor":7.0,"key":"REST"},{"floor":11.0,"key":"REST"},{"data":"Mayhem","floor":15.0,"key":"SMITH"},{"data":"Loop","floor":23.0,"key":"SMITH"},{"data":"Coolheaded","floor":32.0,"key":"SMITH"},{"data":"Fission","floor":40.0,"key":"SMITH"},{"floor":42.0,"key":"RECALL"},{"data":"Discovery","floor":49,"key":"SMITH"},{"data":"Coolheaded","floor":52,"key":"SMITH"}],"circlet_count":0,"master_deck":["Strike_B+1","Strike_B+1","Defend_B+1","Defend_B+1","Defend_B+1","Defend_B+1","Zap","Dualcast","Mayhem+1","Genetic Algorithm","Ball Lightning","Cold Snap","Electrodynamics+1","Coolheaded+1","Compile Driver+1","Leap","Echo Form","Loop+1","Glacier+1","Machine Learning","Self Repair","Coolheaded+1","Fission+1","Skim","Discovery+1","Reinforced Body+1","Heatsinks+1","Heatsinks+1","Glacier"],"relics":["Cracked Core","Lantern","Golden Idol","Molten Egg 2","Pen Nib","Anchor","Bronze Scales","Snecko Eye","Red Mask","MawBank","Omamori","Meat on the Bone","Strawberry","Blood Vial","War Paint","Inserter","Frozen Egg 2","WarpedTongs","Happy Flower","MealTicket","InkBottle"],"acts_visited":["Exordium","TheCity","TheBeyond","TheEnding"],"potions_floor_usage":[50,50,55,55,55,55,55],"damage_taken":[{"damage":10.0,"enemies":"2 Louse","floor":1.0,"turns":4.0},{"damage":6.0,"enemies":"Small Slimes","floor":3.0,"turns":4.0},{"damage":9.0,"enemies":"Jaw Worm","floor":5.0,"turns":3.0},{"damage":26.0,"enemies":"Gremlin Nob","floor":6.0,"turns":4.0},{"damage":14.0,"enemies":"Lagavulin","floor":10.0,"turns":8.0},{"damage":16.0,"enemies":"3 Sentries","floor":12.0,"turns":3.0},{"damage":0.0,"enemies":"3 Louse","floor":14.0,"turns":2.0},{"damage":9.0,"enemies":"The Guardian","floor":16.0,"turns":10.0},{"damage":1.0,"enemies":"Shell Parasite","floor":18.0,"turns":4.0},{"damage":0.0,"enemies":"Masked Bandits","floor":19.0,"turns":2.0},{"damage":0.0,"enemies":"Chosen","floor":20.0,"turns":5.0},{"damage":2.0,"enemies":"Centurion and Healer","floor":21.0,"turns":6.0},{"damage":12.0,"enemies":"Shelled Parasite and Fungi","floor":22.0,"turns":4.0},{"damage":9.0,"enemies":"Gremlin Leader","floor":25.0,"turns":4.0},{"damage":20.0,"enemies":"Cultist and Chosen","floor":27.0,"turns":5.0},{"damage":0.0,"enemies":"Centurion and Healer","floor":29.0,"turns":4.0},{"damage":32.0,"enemies":"Slavers","floor":30.0,"turns":5.0},{"damage":16.0,"enemies":"Champ","floor":33.0,"turns":16.0},{"damage":11.0,"enemies":"3 Darklings","floor":35.0,"turns":3.0},{"damage":18.0,"enemies":"Orb Walker","floor":37.0,"turns":6.0},{"damage":26.0,"enemies":"Nemesis","floor":41.0,"turns":11.0},{"damage":16.0,"enemies":"Maw","floor":44.0,"turns":8.0},{"damage":11.0,"enemies":"4 Shapes","floor":46.0,"turns":6.0},{"damage":2.0,"enemies":"Jaw Worm Horde","floor":47.0,"turns":4.0},{"damage":22,"enemies":"Reptomancer","floor":48,"turns":6},{"damage":42,"enemies":"Time Eater","floor":50,"turns":19},{"damage":42,"enemies":"Shield and Spear","floor":54,"turns":9},{"damage":19,"enemies":"The Heart","floor":55,"turns":11}],"seed_played":"6561951425506759175","potions_obtained":[{"floor":5.0,"key":"ColorlessPotion"},{"floor":6.0,"key":"GamblersBrew"},{"floor":10.0,"key":"Swift Potion"},{"floor":12.0,"key":"Swift Potion"},{"floor":22.0,"key":"FocusPotion"},{"floor":33.0,"key":"GamblersBrew"},{"floor":35.0,"key":"ColorlessPotion"},{"floor":47.0,"key":"EntropicBrew"},{"floor":54,"key":"PowerPotion"}],"is_trial":false,"path_per_floor":["M","?","M","?","M","E","R","?","T","E","R","E","?","M","R","B",null,"M","?","M","M","M","R","T","E","T","M","$","M","E","?","R","B",null,"M","$","M","?","?","R","E","R","T","M","$","M","M","E","R","B",null,"R","$","E","B",null],"character_chosen":"DEFECT","items_purchased":["Self Repair","Strawberry","Blood Vial","Discovery","Frozen Egg 2","Heatsinks+1","EssenceOfDarkness"],"campfire_rested":2,"item_purchase_floors":[28,28,28,36,36,45,53],"current_hp_per_floor":[65,53,47,47,38,12,32,25,25,11,31,15,15,15,15,6,69,68,68,68,66,54,54,54,45,45,37,44,53,42,42,42,47,76,72,72,63,63,63,63,49,49,49,54,54,65,76,61,61,40,76,76,76,60,50],"gold":42,"neow_bonus":"RANDOM_COLORLESS_2","is_daily":false,"chose_seed":false,"campfire_upgraded":6,"win_rate":0.0,"timestamp":1609990964,"path_taken":["M","?","M","?","M","E","R","?","T","E","R","E","?","M","R","BOSS","M","?","M","M","M","R","?","E","T","M","$","M","E","?","R","BOSS","M","$","M","?","?","R","E","R","T","M","$","M","?","E","R","BOSS","R","$","E","BOSS"],"items_purchased_type":["Card","Relic","Relic","Card","Relic","Card","Potion"],"build_version":"2020-12-18","purchased_purges":2,"victory":true,"max_hp_per_floor":[75,75,75,69,69,69,69,69,69,69,69,69,69,69,69,69,69,69,69,69,69,69,69,69,69,69,69,76,76,76,76,76,76,76,76,76,76,76,76,76,76,76,76,76,76,76,76,76,76,76,76,76,76,76,76],"card_choices":[{"not_picked":["Secret Technique","Master of Strategy"],"picked":"Mayhem","floor":0.0},{"not_picked":["Hologram","Coolheaded"],"picked":"Genetic Algorithm","floor":1.0},{"not_picked":["Redo","Melter"],"picked":"Ball Lightning","floor":3.0},{"not_picked":["Coolheaded","Redo"],"picked":"Cold Snap","floor":5.0},{"not_picked":["Barrage+1","Beam Cell+1"],"picked":"Electrodynamics","floor":6.0},{"not_picked":["Darkness","Stack"],"picked":"Coolheaded","floor":10.0},{"not_picked":["FTL+1","Leap"],"picked":"Compile Driver+1","floor":12.0},{"not_picked":["Ball Lightning+1","Undo"],"picked":"Leap","floor":14.0},{"not_picked":["All For One+1","Hyperbeam+1"],"picked":"Echo Form","floor":16.0},{"not_picked":["Hello World+1","Gash+1","BootSequence+1"],"picked":"SKIP","floor":18.0},{"not_picked":["Turbo","Compile Driver+1"],"picked":"Loop","floor":19.0},{"not_picked":["Barrage+1","Cold Snap+1","Streamline+1"],"picked":"SKIP","floor":20.0},{"not_picked":["Streamline+1","Ball Lightning+1"],"picked":"Doom and Gloom+1","floor":21.0},{"not_picked":["Compile Driver+1","Coolheaded"],"picked":"Glacier","floor":22.0},{"not_picked":["Tempest","BootSequence","Go for the Eyes+1"],"picked":"SKIP","floor":25.0},{"not_picked":["Static Discharge","Coolheaded"],"picked":"Machine Learning","floor":27.0},{"not_picked":["Stack","Ball Lightning+1"],"picked":"Coolheaded","floor":29.0},{"not_picked":["Steam","FTL+1","Stack"],"picked":"SKIP","floor":30.0},{"not_picked":["Machine Learning","Thunder Strike+1"],"picked":"Fission","floor":33.0},{"not_picked":["Ball Lightning+1","Barrage+1"],"picked":"Skim","floor":35.0},{"not_picked":["Redo","Ball Lightning+1","Sweeping Beam+1"],"picked":"SKIP","floor":37.0},{"not_picked":["Redo","Reprogram"],"picked":"Reinforced Body+1","floor":41.0},{"not_picked":["Steam+1","Leap","Auto Shields"],"picked":"SKIP","floor":44.0},{"not_picked":["Rebound+1","Chill+1","Leap"],"picked":"SKIP","floor":46.0},{"not_picked":["Glacier","Aggregate+1"],"picked":"Heatsinks+1","floor":47.0},{"not_picked":["Ball Lightning+1","Coolheaded","Chill"],"picked":"SKIP","floor":48},{"not_picked":["Reboot","Storm+1"],"picked":"Glacier","floor":54}],"player_experience":23084,"relics_obtained":[{"floor":6.0,"key":"Molten Egg 2"},{"floor":9.0,"key":"Pen Nib"},{"floor":10.0,"key":"Anchor"},{"floor":12.0,"key":"Bronze Scales"},{"floor":19.0,"key":"Red Mask"},{"floor":24.0,"key":"MawBank"},{"floor":25.0,"key":"Omamori"},{"floor":26.0,"key":"Meat on the Bone"},{"floor":30.0,"key":"War Paint"},{"floor":41.0,"key":"Happy Flower"},{"floor":48,"key":"MealTicket"},{"floor":54,"key":"InkBottle"}],"event_choices":[{"damage_healed":0.0,"max_hp_gain":0.0,"max_hp_loss":0.0,"gold_gain":0.0,"event_name":"Scrap Ooze","player_choice":"Success","floor":2.0,"gold_loss":0.0,"damage_taken":12.0,"relics_obtained":["Lantern"]},{"damage_healed":0.0,"max_hp_gain":0.0,"max_hp_loss":6.0,"gold_gain":0.0,"event_name":"Golden Idol","player_choice":"Lose Max HP","floor":4.0,"gold_loss":0.0,"damage_taken":0.0,"relics_obtained":["Golden Idol"]},{"cards_removed":["Regret"],"damage_healed":0.0,"max_hp_gain":0.0,"max_hp_loss":0.0,"gold_gain":0.0,"event_name":"Golden Wing","player_choice":"Card Removal","floor":8.0,"gold_loss":0.0,"damage_taken":7.0},{"damage_healed":0.0,"max_hp_gain":0.0,"max_hp_loss":0.0,"gold_gain":0.0,"event_name":"Living Wall","player_choice":"Grow","floor":13.0,"gold_loss":0.0,"damage_taken":0.0,"cards_upgraded":["Electrodynamics"]},{"damage_healed":0.0,"max_hp_gain":0.0,"max_hp_loss":0.0,"gold_gain":0.0,"event_name":"Masked Bandits","player_choice":"Fought Bandits","floor":19.0,"gold_loss":0.0,"damage_taken":0.0},{"damage_healed":0.0,"max_hp_gain":0.0,"max_hp_loss":0.0,"gold_gain":0.0,"event_name":"Back to Basics","player_choice":"Simplicity","floor":31.0,"gold_loss":0.0,"damage_taken":0.0,"cards_upgraded":["Strike_B","Strike_B","Strike_B","Defend_B","Defend_B","Defend_B"]},{"cards_removed":["Doom and Gloom"],"damage_healed":0.0,"max_hp_gain":0.0,"max_hp_loss":0.0,"gold_gain":0.0,"event_name":"Falling","player_choice":"Removed Attack","floor":38.0,"gold_loss":0.0,"damage_taken":0.0},{"damage_healed":0.0,"max_hp_gain":0.0,"max_hp_loss":0.0,"gold_gain":0.0,"event_name":"Accursed Blacksmith","player_choice":"Rummage","floor":39.0,"gold_loss":0.0,"damage_taken":0.0,"relics_obtained":["WarpedTongs"],"cards_obtained":["Pain"]}],"is_beta":true,"boss_relics":[{"not_picked":["Tiny House","Philosopher\u0027s Stone"],"picked":"Snecko Eye"},{"not_picked":["Empty Cage","SacredBark"],"picked":"Inserter"}],"items_purged_floors":[28,36],"is_endless":false,"potions_floor_spawned":[5,6,10,12,22,25,27,29,33,35,47,54],"ascension_level":2}}