{"host":"36mulxq349byzoa2","time":1609980487,"event":{"mods":["AchievementEnabler","BaseMod","Better Match","Block Reminder","Colored Map","Colored Powertips","Minty Spire (QoL Compilation)","Rare Cards Sparkle","StSLib","SuperFastMode"],"gold_per_floor":[119,119,119,2,15,15,55,55,55,76,114,94,109,133,133,228,228,244,76,101,151,51,95,95,126,126,126,147,197,230,230,230],"floor_reached":31,"playtime":1070,"items_purged":["Strike_G","Strike_G"],"score":632,"play_id":"376a9abb-f77c-44ee-baa0-3bad8341021f","local_time":"20210106194807","is_ascension_mode":true,"campfire_choices":[{"data":"Eviscerate","floor":6.0,"key":"SMITH"},{"data":"Footwork","floor":8.0,"key":"SMITH"},{"floor":15.0,"key":"REST"},{"data":"Tools of the Trade","floor":24.0,"key":"SMITH"}],"circlet_count":0,"master_deck":["AscendersBane","Strike_G","Strike_G","Strike_G","Defend_G","Defend_G","Defend_G","Defend_G","Survivor","Neutralize","Predator","Calculated Gamble","Eviscerate+1","Footwork+1","Backflip","Reflex","Burst","Prepared","Unload","Tools of the Trade+1","All Out Attack","Necronomicurse"],"relics":["HoveringKite","Golden Idol","Pen Nib","Dead Branch","Gremlin Horn","Snake Skull","Sozu","InkBottle","Lantern","Necronomicon","Orichalcum"],"acts_visited":["Exordium","TheCity"],"potions_floor_usage":[],"damage_taken":[{"damage":11.0,"enemies":"Cultist","floor":1.0,"turns":6.0},{"damage":0.0,"enemies":"2 Louse","floor":5.0,"turns":2.0},{"damage":22.0,"enemies":"Lagavulin","floor":7.0,"turns":5.0},{"damage":0.0,"enemies":"Jaw Worm","floor":10.0,"turns":3.0},{"damage":6.0,"enemies":"3 Sentries","floor":11.0,"turns":5.0},{"damage":0.0,"enemies":"3 Louse","floor":13.0,"turns":2.0},{"damage":25.0,"enemies":"Slime Boss","floor":16.0,"turns":8.0},{"damage":1.0,"enemies":"Chosen","floor":18.0,"turns":3.0},{"damage":19.0,"enemies":"Shell Parasite","floor":20.0,"turns":4.0},{"damage":1.0,"enemies":"Gremlin Leader","floor":23.0,"turns":7.0},{"damage":1.0,"enemies":"Book of Stabbing","floor":25.0,"turns":6.0},{"damage":0.0,"enemies":"Snecko","floor":28.0,"turns":4.0},{"damage":0.0,"enemies":"Gremlin Leader","floor":30.0,"turns":5.0},{"damage":10,"enemies":"Snake Plant","floor":31,"turns":2}],"seed_played":"-1813471081417955975","potions_obtained":[{"floor":1.0,"key":"BlessingOfTheForge"},{"floor":7.0,"key":"PowerPotion"},{"floor":10.0,"key":"Weak Potion"},{"floor":12.0,"key":"EntropicBrew"}],"is_trial":false,"path_per_floor":["M","?","?","$","M","R","E","R","T","M","E","?","M","T","R","B",null,"M","$","M","?","$","E","R","E","T","?","M","?","E","M"],"character_chosen":"THE_SILENT","items_purchased":["Calculated Gamble","Unload"],"campfire_rested":1,"item_purchase_floors":[4,19],"current_hp_per_floor":[48,41,41,41,41,41,19,19,19,19,13,13,13,13,31,6,47,46,46,27,27,27,26,26,25,25,4,4,4,4,0,0],"gold":230,"neow_bonus":"BOSS_RELIC","is_daily":false,"chose_seed":false,"campfire_upgraded":3,"win_rate":0.0,"timestamp":1609980487,"path_taken":["M","?","?","$","M","R","E","R","T","M","E","?","?","?","R","BOSS","M","$","M","?","$","E","R","E","T","?","M","?","E","M"],"items_purchased_type":["Card","Card"],"build_version":"2020-12-22","purchased_purges":2,"victory":false,"max_hp_per_floor":[66,66,60,60,60,60,60,60,60,60,60,60,60,60,60,60,60,60,60,60,60,60,60,60,60,60,60,60,60,60,60,60],"card_choices":[{"not_picked":["Skewer","Masterful Stab"],"picked":"Predator","floor":1.0},{"not_picked":["Quick Slash","Flechettes"],"picked":"Eviscerate","floor":5.0},{"not_picked":["Phantasmal Killer","Acrobatics"],"picked":"Footwork","floor":7.0},{"not_picked":["Finisher","Setup"],"picked":"Backflip","floor":10.0},{"not_picked":["Backstab","Underhanded Strike"],"picked":"Reflex","floor":11.0},{"not_picked":["Underhanded Strike","Blade Dance","Bouncing Flask"],"picked":"SKIP","floor":13.0},{"not_picked":["Venomology","Glass Knife"],"picked":"Burst","floor":16.0},{"not_picked":["Deadly Poison+1","Deflect"],"picked":"Prepared","floor":18.0},{"not_picked":["Calculated Gamble","Dagger Spray","Slice"],"picked":"SKIP","floor":20.0},{"not_picked":["Predator","Backflip"],"picked":"Tools of the Trade","floor":23.0},{"not_picked":["Caltrops","Blade Dance"],"picked":"All Out Attack","floor":25.0},{"not_picked":["Infinite Blades","Bane","Terror"],"picked":"SKIP","floor":28.0},{"not_picked":["Poisoned Stab","Sucker Punch","Deflect"],"picked":"SKIP","floor":30.0}],"player_experience":1012455,"relics_obtained":[{"floor":7.0,"key":"Pen Nib"},{"floor":9.0,"key":"Dead Branch"},{"floor":11.0,"key":"Gremlin Horn"},{"floor":14.0,"key":"Snake Skull"},{"floor":23.0,"key":"InkBottle"},{"floor":25.0,"key":"Lantern"},{"floor":27.0,"key":"Necronomicon"},{"floor":30.0,"key":"Orichalcum"}],"event_choices":[{"cards_removed":["Defend_G"],"damage_healed":0.0,"max_hp_gain":0.0,"max_hp_loss":0.0,"gold_gain":0.0,"event_name":"Golden Wing","player_choice":"Card Removal","floor":2.0,"gold_loss":0.0,"damage_taken":7.0},{"damage_healed":0.0,"max_hp_gain":0.0,"max_hp_loss":6.0,"gold_gain":0.0,"event_name":"Golden Idol","player_choice":"Lose Max HP","floor":3.0,"gold_loss":0.0,"damage_taken":0.0,"relics_obtained":["Golden Idol"]},{"damage_healed":0.0,"max_hp_gain":0.0,"max_hp_loss":0.0,"gold_gain":0.0,"event_name":"The Woman in Blue","player_choice":"Bought 1 Potion","floor":12.0,"gold_loss":0.0,"damage_taken":0.0},{"damage_healed":0.0,"max_hp_gain":0.0,"max_hp_loss":0.0,"gold_gain":50.0,"event_name":"Nest","player_choice":"Stole From Cult","floor":21.0,"gold_loss":0.0,"damage_taken":0.0},{"damage_healed":0.0,"max_hp_gain":0.0,"max_hp_loss":0.0,"gold_gain":0.0,"event_name":"Cursed Tome","player_choice":"Obtained Book","floor":27.0,"gold_loss":0.0,"damage_taken":21.0},{"damage_healed":0.0,"max_hp_gain":0.0,"max_hp_loss":0.0,"gold_gain":50.0,"event_name":"Golden Shrine","player_choice":"Pray","floor":29.0,"gold_loss":0.0,"damage_taken":0.0}],"is_beta":false,"boss_relics":[{"not_picked":["Philosopher\u0027s Stone","Coffee Dripper"],"picked":"Sozu"}],"items_purged_floors":[4,22],"is_endless":false,"potions_floor_spawned":[1,7,10,18,23,30],"killed_by":"Snake Plant","ascension_level":19}}