{"host":"d265sm4b0zub77qp","time":1609978960,"event":{"mods":["AchievementEnabler","BaseMod","BetterRewards","Colored Map","Downfall","GifTheSpireLib","Jorbs\u0027s Wanderer Trilogy","Minty Spire (QoL Compilation)","StSLib","Stuff the Spire","[IsaacMod]????"],"gold_per_floor":[117,131,131,150,150,150,150,182,182,192,217,217,235,261,261,357,357,370,388,388,113,128,184,184,184,255,266,280,280,305,305,305,305,305],"floor_reached":33,"playtime":3015,"items_purged":["Defend_B"],"score":336,"play_id":"c45fe198-7ea7-4883-9c85-8750f2967452","local_time":"20210106172240","is_ascension_mode":true,"campfire_choices":[{"data":"Coolheaded","floor":6,"key":"SMITH"},{"floor":12,"key":"REST"},{"floor":15,"key":"REST"},{"data":"Defragment","floor":24,"key":"SMITH"},{"data":"Coolheaded","floor":29,"key":"SMITH"},{"data":"Dualcast","floor":32,"key":"SMITH"}],"circlet_count":0,"master_deck":["Strike_B","Strike_B","Strike_B","Strike_B","Defend_B","Defend_B","Defend_B","Zap+1","Dualcast+1","Loop+1","StuffTheSpire:NuclearReactor","Coolheaded+1","Coolheaded+1","Defragment+1","Electrodynamics","FTL","Panache","Steam+1","Go for the Eyes+1"],"relics":["StuffTheSpire:OccultApparatus","HushsDoor","D6","YumHeart","UnicornStump","DataDisk","GuppysTail","Coffee Dripper","SteamSale","StuffTheSpire:EmeraldSignet","Bottled Flame","Toy Ornithopter"],"acts_visited":["Exordium","TheCity"],"potions_floor_usage":[11,16,16,16,18,23,28,30],"damage_taken":[{"damage":2,"enemies":"Jaw Worm","floor":1,"turns":3},{"damage":1,"enemies":"2 Louse","floor":2,"turns":2},{"damage":9,"enemies":"Small Slimes","floor":4,"turns":4},{"damage":1,"enemies":"Gremlin Nob","floor":8,"turns":3},{"damage":23,"enemies":"Exordium Wildlife","floor":10,"turns":6},{"damage":19,"enemies":"3 Sentries","floor":11,"turns":11},{"damage":19,"enemies":"3 Louse","floor":13,"turns":4},{"damage":13,"enemies":"Lagavulin","floor":14,"turns":6},{"damage":22,"enemies":"Hexaghost","floor":16,"turns":9},{"damage":34,"enemies":"2 Thieves","floor":18,"turns":3},{"damage":13,"enemies":"Shell Parasite","floor":19,"turns":5},{"damage":0,"enemies":"3 Cultists","floor":22,"turns":3},{"damage":30,"enemies":"Book of Stabbing","floor":23,"turns":6},{"damage":31,"enemies":"Snake Plant","floor":27,"turns":6},{"damage":19,"enemies":"Sentry and Sphere","floor":28,"turns":5},{"damage":17,"enemies":"Gremlin Leader","floor":30,"turns":6},{"damage":20,"enemies":"Collector","floor":33,"turns":2}],"seed_played":"1010731595035290526","potions_obtained":[{"floor":4,"key":"Strength Potion"},{"floor":10,"key":"FearPotion"},{"floor":11,"key":"SpeedPotion"},{"floor":13,"key":"sneckomod:MuddlingPotion"},{"floor":14,"key":"Strength Potion"},{"floor":16,"key":"PowerPotion"},{"floor":22,"key":"Weak Potion"},{"floor":27,"key":"EssenceOfSteel"},{"floor":28,"key":"PowerPotion"}],"is_trial":false,"path_per_floor":["M","M","?","M","?","R","$","E","T","M","E","R","M","E","R","B",null,"M","M","?","$","M","E","R","?","T","M","M","R","E","?","R","B"],"character_chosen":"DEFECT","items_purchased":["SteamSale","Panache"],"campfire_rested":2,"item_purchase_floors":[21,21],"current_hp_per_floor":[73,72,72,63,63,63,63,62,62,64,45,67,48,35,57,35,75,66,53,75,75,75,45,70,70,70,43,24,24,9,9,9,0,0],"gold":305,"neow_bonus":"UPGRADE_CARD","is_daily":false,"chose_seed":false,"campfire_upgraded":4,"win_rate":0.0,"timestamp":1609978960,"path_taken":["M","M","?","M","?","R","?","E","T","M","E","R","M","E","R","BOSS","M","M","?","$","M","E","R","?","T","M","M","R","E","?","R","BOSS"],"items_purchased_type":["Relic","Card"],"build_version":"2020-12-22","purchased_purges":1,"victory":false,"max_hp_per_floor":[75,75,75,75,75,75,75,75,75,75,75,75,75,75,75,75,75,75,75,75,75,75,75,75,75,75,75,75,75,75,75,75,75,75],"card_choices":[{"not_picked":[],"picked":"Bomb","floor":0},{"not_picked":["Barrage","Redo"],"picked":"Loop","floor":1},{"not_picked":["Beam Cell","Meteor Strike"],"picked":"StuffTheSpire:NuclearReactor","floor":2},{"not_picked":["Sunder","Cold Snap"],"picked":"Coolheaded","floor":4},{"not_picked":["Redo","Compile Driver"],"picked":"Coolheaded","floor":8},{"not_picked":["Stack","Hologram","Go for the Eyes"],"picked":"SKIP","floor":10},{"not_picked":["StuffTheSpire:LaunchingStrike","Stack","Coolheaded"],"picked":"SKIP","floor":11},{"not_picked":["Beam Cell","Ball Lightning"],"picked":"Bomb","floor":13},{"not_picked":["Fan","StuffTheSpire:Plugnplay"],"picked":"Defragment","floor":14},{"not_picked":["Reboot","Buffer"],"picked":"Electrodynamics","floor":16},{"not_picked":["Barrage","Go for the Eyes+1"],"picked":"FTL","floor":18},{"not_picked":["Scrape","Leap","Stack"],"picked":"SKIP","floor":19},{"not_picked":["Cold Snap","BootSequence"],"picked":"Steam+1","floor":22},{"not_picked":["StuffTheSpire:GlassShard","Leap+1"],"picked":"Go for the Eyes+1","floor":23},{"not_picked":["Turbo","Hello World+1","Rainbow"],"picked":"SKIP","floor":27},{"not_picked":["StuffTheSpire:NuclearReactor+1","Ball Lightning","Stack+1"],"picked":"SKIP","floor":28},{"not_picked":["Doom and Gloom","Compile Driver","Ball Lightning+1"],"picked":"SKIP","floor":30}],"player_experience":253623,"relics_obtained":[{"floor":8,"key":"YumHeart"},{"floor":9,"key":"UnicornStump"},{"floor":11,"key":"DataDisk"},{"floor":14,"key":"GuppysTail"},{"floor":23,"key":"StuffTheSpire:EmeraldSignet"},{"floor":26,"key":"Bottled Flame"},{"floor":30,"key":"Toy Ornithopter"}],"event_choices":[{"damage_healed":0,"gold_gain":0,"player_choice":"Grow","damage_taken":0,"max_hp_gain":0,"max_hp_loss":0,"event_name":"Living Wall","floor":5,"gold_loss":0,"cards_upgraded":["Loop"]},{"damage_healed":25,"gold_gain":0,"player_choice":"Heal","damage_taken":0,"max_hp_gain":0,"max_hp_loss":0,"event_name":"The Library","floor":20,"gold_loss":0},{"damage_healed":0,"gold_gain":0,"player_choice":"Ignored","damage_taken":0,"max_hp_gain":0,"max_hp_loss":0,"event_name":"Beggar","floor":25,"gold_loss":0}],"is_beta":false,"boss_relics":[{"not_picked":["Black Star","Cursed Key"],"picked":"Coffee Dripper"},{"not_picked":[]}],"items_purged_floors":[21],"is_endless":false,"potions_floor_spawned":[4,10,11,13,14,16,22,27,28],"killed_by":"Collector","ascension_level":2}}