{"host":"nox","time":1609988092,"event":{"mods":["Act Like it!","Aspiration","BaseMod","Better Altar","Better Match","Better Note","Better Sensory Stone","Better Skull","Better Third Choice","BetterRewards","Colored Powertips","Conspire","Energized Spire","GifTheSpireLib","Hubris","Infinite Spire","Minty Spire (QoL Compilation)","Pale of the Ancients","Quick Restart","Rare Cards Sparkle","Replay The Spire","Shop Mod","Spikes Relics","StSLib","Stuff the Spire","SuperFastMode","The Alterego","vexMod"],"gold_per_floor":[116,93,193,205,124,157,157,190,190,190,190],"floor_reached":10,"playtime":407,"items_purged":[],"score":118,"play_id":"c678f5cc-28b1-4cbb-809b-f257babb270c","local_time":"20210107095452","is_ascension_mode":true,"campfire_choices":[],"circlet_count":0,"master_deck":["AscendersBane","Strike_R","Strike_R","Strike_R","Strike_R","Strike_R","Defend_R","Defend_R","Defend_R","Defend_R","Bash","Entrench","Armaments","Clash","Dropkick","Armaments","Pot Of Greed","Pot Of Greed","Shrug It Off"],"relics":["vexMod:TanglingVine","Grinning Jar","vexMod:FocusSash","Bronze Scales"],"acts_visited":["Exordium"],"potions_floor_usage":[8,10],"damage_taken":[{"damage":5,"enemies":"2 Louse","floor":1,"turns":2},{"damage":2,"enemies":"Cultist","floor":4,"turns":3},{"damage":12,"enemies":"Replay:BlueRogue","floor":6,"turns":7},{"damage":49,"enemies":"3 Sentries","floor":8,"turns":12},{"damage":27,"enemies":"Lagavulin","floor":10,"turns":10}],"seed_played":"6688257165780812995","potions_obtained":[{"floor":1,"key":"BlessingOfTheForge"},{"floor":8,"key":"Regen Potion"}],"is_trial":false,"path_per_floor":["M","$","?","M","$","E","?","E","T","E"],"character_chosen":"IRONCLAD","items_purchased":["Armaments","Dropkick"],"campfire_rested":0,"item_purchase_floors":[2,5],"current_hp_per_floor":[67,67,67,65,65,53,53,4,4,0,0],"gold":190,"neow_bonus":"BOSS_RELIC","is_daily":false,"chose_seed":false,"campfire_upgraded":0,"win_rate":0.0,"timestamp":1609988092,"path_taken":["M","$","?","M","?","E","?","E","T","E"],"items_purchased_type":["Card","Card"],"build_version":"2020-11-17","purchased_purges":0,"victory":false,"max_hp_per_floor":[80,80,80,80,80,80,80,80,80,80,80],"card_choices":[{"not_picked":["Disarm","Headbutt"],"picked":"Entrench","floor":1},{"not_picked":["Thunderclap","Bloodletting"],"picked":"Clash","floor":4},{"not_picked":["Clothesline","Ghostly Armor"],"picked":"Armaments","floor":6},{"not_picked":["Exhume","Heavy Blade"],"picked":"Shrug It Off","floor":8}],"player_experience":313408,"relics_obtained":[{"floor":6,"key":"Grinning Jar"},{"floor":8,"key":"vexMod:FocusSash"},{"floor":9,"key":"Bronze Scales"}],"event_choices":[{"damage_healed":0,"gold_gain":100,"player_choice":"Gold","damage_taken":0,"max_hp_gain":0,"max_hp_loss":0,"event_name":"Wheel of Change","floor":3,"gold_loss":0},{"damage_healed":0,"gold_gain":0,"player_choice":"Leave","damage_taken":0,"max_hp_gain":0,"max_hp_loss":0,"event_name":"conspire:Investor","floor":7,"gold_loss":0}],"is_beta":true,"boss_relics":[],"items_purged_floors":[],"is_endless":false,"potions_floor_spawned":[1,8],"killed_by":"Lagavulin","ascension_level":12}}