{"host":"d6jawvx8x8ludskp","time":1609987513,"event":{"mods":["BaseMod","Colored Map","Colored Powertips","DeckTracker","Minty Spire (QoL Compilation)"],"gold_per_floor":[114,127,151,164,164,193,213,243,267,267,280,297,330,330,330,330,330],"floor_reached":16,"playtime":1368,"items_purged":[],"score":122,"play_id":"31b27882-22da-4027-a93b-c06cce7db164","local_time":"20210106234513","is_ascension_mode":false,"campfire_choices":[{"floor":10,"key":"REST"},{"floor":15,"key":"REST"}],"circlet_count":0,"master_deck":["Strike_R","Strike_R","Strike_R","Strike_R","Strike_R","Defend_R","Defend_R","Defend_R","Defend_R","Bash","Clash+1","Infernal Blade","Cleave","Carnage","Sword Boomerang","Flame Barrier","Iron Wave","Perfected Strike","Uppercut"],"relics":["Burning Blood","Juzu Bracelet","Strawberry","Kunai","Blood Vial","Regal Pillow","Centennial Puzzle"],"acts_visited":["Exordium"],"potions_floor_usage":[7,8,13,13,16],"damage_taken":[{"damage":12,"enemies":"Cultist","floor":1,"turns":5},{"damage":1,"enemies":"Jaw Worm","floor":2,"turns":3},{"damage":2,"enemies":"2 Louse","floor":4,"turns":2},{"damage":16,"enemies":"Lagavulin","floor":6,"turns":5},{"damage":18,"enemies":"Exordium Wildlife","floor":7,"turns":3},{"damage":41,"enemies":"Gremlin Nob","floor":8,"turns":5},{"damage":19,"enemies":"Large Slime","floor":11,"turns":6},{"damage":0,"enemies":"2 Fungi Beasts","floor":12,"turns":2},{"damage":43,"enemies":"Lagavulin","floor":13,"turns":9},{"damage":62,"enemies":"The Guardian","floor":16,"turns":9}],"seed_played":"-1938227591345658368","potions_obtained":[{"floor":1,"key":"SpeedPotion"},{"floor":2,"key":"Weak Potion"},{"floor":6,"key":"Block Potion"},{"floor":7,"key":"Block Potion"},{"floor":13,"key":"GamblersBrew"}],"is_trial":false,"path_per_floor":["M","M","T","M","?","E","M","E","T","R","M","M","E","?","R","B"],"character_chosen":"IRONCLAD","items_purchased":[],"campfire_rested":2,"item_purchase_floors":[],"current_hp_per_floor":[74,79,79,80,80,77,65,30,30,56,45,53,18,15,56,0,0],"gold":330,"neow_bonus":"","is_daily":false,"chose_seed":false,"campfire_upgraded":0,"win_rate":0.0,"timestamp":1609987513,"path_taken":["M","M","?","M","?","E","M","E","T","R","M","M","E","?","R","BOSS"],"items_purchased_type":[],"build_version":"2020-12-22","purchased_purges":0,"victory":false,"max_hp_per_floor":[80,80,80,80,80,87,87,87,87,87,87,87,87,87,87,87,87],"card_choices":[{"not_picked":["Dark Embrace","Sever Soul"],"picked":"Clash","floor":1},{"not_picked":["Intimidate","Disarm"],"picked":"Infernal Blade","floor":2},{"not_picked":["Perfected Strike","Body Slam"],"picked":"Cleave","floor":4},{"not_picked":["Perfected Strike","Cleave"],"picked":"Carnage","floor":6},{"not_picked":["Clash","Body Slam"],"picked":"Sword Boomerang","floor":7},{"not_picked":["Flex","Blood for Blood"],"picked":"Flame Barrier","floor":8},{"not_picked":["Pommel Strike","Uppercut"],"picked":"Iron Wave","floor":11},{"not_picked":["Pommel Strike","Clothesline"],"picked":"Perfected Strike","floor":12},{"not_picked":["Rupture","Clothesline"],"picked":"Uppercut","floor":13}],"player_experience":0,"relics_obtained":[{"floor":3,"key":"Juzu Bracelet"},{"floor":6,"key":"Strawberry"},{"floor":8,"key":"Kunai"},{"floor":9,"key":"Blood Vial"},{"floor":13,"key":"Regal Pillow"}],"event_choices":[{"damage_healed":0,"gold_gain":0,"player_choice":"Upgraded","damage_taken":0,"max_hp_gain":0,"max_hp_loss":0,"event_name":"Upgrade Shrine","floor":5,"gold_loss":0,"cards_upgraded":["Clash"]},{"damage_healed":0,"gold_gain":0,"player_choice":"Success","damage_taken":3,"relics_obtained":["Centennial Puzzle"],"max_hp_gain":0,"max_hp_loss":0,"event_name":"Scrap Ooze","floor":14,"gold_loss":0}],"is_beta":false,"boss_relics":[],"items_purged_floors":[],"is_endless":false,"potions_floor_spawned":[1,2,6,7,13],"killed_by":"The Guardian","ascension_level":0}}