{"host":"0cgp910o8339lr91","time":1609982926,"event":{"mods":["BaseMod","Block Reminder","Colored Map","Colored Powertips","Filter the Spire","Minty Spire (QoL Compilation)","Relic Stats","Slay-I","ojb\u0027s Better Paths Mod","ojb\u0027s Info Mod"],"gold_per_floor":[118,118,129,129,140,140,175,186,186,216,235,160,177,208,208,287,287,267,7,7,7,7,7,7,7,7,7,7,7,7,7,7,7,7,7,7,7,7,7,7,7,7,7,7,7,7,7,7,7,7,7,7,7,7,7,7],"floor_reached":57,"playtime":4775,"items_purged":["Strike_P","Strike_P+1"],"score":3394,"play_id":"d6889011-0e39-4ed3-be90-ac98f78ccddb","local_time":"20210107022846","is_ascension_mode":true,"campfire_choices":[{"data":"Eruption","floor":6.0,"key":"SMITH"},{"floor":15.0,"key":"RECALL"},{"data":"Ragnarok","floor":24.0,"key":"SMITH"},{"data":"FlurryOfBlows","floor":32.0,"key":"SMITH"},{"data":"Meditate","floor":40.0,"key":"SMITH"},{"floor":49.0,"key":"REST"},{"floor":53,"key":"REST"}],"circlet_count":0,"master_deck":["AscendersBane","Eruption+1","Crescendo+1","InnerPeace+1","TalkToTheHand+1","EmptyFist+1","Wallop+1","LessonLearned+1","FearNoEvil+1","TalkToTheHand+1","Omniscience+1","FlurryOfBlows+1","Ragnarok+1","Tantrum+1","FlurryOfBlows+1","Wallop+1","EmptyMind+1","Meditate+1","Tantrum+1","Tantrum+1","TalkToTheHand+1","MentalFortress"],"relics":["Astrolabe","Orichalcum","Mercury Hourglass","Calipers","Mummified Hand","Ectoplasm","Akabeko","SsserpentHead","Pear","Tiny Chest","CloakClasp","Bottled Lightning","White Beast Statue","Bag of Marbles","Empty Cage","Du-Vu Doll","Anchor","StoneCalendar","Gremlin Horn","Dead Branch","Bottled Flame"],"acts_visited":["Exordium","TheCity","TheBeyond","TheEnding"],"potions_floor_usage":[50,56,56],"damage_taken":[{"damage":8.0,"enemies":"Small Slimes","floor":1.0,"turns":3.0},{"damage":0.0,"enemies":"2 Louse","floor":3.0,"turns":1.0},{"damage":3.0,"enemies":"Jaw Worm","floor":5.0,"turns":2.0},{"damage":6.0,"enemies":"Lagavulin","floor":7.0,"turns":7.0},{"damage":0.0,"enemies":"Lots of Slimes","floor":8.0,"turns":4.0},{"damage":0.0,"enemies":"Gremlin Nob","floor":10.0,"turns":3.0},{"damage":0.0,"enemies":"3 Louse","floor":11.0,"turns":3.0},{"damage":6.0,"enemies":"Exordium Thugs","floor":13.0,"turns":3.0},{"damage":0.0,"enemies":"3 Sentries","floor":14.0,"turns":3.0},{"damage":0.0,"enemies":"Slime Boss","floor":16.0,"turns":7.0},{"damage":0.0,"enemies":"2 Thieves","floor":18.0,"turns":2.0},{"damage":0.0,"enemies":"Chosen","floor":21.0,"turns":3.0},{"damage":0.0,"enemies":"Slavers","floor":23.0,"turns":3.0},{"damage":0.0,"enemies":"Book of Stabbing","floor":25.0,"turns":3.0},{"damage":0.0,"enemies":"Gremlin Leader","floor":27.0,"turns":4.0},{"damage":0.0,"enemies":"Shelled Parasite and Fungi","floor":28.0,"turns":1.0},{"damage":8.0,"enemies":"Automaton","floor":33.0,"turns":5.0},{"damage":0.0,"enemies":"3 Shapes","floor":35.0,"turns":2.0},{"damage":0.0,"enemies":"3 Darklings","floor":36.0,"turns":1.0},{"damage":0.0,"enemies":"Spire Growth","floor":38.0,"turns":2.0},{"damage":0.0,"enemies":"2 Orb Walkers","floor":39.0,"turns":1.0},{"damage":0.0,"enemies":"Nemesis","floor":41.0,"turns":3.0},{"damage":0.0,"enemies":"Writhing Mass","floor":42.0,"turns":1.0},{"damage":0.0,"enemies":"Transient","floor":44.0,"turns":6.0},{"damage":0.0,"enemies":"Giant Head","floor":45.0,"turns":6.0},{"damage":0.0,"enemies":"Sphere and 2 Shapes","floor":46.0,"turns":2.0},{"damage":0.0,"enemies":"Reptomancer","floor":47.0,"turns":1.0},{"damage":0.0,"enemies":"3 Darklings","floor":48.0,"turns":1.0},{"damage":65,"enemies":"Donu and Deca","floor":50,"turns":5},{"damage":0,"enemies":"Time Eater","floor":51,"turns":8},{"damage":0,"enemies":"Shield and Spear","floor":55,"turns":1},{"damage":76,"enemies":"The Heart","floor":56,"turns":8}],"seed_played":"1018326826545714976","potions_obtained":[{"floor":3.0,"key":"ColorlessPotion"},{"floor":10.0,"key":"LiquidMemories"},{"floor":14.0,"key":"LiquidMemories"},{"floor":27.0,"key":"Block Potion"},{"floor":28.0,"key":"PowerPotion"},{"floor":35.0,"key":"PowerPotion"},{"floor":36.0,"key":"Ambrosia"},{"floor":39.0,"key":"CultistPotion"},{"floor":55,"key":"EssenceOfSteel"}],"is_trial":false,"path_per_floor":["M","?","M","?","M","R","E","M","T","E","M","$","M","E","R","B",null,"M","$","?","M","?","E","R","E","T","E","M","$","T","T","R","B",null,"M","M","T","M","?","R","E","M","T","M","E","M","E","M","R","B","B",null,"R","$","E","B",null],"character_chosen":"WATCHER","items_purchased":["Akabeko"],"campfire_rested":2,"item_purchase_floors":[19],"current_hp_per_floor":[53,53,53,46,43,43,37,37,37,37,37,37,31,31,31,31,59,59,59,59,59,59,69,69,69,69,69,69,69,69,69,69,61,74,74,74,74,74,74,74,74,74,74,74,74,74,74,74,78,13,13,62,78,78,78,2],"gold":7,"neow_bonus":"BOSS_RELIC","is_daily":false,"chose_seed":false,"campfire_upgraded":4,"win_rate":0.0,"timestamp":1609982926,"path_taken":["M","?","M","?","?","R","E","M","T","E","M","$","M","E","R","BOSS","M","?","?","?","?","E","R","E","T","E","M","?","?","?","R","BOSS","M","M","?","M","?","R","E","M","T","M","E","M","E","M","R","BOSS","BOSS","R","$","E","BOSS"],"items_purchased_type":["Relic"],"build_version":"2020-12-22","purchased_purges":2,"victory":true,"max_hp_per_floor":[68,68,68,68,68,68,68,68,68,68,68,68,68,68,68,68,68,68,68,68,68,68,78,78,78,78,78,78,78,78,78,78,78,78,78,78,78,78,78,78,78,78,78,78,78,78,78,78,78,78,78,78,78,78,78,78],"relic_stats":{"Gremlin Horn":[6,6],"counters":[32,105],"Astrolabe":["Crescendo","InnerPeace","TalkToTheHand"],"Dead Branch":[30],"StoneCalendar":[52],"CloakClasp":[115],"Orichalcum":[78],"Mercury Hourglass":[367],"SsserpentHead":0,"Mummified Hand":[6],"Tiny Chest":1,"Ectoplasm":910,"obtain_stats":[{"Calipers":10,"Pear":23,"Gremlin Horn":45,"Astrolabe":0,"Dead Branch":47,"StoneCalendar":43,"CloakClasp":26,"Orichalcum":7,"Empty Cage":34,"Akabeko":19,"White Beast Statue":30,"Mercury Hourglass":9,"Du-Vu Doll":39,"SsserpentHead":20,"Anchor":41,"Bottled Flame":55,"Mummified Hand":14,"Tiny Chest":25,"Ectoplasm":17,"Bag of Marbles":31,"Bottled Lightning":27,"PureWater":0},{"Calipers":6,"Pear":13,"Gremlin Horn":25,"Astrolabe":0,"Dead Branch":27,"StoneCalendar":23,"CloakClasp":14,"Orichalcum":4,"Empty Cage":17,"Akabeko":11,"White Beast Statue":16,"Mercury Hourglass":5,"Du-Vu Doll":21,"SsserpentHead":11,"Anchor":22,"Bottled Flame":31,"Mummified Hand":9,"Tiny Chest":14,"Ectoplasm":10,"Bag of Marbles":16,"Bottled Lightning":15,"PureWater":0},{"Calipers":20,"Pear":44,"Gremlin Horn":79,"Astrolabe":0,"Dead Branch":82,"StoneCalendar":67,"CloakClasp":47,"Orichalcum":13,"Empty Cage":57,"Akabeko":38,"White Beast Statue":52,"Mercury Hourglass":17,"Du-Vu Doll":63,"SsserpentHead":38,"Anchor":66,"Bottled Flame":97,"Mummified Hand":29,"Tiny Chest":47,"Ectoplasm":36,"Bag of Marbles":52,"Bottled Lightning":51,"PureWater":0}]},"card_choices":[{"not_picked":["SashWhip","ForeignInfluence"],"picked":"EmptyFist","floor":1.0},{"not_picked":["Fasting2","Nirvana","ClearTheMind"],"picked":"SKIP","floor":3.0},{"not_picked":["CarveReality","ThirdEye"],"picked":"LessonLearned","floor":5.0},{"not_picked":["BattleHymn","JustLucky"],"picked":"FearNoEvil","floor":7.0},{"not_picked":["EmptyFist","Meditate"],"picked":"TalkToTheHand","floor":8.0},{"not_picked":["Prostrate","Protect","SashWhip"],"picked":"SKIP","floor":10.0},{"not_picked":["Protect","Prostrate","WindmillStrike"],"picked":"SKIP","floor":11.0},{"not_picked":["SashWhip","BowlingBash","FollowUp"],"picked":"SKIP","floor":13.0},{"not_picked":["WindmillStrike","Halt","WreathOfFlame"],"picked":"SKIP","floor":14.0},{"not_picked":["Blasphemy","LessonLearned"],"picked":"Omniscience","floor":16.0},{"not_picked":["FollowUp","ThirdEye","Crescendo"],"picked":"SKIP","floor":18.0},{"not_picked":["Pray","PathToVictory"],"picked":"FlurryOfBlows","floor":21.0},{"not_picked":["Fasting2","Consecrate"],"picked":"Ragnarok","floor":23.0},{"not_picked":["Vengeance","DeceiveReality"],"picked":"Tantrum","floor":25.0},{"not_picked":["Swivel","Brilliance","EmptyBody"],"picked":"SKIP","floor":27.0},{"not_picked":["Crescendo","BowlingBash"],"picked":"FlurryOfBlows","floor":28.0},{"not_picked":["FlurryOfBlows","CutThroughFate"],"picked":"Wallop","floor":35.0},{"not_picked":["JustLucky","ClearTheMind+1"],"picked":"EmptyMind+1","floor":36.0},{"not_picked":["SignatureMove","ThirdEye","CutThroughFate"],"picked":"SKIP","floor":38.0},{"not_picked":["LikeWater","ConjureBlade"],"picked":"Meditate","floor":39.0},{"not_picked":["EmptyFist+1","Prostrate+1"],"picked":"Tantrum","floor":41.0},{"not_picked":["Protect","Worship"],"picked":"Tantrum+1","floor":42.0},{"not_picked":["FollowUp","Protect"],"picked":"TalkToTheHand","floor":44.0},{"not_picked":["EmptyFist","ThirdEye","Evaluate"],"picked":"SKIP","floor":45.0},{"not_picked":["Brilliance","CrushJoints+1","Crescendo"],"picked":"SKIP","floor":46.0},{"not_picked":["BowlingBash","Vengeance","CutThroughFate+1"],"picked":"SKIP","floor":47.0},{"not_picked":["Worship","ClearTheMind+1","Evaluate"],"picked":"SKIP","floor":48.0},{"not_picked":["DeceiveReality","Nirvana"],"picked":"MentalFortress","floor":55}],"player_experience":1376477,"relics_obtained":[{"floor":7.0,"key":"Orichalcum"},{"floor":9.0,"key":"Mercury Hourglass"},{"floor":10.0,"key":"Calipers"},{"floor":14.0,"key":"Mummified Hand"},{"floor":23.0,"key":"Pear"},{"floor":25.0,"key":"Tiny Chest"},{"floor":26.0,"key":"CloakClasp"},{"floor":27.0,"key":"Bottled Lightning"},{"floor":30.0,"key":"White Beast Statue"},{"floor":31.0,"key":"Bag of Marbles"},{"floor":39.0,"key":"Du-Vu Doll"},{"floor":41.0,"key":"Anchor"},{"floor":43.0,"key":"StoneCalendar"},{"floor":45.0,"key":"Gremlin Horn"},{"floor":47.0,"key":"Dead Branch"},{"floor":55,"key":"Bottled Flame"}],"event_choices":[{"damage_healed":0.0,"max_hp_gain":0.0,"max_hp_loss":0.0,"gold_gain":0.0,"cards_transformed":["Defend_P"],"event_name":"Living Wall","player_choice":"Change","floor":2.0,"gold_loss":0.0,"damage_taken":0.0,"cards_obtained":["Wallop"]},{"cards_removed":["Defend_P"],"damage_healed":0.0,"max_hp_gain":0.0,"max_hp_loss":0.0,"gold_gain":0.0,"event_name":"Golden Wing","player_choice":"Card Removal","floor":4.0,"gold_loss":0.0,"damage_taken":7.0},{"damage_healed":0.0,"max_hp_gain":0.0,"max_hp_loss":0.0,"gold_gain":0.0,"event_name":"FaceTrader","player_choice":"Trade","floor":20.0,"gold_loss":0.0,"damage_taken":0.0,"relics_obtained":["SsserpentHead"]},{"damage_healed":0.0,"max_hp_gain":0.0,"max_hp_loss":0.0,"gold_gain":0.0,"event_name":"The Mausoleum","player_choice":"Ignored","floor":22.0,"gold_loss":0.0,"damage_taken":0.0},{"damage_healed":0.0,"max_hp_gain":0.0,"max_hp_loss":0.0,"gold_gain":0.0,"event_name":"Mysterious Sphere","player_choice":"Fight","floor":39.0,"gold_loss":0.0,"damage_taken":0.0}],"is_beta":false,"boss_relics":[{"not_picked":["Busted Crown","Calling Bell"],"picked":"Ectoplasm"},{"not_picked":["Runic Dome","Cursed Key"],"picked":"Empty Cage"}],"items_purged_floors":[12,19],"is_endless":false,"potions_floor_spawned":[3,10,11,14,27,28,33,35,36,38,39,41,42,44,45,46,47,48,55],"ascension_level":20}}