{"host":"dzit4ljil6490tuf","time":1609983579,"event":{"mods":["BaseMod","Downfall","Hermit","Hubris","Marisa????????","Minty Spire (QoL Compilation)","StSLib","The Cursed","The Runesmith","The Servant 0.9.4"],"gold_per_floor":[99,111,411,424,599,169,169,184,184,184,210,221,232,246,257,353,353,278,297,315,58,69,69,69,69,92,92,105,90,106,136,156,260,260,260,280,301,35,35,85,85,119,59,77,77,120,45,56,66,66],"floor_reached":51,"playtime":4785,"items_purged":["Doubt","Slimebound:Icky","Slimebound:Icky"],"score":731,"play_id":"3f6cfd39-6c3a-4787-a320-74277867fd2c","local_time":"20210107023939","is_ascension_mode":false,"campfire_choices":[{"data":"hexamod:Sear","floor":1.0,"key":"SMITH"},{"data":"hexamod:GhostflameInferno","floor":9.0,"key":"SMITH"},{"data":"hexamod:SoulSteal","floor":18.0,"key":"SMITH"},{"data":"hexamod:EtherealExpedition","floor":27.0,"key":"SMITH"},{"floor":35,"key":"RECALL"},{"floor":45,"key":"REST"},{"floor":47,"key":"REST"}],"circlet_count":0,"master_deck":["hexamod:Strike","hexamod:Strike","hexamod:Strike+1","hexamod:Strike","hexamod:Defend+1","hexamod:Defend","hexamod:Defend+1","hexamod:Defend","hexamod:Sear+1","hexamod:Float+1","hexamod:SwordOfDarkness+1","hexamod:EtherealExpedition+1","hexamod:BurningTouch+1","hexamod:GhostflameInferno+1","hexamod:BacktrackSmack","hexamod:AdvancingGuard","hexamod:FirstSeal","hexamod:SpectersWail","hexamod:Firestarter","hexamod:BurningTouch+1","hexamod:Hexaguard","hexamod:VolcanoVisage","hexamod:ChargedBarrage","hexamod:InspiringFlames+1","hexamod:HauntingEcho","hexamod:ThermalTransfer+1","hubris:DuctTapeCard","hexamod:StepThrough","hexamod:ExtraCrispy+1","hexamod:SecondSeal","hexamod:EmpoweredFlame","hexamod:SixthSeal","hexamod:AdvancingGuard+1","expansioncontent:CaCaw","expansioncontent:Collect+1","expansioncontent:DefensiveStance+1","hexamod:ShieldOfDarkness+1","hexamod:StepThrough","Slimebound:SplitAcid","hexamod:ThermalTransfer"],"relics":["hexamod:SpiritBrand","Blood Vial","hexamod:MatchstickCase","Ornamental Fan","Tiny Chest","Runic Pyramid","downfall:HeartBlessingGreen","hubris:DuctTape","Centennial Puzzle","hubris:Towel","War Paint","Runesmith:Locket","Fusion Hammer","Lee\u0027s Waffle","hexamod:SoulConsumer","hubris:DisguiseKit","hubris:GlazedTorus","Bird Faced Urn","HornCleat","downfall:HeartBlessingRed"],"acts_visited":["Exordium","TheCity","TheBeyond"],"potions_floor_usage":[32,33,38,42,42],"damage_taken":[{"damage":0.0,"enemies":"Jaw Worm","floor":2.0,"turns":3.0},{"damage":0.0,"enemies":"2 Louse","floor":4.0,"turns":2.0},{"damage":0.0,"enemies":"downfall:FleeingMerchant","floor":6.0,"turns":4.0},{"damage":1.0,"enemies":"Small Slimes","floor":8.0,"turns":2.0},{"damage":6.0,"enemies":"3 Sentries","floor":11.0,"turns":7.0},{"damage":0.0,"enemies":"3 Louse","floor":12.0,"turns":2.0},{"damage":5.0,"enemies":"Exordium Wildlife","floor":13.0,"turns":2.0},{"damage":1.0,"enemies":"Blue Slaver","floor":14.0,"turns":3.0},{"damage":9.0,"enemies":"3 Louse","floor":15.0,"turns":2.0},{"damage":18.0,"enemies":"downfall:Watcher","floor":16.0,"turns":8.0},{"damage":4.0,"enemies":"Chosen","floor":19.0,"turns":3.0},{"damage":8.0,"enemies":"Snecko","floor":20.0,"turns":4.0},{"damage":9.0,"enemies":"downfall:FleeingMerchant","floor":21.0,"turns":4.0},{"damage":1.0,"enemies":"Centurion and Healer","floor":22.0,"turns":7.0},{"damage":5.0,"enemies":"Shelled Parasite and Fungi","floor":28.0,"turns":6.0},{"damage":1.0,"enemies":"downfall:FleeingMerchant","floor":29.0,"turns":4.0},{"damage":2,"enemies":"3 Cultists","floor":30,"turns":5},{"damage":21,"enemies":"Gremlin Leader","floor":31,"turns":5},{"damage":14,"enemies":"Snecko","floor":32,"turns":5},{"damage":24,"enemies":"downfall:Defect","floor":33,"turns":10},{"damage":17,"enemies":"3 Darklings","floor":36,"turns":5},{"damage":1,"enemies":"3 Shapes","floor":37,"turns":6},{"damage":21,"enemies":"downfall:FleeingMerchant","floor":38,"turns":4},{"damage":0,"enemies":"Mind Bloom Boss Battle","floor":40,"turns":9},{"damage":48,"enemies":"Nemesis","floor":42,"turns":7},{"damage":0,"enemies":"downfall:FleeingMerchant","floor":43,"turns":1},{"damage":0,"enemies":"Sphere and 2 Shapes","floor":44,"turns":3},{"damage":47,"enemies":"Reptomancer","floor":46,"turns":9},{"damage":14,"enemies":"Transient","floor":48,"turns":5},{"damage":0,"enemies":"Jaw Worm Horde","floor":49,"turns":5},{"damage":17,"enemies":"downfall:Ironclad","floor":50,"turns":11}],"seed_played":"1183846856055978883","potions_obtained":[{"floor":2.0,"key":"SkillPotion"},{"floor":8.0,"key":"Weak Potion"},{"floor":14.0,"key":"BlessingOfTheForge"},{"floor":16.0,"key":"CultistPotion"},{"floor":31,"key":"Strength Potion"},{"floor":32,"key":"ColorlessPotion"},{"floor":33,"key":"Block Potion"},{"floor":42,"key":"Strength Potion"},{"floor":46,"key":"champ:CounterPotion"},{"floor":48,"key":"LiquidBronze"},{"floor":49,"key":"EntropicBrew"}],"is_trial":false,"path_per_floor":["R","M","?","M","?","$","T","M","R","?","E","M","M","M","M","B",null,"R","M","M","$","M","?","T","?","T","R","M","$","M","E","M","B",null,"R","M","M","$","?","?","T","E","$","M","R","E","R","M","M","B",null],"character_chosen":"THE_SPIRIT","items_purchased":["hexamod:MatchstickCase","hexamod:GhostflameInferno","hexamod:PhantomFireball","hexamod:BacktrackSmack","hubris:DuctTape","Lee\u0027s Waffle","Bird Faced Urn"],"campfire_rested":2,"item_purchase_floors":[6,6,6,6,21,38,43],"current_hp_per_floor":[70,70,70,70,70,70,70,69,69,62,65,70,65,66,66,50,70,70,66,67,60,68,68,68,68,68,68,65,66,70,49,44,29,70,70,53,61,77,67,76,76,36,38,44,67,37,60,56,62,68],"gold":66,"neow_bonus":"RANDOM_COMMON_RELIC","is_daily":false,"chose_seed":false,"campfire_upgraded":4,"win_rate":0.0,"timestamp":1609983579,"path_taken":["R","M","?","M","?","$","T","M","R","?","E","M","M","?","M","BOSS","R","M","M","$","M","?","T","?","?","R","M","$","M","E","M","BOSS","R","M","M","$","?","?","T","E","?","M","R","E","R","M","M","BOSS"],"items_purchased_type":["Relic","Card","Card","Card","Relic","Relic","Relic"],"build_version":"2020-12-22","purchased_purges":3,"victory":true,"max_hp_per_floor":[70,70,70,70,70,70,70,70,70,70,70,70,70,70,70,70,70,70,70,70,70,70,70,70,70,70,70,70,70,70,70,70,70,70,70,70,70,77,77,77,77,77,77,77,77,77,77,77,77,77],"card_choices":[{"not_picked":["hexamod:NecessarySacrifice","hexamod:GhostShield"],"picked":"hexamod:SwordOfDarkness","floor":2.0},{"not_picked":["hexamod:HeatCrush","hexamod:RetreatToShadows"],"picked":"hexamod:EtherealExpedition","floor":4.0},{"not_picked":["hexamod:SkipABeat","hexamod:RainOfEmbers"],"picked":"hexamod:BurningTouch","floor":6.0},{"not_picked":["hexamod:GhostLash","hexamod:RainOfEmbers"],"picked":"hexamod:AdvancingGuard","floor":8.0},{"not_picked":["hexamod:Haunt","hexamod:NightmareStrike"],"picked":"hexamod:SpectersWail","floor":11.0},{"not_picked":["hexamod:EtherealExpedition","hexamod:FirstSeal"],"picked":"hexamod:Firestarter","floor":12.0},{"not_picked":["hexamod:GhostShield","hexamod:HeatShield"],"picked":"hexamod:SoulSteal","floor":13.0},{"not_picked":["hexamod:RainOfEmbers","hexamod:GhostLash"],"picked":"hexamod:BurningTouch","floor":14.0},{"not_picked":["hexamod:HauntingEcho","hexamod:RadiantFlame"],"picked":"hexamod:Hexaguard","floor":15.0},{"not_picked":["hexamod:EmpoweringStance","hexamod:SearingWound"],"picked":"hexamod:VolcanoVisage","floor":16.0},{"not_picked":["hexamod:EtherealExpedition","hexamod:RainOfEmbers"],"picked":"hexamod:ChargedBarrage","floor":19.0},{"not_picked":["hexamod:SoulSteal","hexamod:SpectersWail+1"],"picked":"hexamod:InspiringFlames+1","floor":20.0},{"not_picked":["hexamod:SwordOfDarkness","hexamod:PhantomCloak"],"picked":"hexamod:HauntingEcho","floor":21.0},{"not_picked":["hexamod:NecessarySacrifice","hexamod:GhostOfSpirePast+1","hexamod:Haunt+1"],"picked":"SKIP","floor":22.0},{"not_picked":["hexamod:Hexaguard","hexamod:GhostLash"],"picked":"hexamod:ThermalTransfer+1","floor":28.0},{"not_picked":["hexamod:GhostflameInferno","hexamod:ShieldOfDarkness"],"picked":"hexamod:StepThrough","floor":29},{"not_picked":["hexamod:BurningTouch+1","hexamod:SkipABeat+1"],"picked":"hexamod:ExtraCrispy+1","floor":30},{"not_picked":["hexamod:InspiringFlames","hexamod:FastForward+1"],"picked":"hexamod:SecondSeal","floor":31},{"not_picked":["hexamod:BacktrackSmack+1","hexamod:SpectersWail"],"picked":"hexamod:EmpoweredFlame","floor":32},{"not_picked":["hexamod:ParanormalForm","hexamod:EmpoweringStance"],"picked":"hexamod:SixthSeal","floor":33},{"not_picked":["hexamod:RadiantFlame","hexamod:GhostLash","hexamod:GhostOfSpireFuture"],"picked":"SKIP","floor":36},{"not_picked":["hexamod:BurningTouch","hexamod:GhostOfSpirePast+1","hexamod:Firestarter"],"picked":"SKIP","floor":37},{"not_picked":["hexamod:TurnItUp","hexamod:SpectersWail"],"picked":"hexamod:AdvancingGuard+1","floor":38},{"not_picked":["expansioncontent:PolyBeam","expansioncontent:ManipulateTime"],"picked":"expansioncontent:CaCaw","floor":39},{"not_picked":["expansioncontent:GuardianWhirl","expansioncontent:GoopSpray"],"picked":"expansioncontent:Collect","floor":39},{"not_picked":["expansioncontent:Flail","expansioncontent:AwakenDeath"],"picked":"expansioncontent:DefensiveStance","floor":39},{"not_picked":["hexamod:Firestarter","hexamod:TimeOfNeed","Slimebound:Recollect"],"picked":"hexamod:ShieldOfDarkness+1","floor":42},{"not_picked":["hexamod:Hexaguard","hexamod:GhostShield+1","Slimebound:SlimeSpikes"],"picked":"hexamod:StepThrough","floor":43},{"not_picked":["hexamod:GhostOfSpirePresent+1","hexamod:BurningTouch+1","hexamod:Firestarter+1","Slimebound:GoopSpray"],"picked":"SKIP","floor":44},{"not_picked":["hexamod:SwordOfDarkness","hexamod:HauntingEcho+1","hexamod:NightmareStrike+1"],"picked":"Slimebound:SplitAcid","floor":46},{"not_picked":["hexamod:SpectersWail+1","hexamod:RainOfEmbers+1","Slimebound:Nibble"],"picked":"hexamod:ThermalTransfer","floor":48},{"not_picked":["hexamod:SixthSeal","hexamod:GhostShield","hexamod:BacktrackSmack","Slimebound:Schlurp"],"picked":"SKIP","floor":49}],"player_experience":542702,"relics_obtained":[{"floor":7.0,"key":"Ornamental Fan"},{"floor":11.0,"key":"Tiny Chest"},{"floor":24.0,"key":"Centennial Puzzle"},{"floor":26.0,"key":"War Paint"},{"floor":31,"key":"Runesmith:Locket"},{"floor":40,"key":"hexamod:SoulConsumer"},{"floor":41,"key":"hubris:DisguiseKit"},{"floor":42,"key":"hubris:GlazedTorus"},{"floor":46,"key":"HornCleat"}],"event_choices":[],"is_beta":false,"boss_relics":[{"not_picked":["hubris:Stopwatch","hubris:BlackHole"],"picked":"Runic Pyramid"},{"not_picked":["Black Star","Sozu"],"picked":"Fusion Hammer"}],"items_purged_floors":[6,38,43],"is_endless":false,"potions_floor_spawned":[2,8,14,16,22,28,30,31,32,33,37,42,46,48,49],"ascension_level":0}}