{"host":"0v07cr0k93jhgkpm","time":1609992063,"event":{"mods":["BaseMod","Colored Map","DeckTracker","Minty Spire (QoL Compilation)","Quick Restart","SuperFastMode"],"gold_per_floor":[114,132,150,2,21,49,49,49,104,174,174,188,207,271,271,348,348,360,377,427,447,150,150,187,187,242,292,292,312,312,47,47,47,47],"floor_reached":33,"playtime":1108,"items_purged":["Strike_G"],"score":538,"play_id":"46df823b-80fc-4c99-bc05-afbae9780c5b","local_time":"20210107130103","is_ascension_mode":true,"campfire_choices":[{"floor":7.0,"key":"REST"},{"data":"Catalyst","floor":11.0,"key":"SMITH"},{"data":"Noxious Fumes","floor":15.0,"key":"SMITH"},{"data":"Envenom","floor":23.0,"key":"SMITH"},{"data":"Calculated Gamble","floor":25.0,"key":"SMITH"},{"data":"Deadly Poison","floor":28.0,"key":"SMITH"},{"data":"Prepared","floor":30.0,"key":"SMITH"},{"data":"Acrobatics","floor":32.0,"key":"SMITH"}],"circlet_count":0,"master_deck":["AscendersBane","Strike_G","Strike_G","Strike_G","Strike_G","Defend_G","Defend_G","Defend_G","Defend_G","Defend_G","Survivor","Neutralize","Predator","Catalyst+1","Leg Sweep","Noxious Fumes+1","Poisoned Stab","Dagger Spray","Backstab","PiercingWail","Calculated Gamble+1","Backflip","PiercingWail","Envenom+1","Well Laid Plans","Prepared+1","Deadly Poison+1","Acrobatics+1","Dagger Throw","Caltrops"],"relics":["Ring of the Snake","NeowsBlessing","Eternal Feather","SsserpentHead","Bag of Marbles","HoveringKite","Lee\u0027s Waffle","CeramicFish","Tiny Chest","Sundial"],"acts_visited":["Exordium","TheCity"],"potions_floor_usage":[33,33],"damage_taken":[{"damage":0.0,"enemies":"2 Louse","floor":1.0,"turns":1.0},{"damage":0.0,"enemies":"Cultist","floor":2.0,"turns":1.0},{"damage":0.0,"enemies":"Small Slimes","floor":3.0,"turns":1.0},{"damage":18.0,"enemies":"3 Louse","floor":5.0,"turns":3.0},{"damage":25.0,"enemies":"Lagavulin","floor":6.0,"turns":6.0},{"damage":6.0,"enemies":"Looter","floor":10.0,"turns":2.0},{"damage":0.0,"enemies":"2 Fungi Beasts","floor":12.0,"turns":2.0},{"damage":4.0,"enemies":"Large Slime","floor":13.0,"turns":5.0},{"damage":14.0,"enemies":"Exordium Wildlife","floor":14.0,"turns":3.0},{"damage":4.0,"enemies":"Hexaghost","floor":16.0,"turns":8.0},{"damage":0.0,"enemies":"Spheric Guardian","floor":18.0,"turns":5.0},{"damage":20.0,"enemies":"3 Byrds","floor":19.0,"turns":7.0},{"damage":39.0,"enemies":"3 Cultists","floor":21.0,"turns":6.0},{"damage":36.0,"enemies":"Slavers","floor":24.0,"turns":7.0},{"damage":34.0,"enemies":"Cultist and Chosen","floor":29.0,"turns":6.0},{"damage":48,"enemies":"Automaton","floor":33,"turns":6}],"seed_played":"-4314086927708246341","potions_obtained":[{"floor":2.0,"key":"SmokeBomb"},{"floor":3.0,"key":"LiquidMemories"},{"floor":6.0,"key":"PowerPotion"},{"floor":14.0,"key":"DuplicationPotion"},{"floor":21.0,"key":"Strength Potion"},{"floor":24.0,"key":"Fire Potion"},{"floor":29.0,"key":"Explosive Potion"}],"is_trial":false,"path_per_floor":["M","M","M","$","M","E","R","?","T","M","R","M","M","M","R","B",null,"M","M","?","M","$","R","E","R","T","?","R","M","R","$","R","B"],"character_chosen":"THE_SILENT","items_purchased":["Noxious Fumes","Poisoned Stab","Dagger Spray","Lee\u0027s Waffle","Acrobatics","Sundial"],"campfire_rested":1,"item_purchase_floors":[4,4,4,22,22,31],"current_hp_per_floor":[59,59,59,59,41,16,47,47,47,41,53,53,49,35,47,43,60,60,40,40,1,73,73,37,52,52,31,46,12,30,30,48,0,0],"gold":47,"neow_bonus":"THREE_ENEMY_KILL","is_daily":false,"chose_seed":false,"campfire_upgraded":7,"win_rate":0.0,"timestamp":1609992063,"path_taken":["M","M","M","$","M","E","R","?","T","?","R","M","M","?","R","BOSS","M","M","?","M","$","R","E","R","T","?","R","M","R","$","R","BOSS"],"items_purchased_type":["Card","Card","Card","Relic","Card","Relic"],"build_version":"2020-12-22","purchased_purges":1,"victory":false,"max_hp_per_floor":[66,66,66,66,66,66,66,66,66,66,66,66,66,66,66,66,66,66,66,66,66,73,73,73,73,73,78,78,78,78,78,78,78,78],"card_choices":[{"not_picked":["Blade Dance","Bane"],"picked":"Predator","floor":1.0},{"not_picked":["PiercingWail","Dagger Spray"],"picked":"Catalyst","floor":2.0},{"not_picked":["Quick Slash","Dagger Throw"],"picked":"Leg Sweep","floor":3.0},{"not_picked":["Prepared","Predator"],"picked":"Backstab","floor":5.0},{"not_picked":["Grand Finale","Prepared","Deflect"],"picked":"SKIP","floor":6.0},{"not_picked":["Dash","Concentrate"],"picked":"PiercingWail","floor":10.0},{"not_picked":["Tactician","Flying Knee"],"picked":"Calculated Gamble","floor":12.0},{"not_picked":["Flechettes","Terror"],"picked":"Backflip","floor":13.0},{"not_picked":["Poisoned Stab","Finisher"],"picked":"PiercingWail","floor":14.0},{"not_picked":["Storm of Steel","Phantasmal Killer"],"picked":"Envenom","floor":16.0},{"not_picked":["Infinite Blades+1","Flying Knee"],"picked":"Well Laid Plans","floor":18.0},{"not_picked":["Poisoned Stab+1","Escape Plan"],"picked":"Prepared","floor":19.0},{"not_picked":["Quick Slash","Dagger Throw"],"picked":"Deadly Poison","floor":21.0},{"not_picked":["All Out Attack","Heel Hook"],"picked":"Dagger Throw","floor":24.0},{"not_picked":["Dagger Throw","Deflect+1"],"picked":"Caltrops","floor":29.0}],"player_experience":2482706,"relics_obtained":[{"floor":6.0,"key":"Eternal Feather"},{"floor":9.0,"key":"Bag of Marbles"},{"floor":24.0,"key":"CeramicFish"},{"floor":26.0,"key":"Tiny Chest"}],"event_choices":[{"damage_healed":0.0,"max_hp_gain":0.0,"max_hp_loss":0.0,"gold_gain":0.0,"event_name":"FaceTrader","player_choice":"Trade","floor":8.0,"gold_loss":0.0,"damage_taken":0.0,"relics_obtained":["SsserpentHead"]},{"damage_healed":0.0,"max_hp_gain":0.0,"max_hp_loss":0.0,"gold_gain":0.0,"event_name":"Vampires","player_choice":"Ignored","floor":20.0,"gold_loss":0.0,"damage_taken":0.0},{"damage_healed":0.0,"max_hp_gain":5.0,"max_hp_loss":0.0,"gold_gain":0.0,"event_name":"Forgotten Altar","player_choice":"Shed Blood","floor":27.0,"gold_loss":0.0,"damage_taken":26.0}],"is_beta":false,"boss_relics":[{"not_picked":["Busted Crown","SacredBark"],"picked":"HoveringKite"}],"items_purged_floors":[22],"is_endless":false,"potions_floor_spawned":[2,3,6,14,21,24,29],"killed_by":"Automaton","ascension_level":20}}