{"host":"ifd7sfhtlbe34qll","time":1609986392,"event":{"mods":["2.2 Compatiblity","BaseMod","Block Reminder","Colored Map","Curses Come First","Downfall","Highlight Path","Minty Spire (QoL Compilation)","Potion Indicator Mod","Quick Restart","Relic Stats","StSLib"],"gold_per_floor":[99,115,215,215,34,46,72,92,120,120,150,161,61,61,75,148,148,148,166,39,52,327,24,24,24,24],"floor_reached":25,"playtime":2272,"items_purged":["Normality"],"score":418,"play_id":"8a854705-541a-48d7-aee7-606280972a2d","local_time":"20210106202632","is_ascension_mode":true,"campfire_choices":[{"data":"bronze:Replicate","floor":1,"key":"SMITH"},{"data":"bronze:Mutator","floor":13,"key":"SMITH"},{"data":"bronze:Verify","floor":18,"key":"SMITH"}],"circlet_count":0,"master_deck":["AscendersBane","bronze:Strike","bronze:Strike","bronze:Strike","bronze:Strike","bronze:Defend","bronze:Defend","bronze:Defend","bronze:Defend","bronze:Replicate+1","bronze:Goto","bronze:DarkDash","bronze:Overheat","bronze:CutThrough","bronze:Iterate","bronze:Repair","bronze:FineTuning","bronze:Mutator+1","downfall:Aged","bronze:BronzeOrb","bronze:Verify+1","bronze:DelayedGuard+1","bronze:InfiniteBeams","bronze:Safeguard+1","Regret","bronze:Return+1"],"relics":["bronze:BronzeCore","Guardian:PocketSentry","Eternal Feather","StrikeDummy","downfall:HeartBlessingBlue","Du-Vu Doll","SlaversCollar","Meat on the Bone","Ice Cream"],"acts_visited":["Exordium","TheCity"],"potions_floor_usage":[9,11,19,21,25],"damage_taken":[{"damage":1,"enemies":"2 Louse","floor":2,"turns":3},{"damage":0,"enemies":"downfall:FleeingMerchant","floor":5,"turns":4},{"damage":0,"enemies":"Jaw Worm","floor":6,"turns":3},{"damage":0,"enemies":"Cultist","floor":8,"turns":2},{"damage":9,"enemies":"3 Sentries","floor":9,"turns":7},{"damage":14,"enemies":"Gremlin Nob","floor":11,"turns":4},{"damage":4,"enemies":"2 Fungi Beasts","floor":12,"turns":4},{"damage":0,"enemies":"Exordium Thugs","floor":15,"turns":3},{"damage":40,"enemies":"downfall:Silent","floor":16,"turns":8},{"damage":14,"enemies":"Chosen","floor":19,"turns":5},{"damage":0,"enemies":"downfall:FleeingMerchant","floor":20,"turns":4},{"damage":43,"enemies":"3 Cultists","floor":21,"turns":6},{"damage":22,"enemies":"downfall:FleeingMerchant","floor":23,"turns":4},{"damage":34,"enemies":"downfall:FleeingMerchant","floor":25,"turns":4}],"seed_played":"6243259058428620392","potions_obtained":[{"floor":6,"key":"Fire Potion"},{"floor":8,"key":"Strength Potion"},{"floor":11,"key":"DistilledChaos"},{"floor":12,"key":"EssenceOfSteel"},{"floor":15,"key":"ColorlessPotion"},{"floor":21,"key":"ColorlessPotion"}],"is_trial":false,"path_per_floor":["R","M","?","?","$","M","T","M","E","?","E","M","R","?","M","B",null,"R","M","$","M","?","$","T","?"],"character_chosen":"THE_AUTOMATON","items_purchased":["Guardian:PocketSentry","bronze:InfiniteBeams","Meat on the Bone"],"campfire_rested":0,"item_purchase_floors":[5,20,23],"current_hp_per_floor":[63,62,62,62,62,62,62,62,53,53,39,35,54,54,61,28,66,78,64,71,35,35,20,20,0,0],"gold":24,"neow_bonus":"TEN_PERCENT_HP_BONUS","is_daily":false,"chose_seed":false,"campfire_upgraded":3,"win_rate":0.0,"timestamp":1609986392,"path_taken":["R","M","?","?","$","M","T","M","E","?","E","?","R","?","M","BOSS","R","M","$","M","?","?","T","?"],"items_purchased_type":["Relic","Card","Relic"],"build_version":"2020-12-22","purchased_purges":1,"victory":false,"max_hp_per_floor":[69,69,69,69,69,69,69,69,69,69,69,69,79,79,79,79,79,79,79,79,79,79,79,79,79,79],"relic_stats":{"counters":[14,59],"Eternal Feather":21,"obtain_stats":[{"Du-Vu Doll":14,"Ice Cream":24,"SlaversCollar":17,"bronze:BronzeCore":0,"downfall:HeartBlessingBlue":13,"Eternal Feather":9,"Guardian:PocketSentry":5,"StrikeDummy":11,"Meat on the Bone":23},{"Du-Vu Doll":7,"Ice Cream":13,"SlaversCollar":9,"bronze:BronzeCore":0,"downfall:HeartBlessingBlue":7,"Eternal Feather":5,"Guardian:PocketSentry":2,"StrikeDummy":6,"Meat on the Bone":13},{"Du-Vu Doll":26,"Ice Cream":55,"SlaversCollar":37,"bronze:BronzeCore":0,"downfall:HeartBlessingBlue":26,"Eternal Feather":19,"Guardian:PocketSentry":7,"StrikeDummy":23,"Meat on the Bone":55}],"Meat on the Bone":0},"card_choices":[{"not_picked":["bronze:Deprecate","bronze:Allocate"],"picked":"bronze:DarkDash","floor":2},{"not_picked":["bronze:Constructor","bronze:Philosophize"],"picked":"bronze:Overheat","floor":5},{"not_picked":["bronze:ClassDefault","bronze:Frontload"],"picked":"bronze:CutThrough","floor":6},{"not_picked":["bronze:CutThrough","bronze:FindAndReplace"],"picked":"bronze:Iterate","floor":8},{"not_picked":["bronze:Iterate","bronze:OilSpill"],"picked":"bronze:Repair","floor":9},{"not_picked":["bronze:Constructor","bronze:BuggyMess"],"picked":"bronze:FineTuning","floor":11},{"not_picked":["bronze:Terminator","bronze:ItsAFeature"],"picked":"bronze:Mutator","floor":12},{"not_picked":["bronze:BitShift","bronze:FineTuning"],"picked":"bronze:BronzeOrb","floor":15},{"not_picked":["bronze:BurnOut","bronze:InfiniteLoop"],"picked":"bronze:Verify","floor":16},{"not_picked":["bronze:Terminator","bronze:CutThrough+1"],"picked":"bronze:DelayedGuard+1","floor":19},{"not_picked":["bronze:ChosenStrike","bronze:Terminator","bronze:Overheat"],"picked":"SKIP","floor":20},{"not_picked":["bronze:GetLatest","bronze:BitShift"],"picked":"bronze:Safeguard+1","floor":21},{"not_picked":["bronze:ClassDefault+1","bronze:BronzeOrb"],"picked":"bronze:Return+1","floor":23}],"player_experience":1646392,"relics_obtained":[{"floor":9,"key":"Eternal Feather"},{"floor":11,"key":"StrikeDummy"},{"floor":24,"key":"Ice Cream"}],"event_choices":[{"cards_removed":["downfall:Icky"],"damage_healed":0,"gold_gain":0,"player_choice":"Card Removal","damage_taken":0,"max_hp_gain":0,"max_hp_loss":0,"event_name":"The Cleric","floor":4,"gold_loss":0},{"damage_healed":0,"gold_gain":0,"player_choice":"Leave","damage_taken":0,"max_hp_gain":0,"max_hp_loss":0,"event_name":"FaceTrader","floor":10,"gold_loss":0}],"is_beta":false,"boss_relics":[{"not_picked":["SacredBark","Black Star"],"picked":"SlaversCollar"}],"items_purged_floors":[20],"is_endless":false,"potions_floor_spawned":[6,8,11,12,15,21],"killed_by":"downfall:FleeingMerchant","ascension_level":20}}