{"host":"mydft8i2zzydgggw","time":1609991945,"event":{"mods":["AchievementEnabler","BaseMod","BetterRewards","Colored Map","Colored Powertips","DeckTracker","Keyboard Shortcuts","Minty Spire (QoL Compilation)","Quick Restart","Rare Cards Sparkle","StSLib","SuperFastMode","The Poker Player","everything is the same but u backflip on backflip"],"gold_per_floor":[110,110,123,123,143,177,177,196,196,219,262,262,290,319,319,319,319],"floor_reached":16,"playtime":481,"items_purged":[],"score":143,"play_id":"46c417c1-1247-48f4-b34d-31d78b8033d5","local_time":"20210107125905","is_ascension_mode":true,"campfire_choices":[{"floor":7.0,"key":"REST"},{"floor":15,"key":"REST"}],"circlet_count":0,"master_deck":["Strike_G","Strike_G","Strike_G","Strike_G","Defend_G+1","Defend_G","Defend_G","Defend_G","Survivor","Neutralize","Bouncing Flask","Accuracy","Decay","Blade Dance+1","Venomology","Dagger Spray","Crippling Poison","Footwork","Reflex","Backflip"],"relics":["Ring of the Snake","CeramicFish","War Paint","Ornamental Fan"],"acts_visited":["Exordium"],"potions_floor_usage":[11,11,13,13,14,16,16],"damage_taken":[{"damage":0.0,"enemies":"Jaw Worm","floor":1.0,"turns":4.0},{"damage":8.0,"enemies":"2 Louse","floor":3.0,"turns":3.0},{"damage":3.0,"enemies":"Cultist","floor":5.0,"turns":3.0},{"damage":35.0,"enemies":"3 Sentries","floor":6.0,"turns":8.0},{"damage":10.0,"enemies":"2 Fungi Beasts","floor":8.0,"turns":4.0},{"damage":1.0,"enemies":"Exordium Wildlife","floor":10.0,"turns":4.0},{"damage":33,"enemies":"Gremlin Nob","floor":11,"turns":4},{"damage":0,"enemies":"Blue Slaver","floor":13,"turns":3},{"damage":0,"enemies":"Gremlin Gang","floor":14,"turns":4},{"damage":23,"enemies":"The Guardian","floor":16,"turns":7}],"seed_played":"-2502313058684264951","potions_obtained":[{"floor":3.0,"key":"FearPotion"},{"floor":5.0,"key":"Poison Potion"},{"floor":11,"key":"Energy Potion"},{"floor":14,"key":"PowerPotion"}],"is_trial":false,"path_per_floor":["M","?","M","?","M","E","R","M","T","M","E","?","M","M","R","B"],"character_chosen":"THE_SILENT","items_purchased":[],"campfire_rested":2,"item_purchase_floors":[],"current_hp_per_floor":[70,70,62,62,59,24,45,35,35,34,1,1,1,1,22,0,0],"gold":319,"neow_bonus":"TRANSFORM_CARD","is_daily":false,"chose_seed":false,"campfire_upgraded":0,"win_rate":0.0,"timestamp":1609991945,"path_taken":["M","?","M","?","M","E","R","?","T","M","E","?","M","M","R","BOSS"],"items_purchased_type":[],"build_version":"2020-12-22","purchased_purges":0,"victory":false,"max_hp_per_floor":[70,70,70,70,70,70,70,70,70,70,70,70,70,70,70,70,70],"card_choices":[{"not_picked":["Acrobatics","Catalyst"],"picked":"Accuracy","floor":1.0},{"not_picked":["Dodge and Roll","Quick Slash","Prepared"],"picked":"SKIP","floor":3.0},{"not_picked":["Quick Slash","Prepared"],"picked":"Blade Dance","floor":5.0},{"not_picked":["Setup","Wraith Form v2"],"picked":"Venomology","floor":6.0},{"not_picked":["Blur","Setup"],"picked":"Dagger Spray","floor":8.0},{"not_picked":["Flying Knee","Concentrate"],"picked":"Crippling Poison","floor":10.0},{"not_picked":["Flying Knee","Crippling Poison"],"picked":"Footwork","floor":11},{"not_picked":["All Out Attack","Sucker Punch"],"picked":"Reflex","floor":13},{"not_picked":["Flying Knee","Cloak And Dagger"],"picked":"Backflip","floor":14}],"player_experience":136095,"relics_obtained":[{"floor":6.0,"key":"CeramicFish"},{"floor":9.0,"key":"War Paint"},{"floor":11,"key":"Ornamental Fan"}],"event_choices":[{"cards_removed":["Defend_G"],"damage_healed":0.0,"max_hp_gain":0.0,"max_hp_loss":0.0,"gold_gain":0.0,"event_name":"Living Wall","player_choice":"Forget","floor":2.0,"gold_loss":0.0,"damage_taken":0.0},{"damage_healed":0.0,"max_hp_gain":0.0,"max_hp_loss":0.0,"gold_gain":0.0,"event_name":"Wheel of Change","player_choice":"Cursed","floor":4.0,"gold_loss":0.0,"damage_taken":0.0,"cards_obtained":["Decay"]},{"damage_healed":0,"gold_gain":0,"player_choice":"Ignored","damage_taken":0,"max_hp_gain":0,"max_hp_loss":0,"event_name":"Golden Wing","floor":12,"gold_loss":0}],"is_beta":false,"boss_relics":[],"items_purged_floors":[],"is_endless":false,"potions_floor_spawned":[3,5,11,14],"killed_by":"The Guardian","ascension_level":5}}