{"host":"ji1fk25fd1ga4ji1","time":1609983753,"event":{"mods":["2.2 Compatiblity","BaseMod","Colored Map","DeckTracker","Minty Spire (QoL Compilation)","Permanent Neow","Quick Restart","StSLib","SuperFastMode"],"gold_per_floor":[19,30,30,30,46,87,87,131,131,131,154,185,185,225,225,346,346,367,269,269,285,310,344,358,115,115,115,115,146,146,189,189,310,310,331,331,59,75,0,0,36,36,36,36,36,59,92,41,41,41,41],"floor_reached":50,"playtime":970,"items_purged":["Strike_R","Strike_R","Strike_R"],"score":690,"play_id":"668eeff5-bf4f-47d3-af8c-9a81bb39c1e2","local_time":"20210107104233","is_ascension_mode":true,"campfire_choices":[{"data":"Bludgeon","floor":7.0,"key":"SMITH"},{"data":"Headbutt","floor":10.0,"key":"SMITH"},{"data":"Battle Trance","floor":13.0,"key":"SMITH"},{"data":"Bash","floor":15.0,"key":"SMITH"},{"data":"Searing Blow","floor":27.0,"key":"SMITH"},{"data":"Searing Blow+1","floor":30.0,"key":"SMITH"},{"data":"Searing Blow+2","floor":32.0,"key":"SMITH"},{"data":"Searing Blow+3","floor":40.0,"key":"SMITH"},{"floor":42.0,"key":"REST"},{"data":"Searing Blow+4","floor":44.0,"key":"SMITH"},{"floor":49,"key":"REST"}],"circlet_count":0,"master_deck":["Strike_R","Defend_R","Defend_R+1","Defend_R","Defend_R","Bludgeon+1","Ghostly Armor","Headbutt+1","Ghostly Armor+1","Battle Trance+1","Immolate","True Grit","Searing Blow+5","Seeing Red+1","Offering","Armaments","Madness","Madness","Offering","Pommel Strike+1","True Grit+1"],"relics":["Burning Blood","Golden Idol","StrikeDummy","Nunchaku","Gremlin Horn","Blood Vial","Gambling Chip","Mark of Pain","Potion Belt","War Paint","Question Card","Pen Nib","Ancient Tea Set","Runic Cube","Red Mask","Bird Faced Urn","Darkstone Periapt","Boot"],"acts_visited":["Exordium","TheCity","TheBeyond"],"potions_floor_usage":[47,47,50,50],"damage_taken":[{"damage":1.0,"enemies":"Jaw Worm","floor":1.0,"turns":3.0},{"damage":0.0,"enemies":"2 Louse","floor":2.0,"turns":2.0},{"damage":6.0,"enemies":"Cultist","floor":5.0,"turns":3.0},{"damage":26.0,"enemies":"Lagavulin","floor":6.0,"turns":6.0},{"damage":20.0,"enemies":"Gremlin Nob","floor":8.0,"turns":4.0},{"damage":0.0,"enemies":"Exordium Thugs","floor":11.0,"turns":3.0},{"damage":0.0,"enemies":"3 Sentries","floor":12.0,"turns":6.0},{"damage":10.0,"enemies":"Gremlin Nob","floor":14.0,"turns":4.0},{"damage":57.0,"enemies":"The Guardian","floor":16.0,"turns":9.0},{"damage":4.0,"enemies":"Shell Parasite","floor":18.0,"turns":3.0},{"damage":0.0,"enemies":"2 Thieves","floor":21.0,"turns":3.0},{"damage":0.0,"enemies":"Snecko","floor":22.0,"turns":3.0},{"damage":27.0,"enemies":"Gremlin Leader","floor":23.0,"turns":4.0},{"damage":18.0,"enemies":"Snake Plant","floor":24.0,"turns":3.0},{"damage":0.0,"enemies":"Slavers","floor":29.0,"turns":1.0},{"damage":20.0,"enemies":"Gremlin Leader","floor":31.0,"turns":3.0},{"damage":29.0,"enemies":"Automaton","floor":33.0,"turns":6.0},{"damage":6.0,"enemies":"3 Darklings","floor":35.0,"turns":2.0},{"damage":12.0,"enemies":"3 Shapes","floor":38.0,"turns":3.0},{"damage":34.0,"enemies":"Giant Head","floor":41.0,"turns":6.0},{"damage":6,"enemies":"Jaw Worm Horde","floor":46,"turns":2},{"damage":34,"enemies":"Nemesis","floor":47,"turns":5},{"damage":81,"enemies":"Time Eater","floor":50,"turns":7}],"seed_played":"5456751336846682793","potions_obtained":[{"floor":2.0,"key":"Energy Potion"},{"floor":4.0,"key":"FairyPotion"},{"floor":4.0,"key":"GamblersBrew"},{"floor":6.0,"key":"Swift Potion"},{"floor":12.0,"key":"LiquidMemories"},{"floor":18.0,"key":"DuplicationPotion"},{"floor":31.0,"key":"PowerPotion"},{"floor":35.0,"key":"ColorlessPotion"},{"floor":41.0,"key":"SkillPotion"},{"floor":46,"key":"AttackPotion"}],"is_trial":false,"path_per_floor":["M","M","?","?","M","E","R","E","T","R","M","E","R","E","R","B",null,"M","$","?","M","M","E","M","$","T","R","?","E","R","E","R","B",null,"M","?","$","M","?","R","E","R","T","R","?","M","E","$","R","B"],"character_chosen":"IRONCLAD","items_purchased":["True Grit","War Paint","Offering","PowerPotion"],"campfire_rested":2,"item_purchase_floors":[19,25,37,48],"current_hp_per_floor":[80,80,60,60,60,40,40,26,26,26,32,38,38,36,36,12,80,80,80,74,80,80,59,49,49,49,49,49,57,57,45,45,24,80,80,70,70,66,66,66,40,64,64,64,64,66,40,40,64,0,0],"gold":41,"neow_bonus":"THREE_RARE_CARDS","is_daily":false,"chose_seed":false,"campfire_upgraded":9,"win_rate":0.0,"timestamp":1609983753,"path_taken":["M","M","?","?","M","E","R","E","T","R","M","E","R","E","R","BOSS","M","$","?","M","?","E","M","$","T","R","?","E","R","E","R","BOSS","M","?","$","M","?","R","E","R","T","R","?","?","E","?","R","BOSS"],"items_purchased_type":["Card","Relic","Card","Potion"],"build_version":"2020-12-22","purchased_purges":3,"victory":false,"max_hp_per_floor":[80,80,80,80,80,80,80,80,80,80,80,80,80,80,80,80,80,80,80,80,80,80,80,80,80,80,80,80,80,80,80,80,80,80,80,80,80,80,80,80,80,80,80,80,80,80,80,80,80,80,80],"card_choices":[{"not_picked":["Impervious","Offering"],"picked":"Bludgeon","floor":0.0},{"not_picked":["Heavy Blade","Body Slam","Pommel Strike"],"picked":"SKIP","floor":1.0},{"not_picked":["Rupture","Intimidate"],"picked":"Ghostly Armor","floor":2.0},{"not_picked":["Burning Pact","Clothesline","Thunderclap"],"picked":"SKIP","floor":5.0},{"not_picked":["Flex","Clothesline"],"picked":"Headbutt","floor":6.0},{"not_picked":["Havoc","Wild Strike","Rupture"],"picked":"SKIP","floor":8.0},{"not_picked":["Sentinel","Perfected Strike"],"picked":"Ghostly Armor","floor":11.0},{"not_picked":["Thunderclap","Cleave"],"picked":"Battle Trance","floor":12.0},{"not_picked":["Demon Form","Double Tap","Blood for Blood"],"picked":"SKIP","floor":14.0},{"not_picked":["Double Tap","Exhume"],"picked":"Immolate","floor":16.0},{"not_picked":["Entrench","Heavy Blade","Havoc"],"picked":"SKIP","floor":18.0},{"not_picked":["Warcry","Havoc","Sword Boomerang"],"picked":"SKIP","floor":21.0},{"not_picked":["Cleave+1","Dual Wield+1"],"picked":"Searing Blow","floor":22.0},{"not_picked":["Clothesline+1","Twin Strike"],"picked":"Seeing Red+1","floor":23.0},{"not_picked":["Clash","Intimidate","Warcry"],"picked":"SKIP","floor":24.0},{"not_picked":["Pummel","Inflame+1","Body Slam+1","Clash"],"picked":"SKIP","floor":29.0},{"not_picked":["Armaments","Battle Trance","Whirlwind"],"picked":"Offering","floor":31.0},{"not_picked":["Armaments","True Grit","Heavy Blade+1","Cleave+1"],"picked":"SKIP","floor":35.0},{"not_picked":["True Grit","Heavy Blade+1","Cleave+1"],"picked":"Armaments","floor":35.0},{"not_picked":["Warcry","Flame Barrier","Headbutt","Anger"],"picked":"SKIP","floor":38.0},{"not_picked":["Juggernaut","Cleave+1","Pummel+1"],"picked":"Pommel Strike+1","floor":41.0},{"not_picked":["Clothesline+1","Inflame","Clash"],"picked":"True Grit+1","floor":46},{"not_picked":["Rampage","Metallicize","Flex+1","Seeing Red+1"],"picked":"SKIP","floor":47}],"player_experience":805417,"relics_obtained":[{"floor":6.0,"key":"StrikeDummy"},{"floor":8.0,"key":"Nunchaku"},{"floor":9.0,"key":"Gremlin Horn"},{"floor":12.0,"key":"Blood Vial"},{"floor":14.0,"key":"Gambling Chip"},{"floor":23.0,"key":"Potion Belt"},{"floor":26.0,"key":"Question Card"},{"floor":29.0,"key":"Pen Nib"},{"floor":31.0,"key":"Ancient Tea Set"},{"floor":41.0,"key":"Bird Faced Urn"},{"floor":43.0,"key":"Darkstone Periapt"},{"floor":47,"key":"Boot"}],"event_choices":[{"damage_healed":0.0,"max_hp_gain":0.0,"max_hp_loss":0.0,"gold_gain":0.0,"event_name":"Golden Idol","player_choice":"Take Damage","floor":3.0,"gold_loss":0.0,"damage_taken":20.0,"relics_obtained":["Golden Idol"]},{"damage_healed":0.0,"max_hp_gain":0.0,"max_hp_loss":0.0,"gold_gain":0.0,"event_name":"Lab","player_choice":"Got Potions","floor":4.0,"gold_loss":0.0,"damage_taken":0.0},{"damage_healed":0.0,"max_hp_gain":0.0,"max_hp_loss":0.0,"gold_gain":0.0,"event_name":"Knowing Skull","player_choice":"","floor":20.0,"potions_obtained":[],"gold_loss":0.0,"damage_taken":6.0,"cards_obtained":[]},{"cards_removed":["Strike_R"],"damage_healed":0.0,"max_hp_gain":0.0,"max_hp_loss":0.0,"gold_gain":0.0,"event_name":"Back to Basics","player_choice":"Elegance","floor":28.0,"gold_loss":0.0,"damage_taken":0.0},{"damage_healed":0.0,"max_hp_gain":0.0,"max_hp_loss":0.0,"gold_gain":0.0,"event_name":"Winding Halls","player_choice":"Embrace Madness","floor":36.0,"gold_loss":0.0,"damage_taken":10.0,"cards_obtained":["Madness","Madness"]},{"damage_healed":0.0,"max_hp_gain":0.0,"max_hp_loss":0.0,"gold_gain":0.0,"event_name":"Tomb of Lord Red Mask","player_choice":"Paid","floor":39.0,"gold_loss":75.0,"damage_taken":0.0,"relics_obtained":["Red Mask"]},{"cards_removed":["Bash"],"damage_healed":0.0,"max_hp_gain":0.0,"max_hp_loss":0.0,"gold_gain":0.0,"event_name":"Falling","player_choice":"Removed Attack","floor":45.0,"gold_loss":0.0,"damage_taken":0.0}],"is_beta":false,"boss_relics":[{"not_picked":["Empty Cage","Ectoplasm"],"picked":"Mark of Pain"},{"not_picked":["Busted Crown","Runic Pyramid"],"picked":"Runic Cube"}],"items_purged_floors":[19,25,37],"is_endless":false,"potions_floor_spawned":[2,5,6,12,18,21,31,35,41,46],"killed_by":"Time Eater","ascension_level":1}}