{"host":"2lrkmsuh7nz013qb","time":1609983338,"event":{"mods":["BaseMod","Colored Map","DeckTracker","Minty Spire (QoL Compilation)","SuperFastMode","everything is the same but u backflip on backflip"],"gold_per_floor":[111,129,129,129,142,142,159,159,159,179,35,58,72,89,89,166,166,178,28,28,28,47,47,60,60,60],"floor_reached":25,"playtime":841,"items_purged":["Defend_G"],"score":390,"play_id":"d8e09ed3-57f3-4ace-8b0d-c334c9a1c00b","local_time":"20210107103538","is_ascension_mode":true,"campfire_choices":[{"data":"Dagger Throw","floor":6,"key":"SMITH"},{"data":"Neutralize","floor":15,"key":"SMITH"},{"floor":23,"key":"REST"}],"circlet_count":0,"master_deck":["AscendersBane","Strike_G","Strike_G","Strike_G","Strike_G","Defend_G","Defend_G","Defend_G","Defend_G","Survivor","Neutralize+1","Dagger Throw+1","Backflip","Heel Hook","Tactician","Underhanded Strike","Prepared","Underhanded Strike","Acrobatics","Grand Finale"],"relics":["Ring of the Snake","Lizard Tail","Smiling Mask","HornCleat"],"acts_visited":["Exordium","TheCity"],"potions_floor_usage":[10,16,16,24],"damage_taken":[{"damage":2,"enemies":"Jaw Worm","floor":1,"turns":5},{"damage":0,"enemies":"Cultist","floor":2,"turns":4},{"damage":2,"enemies":"2 Louse","floor":5,"turns":3},{"damage":0,"enemies":"2 Fungi Beasts","floor":7,"turns":4},{"damage":0,"enemies":"Large Slime","floor":10,"turns":8},{"damage":0,"enemies":"Red Slaver","floor":13,"turns":3},{"damage":0,"enemies":"2 Fungi Beasts","floor":14,"turns":3},{"damage":54,"enemies":"Slime Boss","floor":16,"turns":9},{"damage":33,"enemies":"Chosen","floor":18,"turns":6},{"damage":3,"enemies":"Shell Parasite","floor":22,"turns":3},{"damage":6,"enemies":"Centurion and Healer","floor":24,"turns":10},{"damage":41,"enemies":"Snecko","floor":25,"turns":5}],"seed_played":"-6677643477122380581","potions_obtained":[{"floor":2,"key":"Fire Potion"},{"floor":7,"key":"Fire Potion"},{"floor":10,"key":"Dexterity Potion"},{"floor":13,"key":"FearPotion"},{"floor":18,"key":"SkillPotion"}],"is_trial":false,"path_per_floor":["M","M","?","?","M","R","M","?","T","M","$","T","M","M","R","B",null,"M","$","?","$","M","R","M","M"],"character_chosen":"THE_SILENT","items_purchased":["Tactician","Underhanded Strike","Grand Finale"],"campfire_rested":1,"item_purchase_floors":[11,11,19],"current_hp_per_floor":[42,42,47,47,45,45,45,45,45,45,45,45,45,45,45,31,61,28,28,28,28,25,46,40,0,0],"gold":60,"neow_bonus":"ONE_RARE_RELIC","is_daily":false,"chose_seed":false,"campfire_upgraded":2,"win_rate":0.0,"timestamp":1609983338,"path_taken":["M","M","?","?","?","R","M","?","T","?","$","?","M","M","R","BOSS","M","$","?","$","M","R","M","M"],"items_purchased_type":["Card","Card","Card"],"build_version":"2020-12-22","purchased_purges":1,"victory":false,"max_hp_per_floor":[66,66,71,71,71,71,71,71,71,71,71,71,71,71,71,71,71,71,71,71,71,71,71,71,71,71],"card_choices":[{"not_picked":["Deadly Poison","Dodge and Roll"],"picked":"Dagger Throw","floor":1},{"not_picked":["Expertise","Catalyst","Dodge and Roll"],"picked":"SKIP","floor":2},{"not_picked":["Blur","Leg Sweep","Outmaneuver"],"picked":"SKIP","floor":5},{"not_picked":["Poisoned Stab","Dodge and Roll"],"picked":"Backflip","floor":7},{"not_picked":["Poisoned Stab","Setup","Cloak And Dagger"],"picked":"SKIP","floor":10},{"not_picked":["Tactician","Envenom"],"picked":"Prepared","floor":13},{"not_picked":["Blade Dance","PiercingWail"],"picked":"Underhanded Strike","floor":14},{"not_picked":["Blur","Eviscerate"],"picked":"Acrobatics","floor":18},{"not_picked":["Choke","Poisoned Stab","Bane"],"picked":"SKIP","floor":22},{"not_picked":["Sucker Punch","Underhanded Strike","Dagger Throw"],"picked":"SKIP","floor":24}],"player_experience":733264,"relics_obtained":[{"floor":9,"key":"HornCleat"}],"event_choices":[{"damage_healed":0,"gold_gain":0,"player_choice":"Donut","damage_taken":0,"max_hp_gain":5,"max_hp_loss":0,"event_name":"Big Fish","floor":3,"gold_loss":0},{"damage_healed":0,"gold_gain":0,"player_choice":"Gave Potion","damage_taken":0,"relics_obtained":["Smiling Mask"],"max_hp_gain":0,"max_hp_loss":0,"event_name":"WeMeetAgain","floor":4,"gold_loss":0},{"damage_healed":0,"gold_gain":0,"cards_transformed":["Strike_G"],"player_choice":"Transformed","damage_taken":0,"max_hp_gain":0,"max_hp_loss":0,"event_name":"Transmorgrifier","floor":8,"gold_loss":0,"cards_obtained":["Heel Hook"]},{"damage_healed":0,"gold_gain":0,"player_choice":"Ignored","damage_taken":0,"max_hp_gain":0,"max_hp_loss":0,"event_name":"Vampires","floor":20,"gold_loss":0}],"is_beta":false,"boss_relics":[{"not_picked":["Coffee Dripper","Fusion Hammer","Velvet Choker"]}],"items_purged_floors":[11],"is_endless":false,"potions_floor_spawned":[2,7,10,13,18],"killed_by":"Snecko","ascension_level":20}}