{"host":"2jhbwynnnm7tuht1","time":1609994485,"event":{"mods":["AchievementEnabler","BaseMod","Bestiary","Colored Powertips","Highlight Path","Minty Spire (QoL Compilation)"],"gold_per_floor":[113,113,137,137,161,161,182,205,205,248,268,282,282,296,296,426,426,442,458,483,497,520,556,556,572,646,100000033,100000033,100000046,100000084,100000103,100000103,100000231,100000231,100000254,0,0,19,19,19,34,69,69,94,118,118,118,451,451,451],"floor_reached":51,"playtime":4871,"items_purged":[],"score":1081,"play_id":"b5d96652-06ce-43d2-9915-fcb923407863","local_time":"20210106214125","is_ascension_mode":false,"campfire_choices":[{"data":"Zap","floor":6.0,"key":"SMITH"},{"floor":13.0,"key":"REST"},{"floor":15.0,"key":"REST"},{"floor":28.0,"key":"REST"},{"floor":32.0,"key":"REST"},{"floor":40.0,"key":"REST"},{"data":"Rainbow","floor":49.0,"key":"SMITH"}],"circlet_count":0,"master_deck":["Seek+1","Seek+1","Seek+1","Echo Form+1","Chill+1","Chill+1","Chill+1","Coolheaded+1","Streamline+1","Streamline+1","Defragment+1","Loop+1","Self Repair+1","Reinforced Body+1","Static Discharge+1","Electrodynamics+1","Multi-Cast+1","Buffer+1","FTL+1","FTL+1","Capacitor+1","Rainbow+1"],"relics":["Cracked Core"],"acts_visited":[],"potions_floor_usage":[],"damage_taken":[{"damage":8.0,"enemies":"Jaw Worm","floor":1.0,"turns":3.0},{"damage":5.0,"enemies":"Small Slimes","floor":3.0,"turns":2.0},{"damage":1.0,"enemies":"Cultist","floor":5.0,"turns":3.0},{"damage":4.0,"enemies":"Gremlin Gang","floor":7.0,"turns":4.0},{"damage":0.0,"enemies":"Exordium Thugs","floor":8.0,"turns":2.0},{"damage":4.0,"enemies":"3 Sentries","floor":10.0,"turns":2.0},{"damage":10.0,"enemies":"Looter","floor":11.0,"turns":2.0},{"damage":11.0,"enemies":"Large Slime","floor":12.0,"turns":3.0},{"damage":0.0,"enemies":"Lots of Slimes","floor":14.0,"turns":1.0},{"damage":0.0,"enemies":"Slime Boss","floor":16.0,"turns":2.0},{"damage":0.0,"enemies":"Shell Parasite","floor":18.0,"turns":4.0},{"damage":1.0,"enemies":"2 Thieves","floor":19.0,"turns":3.0},{"damage":10.0,"enemies":"Sentry and Sphere","floor":20.0,"turns":4.0},{"damage":7.0,"enemies":"Snake Plant","floor":21.0,"turns":3.0},{"damage":0.0,"enemies":"Centurion and Healer","floor":22.0,"turns":4.0},{"damage":0.0,"enemies":"Slavers","floor":23.0,"turns":4.0},{"damage":0.0,"enemies":"3 Cultists","floor":25.0,"turns":2.0},{"damage":0.0,"enemies":"Cultist and Chosen","floor":29.0,"turns":2.0},{"damage":10.0,"enemies":"Book of Stabbing","floor":30.0,"turns":2.0},{"damage":0.0,"enemies":"Centurion and Healer","floor":31.0,"turns":1.0},{"damage":0.0,"enemies":"Collector","floor":33.0,"turns":3.0},{"damage":15.0,"enemies":"Orb Walker","floor":35.0,"turns":2.0},{"damage":0.0,"enemies":"3 Shapes","floor":38.0,"turns":1.0},{"damage":0.0,"enemies":"Writhing Mass","floor":39.0,"turns":1.0},{"damage":0.0,"enemies":"Maw","floor":41.0,"turns":1.0},{"damage":0.0,"enemies":"Reptomancer","floor":42.0,"turns":1.0},{"damage":17.0,"enemies":"Jaw Worm Horde","floor":44.0,"turns":2.0},{"damage":8.0,"enemies":"Sphere and 2 Shapes","floor":45.0,"turns":2.0},{"damage":0.0,"enemies":"Writhing Mass","floor":47.0,"turns":1.0},{"damage":0.0,"enemies":"Donu and Deca","floor":50.0,"turns":1.0}],"seed_played":"-7053155205834044114","potions_obtained":[{"floor":1.0,"key":"EntropicBrew"},{"floor":3.0,"key":"LiquidMemories"},{"floor":8.0,"key":"GamblersBrew"},{"floor":29.0,"key":"FearPotion"},{"floor":31.0,"key":"AttackPotion"}],"is_trial":false,"path_per_floor":["M","?","M","?","M","R","M","M","T","E","M","M","R","M","R","B",null,"M","M","M","M","M","E","?","M","T","$","R","M","E","M","R","B",null,"M","?","?","M","M","R","M","E","T","M","M","$","M","?","R","B",null],"character_chosen":"DEFECT","items_purchased":["Blood Vial","Incense Burner","Sling"],"campfire_rested":5,"item_purchase_floors":[27,27,27],"current_hp_per_floor":[74,54,49,49,48,48,44,44,44,40,30,1081,1081,1081,1081,1081,1081,1081,1081,1081,1074,1081,1081,1081,1081,1081,1081,1081,1081,1081,1081,1081,1081,1081,1076,1076,1027,1027,1027,1027,1027,1027,1027,1010,1004,1004,1006,1006,1006,1006],"gold":451,"neow_bonus":"TEN_PERCENT_HP_BONUS","is_daily":false,"chose_seed":false,"campfire_upgraded":2,"win_rate":0.0,"timestamp":1609994485,"path_taken":["M","?","M","?","M","R","M","M","T","E","M","M","R","?","R","BOSS","M","M","M","M","?","E","?","M","T","$","R","M","E","M","R","BOSS","M","?","?","M","M","R","M","E","T","M","M","$","M","?","R","BOSS"],"items_purchased_type":["Relic","Relic","Relic"],"build_version":"2020-12-22","purchased_purges":0,"victory":true,"max_hp_per_floor":[82,82,82,82,82,82,82,82,82,82,82,1081,1081,1081,1081,1081,1081,1081,1081,1081,1081,1081,1081,1081,1081,1081,1081,1081,1081,1081,1081,1081,1081,1081,1081,1081,1027,1027,1027,1027,1027,1027,1027,1027,1027,1027,1027,1027,1027,1027],"card_choices":[{"not_picked":["Aggregate","Stack"],"picked":"Rip and Tear","floor":1.0},{"not_picked":["Leap","Hologram"],"picked":"Loop","floor":3.0},{"not_picked":["Consume","Steam"],"picked":"Glacier","floor":5.0},{"not_picked":["Heatsinks","Aggregate"],"picked":"Ball Lightning","floor":7.0},{"not_picked":["Conserve Battery","Reprogram"],"picked":"Redo","floor":8.0},{"not_picked":["Steam","Auto Shields"],"picked":"Storm","floor":10.0},{"not_picked":["Rip and Tear","Redo","Aggregate"],"picked":"SKIP","floor":11.0},{"not_picked":["Stack","Barrage"],"picked":"Consume","floor":12.0},{"not_picked":["Chaos","Barrage"],"picked":"Machine Learning","floor":13.0},{"not_picked":["Coolheaded","Gash"],"picked":"Steam","floor":14.0},{"not_picked":["Genetic Algorithm","Aggregate"],"picked":"Conserve Battery","floor":15.0},{"not_picked":["Cold Snap","Steam","Streamline"],"picked":"SKIP","floor":18.0},{"not_picked":["Scrape+1","Gash+1","Conserve Battery"],"picked":"SKIP","floor":19.0},{"not_picked":["Heatsinks","Reinforced Body","Blizzard"],"picked":"SKIP","floor":20.0},{"not_picked":["Doom and Gloom","Barrage","Redo"],"picked":"SKIP","floor":21.0},{"not_picked":["Double Energy","Gash","Ball Lightning+1"],"picked":"SKIP","floor":22.0},{"not_picked":["FTL+1","Capacitor","Force Field"],"picked":"SKIP","floor":23.0},{"not_picked":["Coolheaded","Barrage","Cold Snap"],"picked":"SKIP","floor":25.0},{"not_picked":["Chaos","Heatsinks","Beam Cell"],"picked":"SKIP","floor":29.0},{"not_picked":["Beam Cell+1","Hologram","Ball Lightning+1"],"picked":"SKIP","floor":30.0},{"not_picked":["Coolheaded","FTL+1","Gash+1"],"picked":"SKIP","floor":31.0},{"not_picked":["Compile Driver+1","Barrage+1","Storm"],"picked":"SKIP","floor":35.0},{"not_picked":["Steam","Force Field","Stack"],"picked":"SKIP","floor":38.0},{"not_picked":["Chill+1","Sweeping Beam+1","Consume"],"picked":"SKIP","floor":39.0},{"not_picked":["Hologram","Static Discharge","Leap"],"picked":"SKIP","floor":41.0},{"not_picked":["Hello World","Beam Cell","Gash+1"],"picked":"SKIP","floor":42.0},{"not_picked":["Steam","Leap+1"],"picked":"Rainbow","floor":44.0},{"not_picked":["Streamline+1","Go for the Eyes+1","Blizzard+1"],"picked":"SKIP","floor":45.0},{"not_picked":["Force Field","Streamline+1","Barrage+1"],"picked":"SKIP","floor":47.0}],"player_experience":83922,"relics_obtained":[{"floor":9.0,"key":"White Beast Statue"},{"floor":10.0,"key":"Dream Catcher"},{"floor":23.0,"key":"Matryoshka"},{"floor":26.0,"key":"Oddly Smooth Stone"},{"floor":26.0,"key":"HornCleat"},{"floor":30.0,"key":"Regal Pillow"},{"floor":42.0,"key":"Boot"},{"floor":43.0,"key":"Gremlin Horn"},{"floor":43.0,"key":"Molten Egg 2"}],"event_choices":[{"damage_healed":0.0,"max_hp_gain":0.0,"max_hp_loss":0.0,"gold_gain":0.0,"event_name":"Golden Idol","player_choice":"Take Damage","floor":2.0,"gold_loss":0.0,"damage_taken":20.0,"relics_obtained":["Golden Idol"]},{"damage_healed":0.0,"max_hp_gain":0.0,"max_hp_loss":0.0,"gold_gain":0.0,"event_name":"Upgrade Shrine","player_choice":"Upgraded","floor":4.0,"gold_loss":0.0,"damage_taken":0.0,"cards_upgraded":["Loop"]},{"damage_healed":0.0,"max_hp_gain":0.0,"max_hp_loss":0.0,"gold_gain":0.0,"event_name":"The Mausoleum","player_choice":"Ignored","floor":24.0,"gold_loss":0.0,"damage_taken":0.0},{"damage_healed":0.0,"max_hp_gain":0.0,"max_hp_loss":0.0,"gold_gain":0.0,"event_name":"Tomb of Lord Red Mask","player_choice":"Paid","floor":36.0,"gold_loss":1.00000254E8,"damage_taken":0.0,"relics_obtained":["Red Mask"]},{"damage_healed":0.0,"max_hp_gain":0.0,"max_hp_loss":54.0,"gold_gain":0.0,"event_name":"Winding Halls","player_choice":"Max HP","floor":37.0,"gold_loss":0.0,"damage_taken":0.0},{"damage_healed":0.0,"max_hp_gain":0.0,"max_hp_loss":0.0,"gold_gain":333.0,"event_name":"The Moai Head","player_choice":"Gave Idol","floor":48.0,"relics_lost":["Golden Idol"],"gold_loss":0.0,"damage_taken":0.0}],"is_beta":false,"boss_relics":[{"not_picked":["Empty Cage","Philosopher\u0027s Stone"],"picked":"Nuclear Battery"},{"not_picked":["Pandora\u0027s Box","Black Star"],"picked":"Runic Pyramid"}],"items_purged_floors":[],"is_endless":false,"potions_floor_spawned":[1,3,8,10,11,12,14,16,18,19,20,21,22,23,25,29,30,31,33,35,38,39,41,42,44,45,47],"ascension_level":0}}