{"host":"bxn2em57qlx5u4i0","time":1609981839,"event":{"mods":["BaseMod","Colored Map","Colored Powertips","Highlight Path","Minty Spire (QoL Compilation)","Random Character Button","Relic Sorter","Relic Stats","StSLib","SuperFastMode"],"gold_per_floor":[414,414,414,426,426,457,457,489,489,519,553,579,219,246,246,318,318,330,83,83,83,109,135,161,189,189,221,255,273,300,326,326,402,402,412,412,211,221,253,283,283,263,263,288,323,357,386,396,396,396,396,396,396,45,70,70],"floor_reached":57,"playtime":1942,"items_purged":["Deadly Poison","Predator"],"score":4458,"play_id":"c2992186-f30a-411c-9d16-b3643b2dbf88","local_time":"20210106201039","daily_mods":["SealedDeck","Heirloom","Flight","DeadlyEvents"],"is_ascension_mode":true,"campfire_choices":[{"data":"Footwork","floor":7,"key":"SMITH"},{"data":"Well Laid Plans","floor":15,"key":"SMITH"},{"data":"After Image","floor":32,"key":"SMITH"},{"floor":49,"key":"RECALL"},{"data":"After Image","floor":53,"key":"SMITH"}],"circlet_count":0,"master_deck":["AscendersBane","PiercingWail","Dodge and Roll","Deflect","Noxious Fumes+1","Backflip","Dodge and Roll","Footwork+1","Backflip","Adrenaline","Neutralize","PiercingWail+1","Catalyst+1","Deadly Poison+1","Well Laid Plans+1","Apotheosis+1","Bouncing Flask+1","After Image+1","Blur+1","Catalyst+1","Adrenaline+1","After Image+1","Catalyst+1"],"relics":["Ring of the Snake","Old Coin","Question Card","Mango","Toxic Egg 2","Eternal Feather","Bottled Flame","Meat on the Bone","Mummified Hand","OrangePellets","Anchor","Sozu","Membership Card","Omamori","Regal Pillow","Kunai","Art of War","Dream Catcher","Bronze Scales","Singing Bowl","Darkstone Periapt","Matryoshka","Vajra","Boot","Calling Bell","Oddly Smooth Stone","HornCleat","Bird Faced Urn","Prayer Wheel","Pear","Bottled Tornado","Strawberry","Shuriken","Snake Skull","Nunchaku","Ancient Tea Set","Paper Crane","The Specimen","InkBottle","Pen Nib"],"acts_visited":["Exordium","TheCity","TheBeyond","TheEnding"],"potions_floor_usage":[12,56,56],"damage_taken":[{"damage":0,"enemies":"Cultist","floor":1,"turns":3},{"damage":0,"enemies":"Jaw Worm","floor":4,"turns":4},{"damage":32,"enemies":"Gremlin Nob","floor":6,"turns":4},{"damage":0,"enemies":"Lagavulin","floor":8,"turns":6},{"damage":22,"enemies":"Gremlin Nob","floor":10,"turns":4},{"damage":0,"enemies":"Lagavulin","floor":11,"turns":6},{"damage":0,"enemies":"Gremlin Nob","floor":12,"turns":3},{"damage":0,"enemies":"Lagavulin","floor":14,"turns":5},{"damage":0,"enemies":"Hexaghost","floor":16,"turns":4},{"damage":0,"enemies":"Shell Parasite","floor":18,"turns":3},{"damage":2,"enemies":"Gremlin Leader","floor":22,"turns":5},{"damage":0,"enemies":"Slavers","floor":23,"turns":6},{"damage":10,"enemies":"Book of Stabbing","floor":24,"turns":4},{"damage":8,"enemies":"Slavers","floor":25,"turns":5},{"damage":0,"enemies":"Gremlin Leader","floor":27,"turns":5},{"damage":0,"enemies":"Book of Stabbing","floor":28,"turns":4},{"damage":0,"enemies":"Chosen","floor":29,"turns":3},{"damage":0,"enemies":"Slavers","floor":30,"turns":6},{"damage":0,"enemies":"Automaton","floor":33,"turns":4},{"damage":0,"enemies":"3 Shapes","floor":35,"turns":4},{"damage":0,"enemies":"3 Darklings","floor":38,"turns":4},{"damage":12,"enemies":"Reptomancer","floor":39,"turns":5},{"damage":0,"enemies":"Nemesis","floor":40,"turns":3},{"damage":0,"enemies":"Reptomancer","floor":44,"turns":4},{"damage":0,"enemies":"Nemesis","floor":45,"turns":1},{"damage":0,"enemies":"Giant Head","floor":46,"turns":4},{"damage":0,"enemies":"Reptomancer","floor":47,"turns":3},{"damage":0,"enemies":"Jaw Worm Horde","floor":48,"turns":4},{"damage":0,"enemies":"Donu and Deca","floor":50,"turns":7},{"damage":0,"enemies":"Awakened One","floor":51,"turns":12},{"damage":0,"enemies":"Shield and Spear","floor":55,"turns":5},{"damage":43,"enemies":"The Heart","floor":56,"turns":7}],"seed_played":"5831914643124499272","potions_obtained":[{"floor":8,"key":"BlessingOfTheForge"},{"floor":11,"key":"SkillPotion"},{"floor":12,"key":"Block Potion"}],"is_trial":true,"path_per_floor":["M","T","?","M","?","E","R","E","T","E","E","E","$","E","R","B",null,"M","$","?","?","E","E","E","E","T","E","E","M","E","T","R","B",null,"M","?","$","M","E","E","$","?","T","E","E","E","E","M","R","B","B",null,"R","$","E","B",null],"character_chosen":"THE_SILENT","items_purchased":["Apotheosis+1","OrangePellets","Membership Card","Omamori","Prayer Wheel","The Specimen","InkBottle"],"campfire_rested":0,"item_purchase_floors":[13,13,19,19,37,54,54],"current_hp_per_floor":[59,59,59,59,59,41,41,41,41,19,19,31,31,43,55,55,74,74,74,74,74,72,72,62,54,54,56,58,60,60,60,72,72,83,88,88,88,92,92,104,104,104,111,115,117,119,121,123,123,123,123,123,123,123,125,86],"gold":70,"neow_bonus":"","is_daily":false,"chose_seed":false,"campfire_upgraded":4,"win_rate":0.0,"timestamp":1609981839,"path_taken":["M","?","?","?","?","E","R","?","T","?","E","E","$","E","R","BOSS","M","$","?","?","?","E","E","?","T","E","E","?","E","?","R","BOSS","M","?","?","?","?","E","$","?","T","E","?","E","E","M","R","BOSS","BOSS","R","$","E","BOSS"],"items_purchased_type":["Card","Relic","Relic","Relic","Relic","Relic","Relic"],"build_version":"2020-12-22","purchased_purges":2,"victory":true,"max_hp_per_floor":[66,66,66,66,66,80,80,80,80,80,80,80,80,80,80,80,80,80,80,80,80,80,80,80,80,80,82,84,86,86,86,86,86,86,88,88,88,92,104,106,106,106,113,115,117,119,121,123,123,123,123,123,123,123,125,125],"relic_stats":{"Darkstone Periapt":0,"Regal Pillow":0,"Singing Bowl":28,"counters":[32,147],"Eternal Feather":24,"Snake Skull":[137],"Pen Nib":[0],"Question Card":31,"Boot":[20],"Sozu":8,"OrangePellets":[5],"Dream Catcher":0,"Nunchaku":[2],"Mummified Hand":[112],"Shuriken":[0],"Bronze Scales":[372],"Bird Faced Urn":[19],"Prayer Wheel":2,"Art of War":[27],"Kunai":[0],"obtain_stats":[{"Darkstone Periapt":28,"Regal Pillow":20,"Singing Bowl":27,"Vajra":31,"Mango":6,"Snake Skull":44,"Bottled Tornado":40,"Boot":31,"Ancient Tea Set":46,"Old Coin":0,"Sozu":17,"Dream Catcher":24,"Nunchaku":45,"Matryoshka":30,"HornCleat":34,"Mummified Hand":12,"Strawberry":43,"Prayer Wheel":37,"Kunai":22,"Toxic Egg 2":8,"InkBottle":54,"Ring of the Snake":0,"Pear":39,"The Specimen":54,"Oddly Smooth Stone":34,"Eternal Feather":9,"Pen Nib":55,"Omamori":19,"Paper Crane":47,"Question Card":2,"Calling Bell":34,"OrangePellets":13,"Bottled Flame":10,"Anchor":14,"Shuriken":43,"Bronze Scales":25,"Bird Faced Urn":34,"Art of War":23,"Membership Card":19,"Meat on the Bone":11},{"Darkstone Periapt":16,"Regal Pillow":10,"Singing Bowl":15,"Vajra":18,"Mango":3,"Snake Skull":24,"Bottled Tornado":23,"Boot":18,"Ancient Tea Set":26,"Old Coin":0,"Sozu":9,"Dream Catcher":13,"Nunchaku":25,"Matryoshka":18,"HornCleat":19,"Mummified Hand":7,"Strawberry":23,"Prayer Wheel":20,"Kunai":11,"Toxic Egg 2":4,"InkBottle":30,"Ring of the Snake":0,"Pear":22,"The Specimen":30,"Oddly Smooth Stone":19,"Eternal Feather":4,"Pen Nib":31,"Omamori":10,"Paper Crane":27,"Question Card":1,"Calling Bell":19,"OrangePellets":7,"Bottled Flame":5,"Anchor":8,"Shuriken":23,"Bronze Scales":14,"Bird Faced Urn":19,"Art of War":12,"Membership Card":10,"Meat on the Bone":6},{"Darkstone Periapt":71,"Regal Pillow":42,"Singing Bowl":67,"Vajra":80,"Mango":11,"Snake Skull":104,"Bottled Tornado":100,"Boot":80,"Ancient Tea Set":109,"Old Coin":0,"Sozu":39,"Dream Catcher":57,"Nunchaku":105,"Matryoshka":80,"HornCleat":84,"Mummified Hand":30,"Strawberry":100,"Prayer Wheel":88,"Kunai":47,"Toxic Egg 2":17,"InkBottle":135,"Ring of the Snake":0,"Pear":97,"The Specimen":135,"Oddly Smooth Stone":84,"Eternal Feather":17,"Pen Nib":140,"Omamori":42,"Paper Crane":112,"Question Card":3,"Calling Bell":84,"OrangePellets":30,"Bottled Flame":21,"Anchor":35,"Shuriken":100,"Bronze Scales":62,"Bird Faced Urn":84,"Art of War":53,"Membership Card":42,"Meat on the Bone":27}],"InkBottle":[6],"Ring of the Snake":[64],"Meat on the Bone":24},"card_choices":[{"not_picked":["Quick Slash","Footwork"],"picked":"Backflip","floor":1},{"not_picked":["Prepared","Flying Knee","Quick Slash","Blade Dance"],"picked":"SKIP","floor":4},{"not_picked":["Dodge and Roll","Prepared","Envenom","Cloak And Dagger"],"picked":"SKIP","floor":6},{"not_picked":["Cloak And Dagger+1","Endless Agony","Flechettes"],"picked":"PiercingWail+1","floor":8},{"not_picked":["Blade Dance+1","Slice","Flying Knee"],"picked":"Catalyst+1","floor":10},{"not_picked":["Unload","Dagger Spray","Setup+1"],"picked":"Deadly Poison+1","floor":11},{"not_picked":["Calculated Gamble+1","Reflex+1","Blade Dance+1"],"picked":"Well Laid Plans","floor":12},{"not_picked":["Underhanded Strike","Cloak And Dagger+1","PiercingWail+1"],"picked":"Bouncing Flask+1","floor":14},{"not_picked":["Adrenaline+1","Glass Knife","Malaise+1"],"picked":"After Image","floor":16},{"not_picked":["Poisoned Stab","Slice","Outmaneuver+1","Flying Knee"],"picked":"SKIP","floor":18},{"not_picked":["Slice","Dodge and Roll+1","Underhanded Strike","Acrobatics+1"],"picked":"SKIP","floor":22},{"not_picked":["Eviscerate","All Out Attack","Poisoned Stab","Backstab"],"picked":"SKIP","floor":23},{"not_picked":["Dagger Throw","Caltrops","Infinite Blades"],"picked":"Blur+1","floor":24},{"not_picked":["Dagger Throw","Well Laid Plans+1","Tactician+1"],"picked":"Catalyst+1","floor":25},{"not_picked":["Bullet Time+1","Heel Hook","Acrobatics+1","Caltrops"],"picked":"Singing Bowl","floor":27},{"not_picked":["Bullet Time+1","Dagger Throw","Sucker Punch","Footwork"],"picked":"Singing Bowl","floor":28},{"not_picked":["PiercingWail+1","Calculated Gamble+1","Bane","Dagger Spray"],"picked":"Singing Bowl","floor":29},{"not_picked":["PiercingWail+1","Reflex+1","Glass Knife"],"picked":"Adrenaline+1","floor":30},{"not_picked":["Corpse Explosion+1","Grand Finale","Night Terror+1"],"picked":"After Image","floor":33},{"not_picked":["Setup+1","Deflect+1","Wraith Form v2","Cloak And Dagger+1"],"picked":"Singing Bowl","floor":35},{"not_picked":["PiercingWail+1","Distraction+1","Masterful Stab+1","Dodge and Roll+1"],"picked":"Singing Bowl","floor":38},{"not_picked":["Backflip+1","Deadly Poison+1","Sucker Punch","Underhanded Strike"],"picked":"Singing Bowl","floor":38},{"not_picked":["Dodge and Roll+1","Slice","Underhanded Strike+1","Accuracy"],"picked":"Singing Bowl","floor":39},{"not_picked":["Setup+1","Backstab","Endless Agony","Distraction+1"],"picked":"Singing Bowl","floor":40},{"not_picked":["Outmaneuver+1","Blade Dance+1","Footwork","Die Die Die"],"picked":"Singing Bowl","floor":44},{"not_picked":["Underhanded Strike","Deadly Poison+1","Eviscerate","PiercingWail+1"],"picked":"Singing Bowl","floor":45},{"not_picked":["Tactician+1","Blade Dance+1","PiercingWail+1","Underhanded Strike"],"picked":"Singing Bowl","floor":46},{"not_picked":["Deadly Poison+1","Bane","Masterful Stab+1","Dagger Throw+1"],"picked":"Singing Bowl","floor":47},{"not_picked":["PiercingWail+1","Backstab","Slice","Predator"],"picked":"Singing Bowl","floor":48},{"not_picked":["Blade Dance+1","Heel Hook","Flying Knee+1"],"picked":"Catalyst+1","floor":48},{"not_picked":["Tactician+1","Poisoned Stab","Glass Knife","Envenom"],"picked":"Singing Bowl","floor":55}],"player_experience":2860475,"relics_obtained":[{"floor":2,"key":"Question Card"},{"floor":6,"key":"Mango"},{"floor":8,"key":"Toxic Egg 2"},{"floor":9,"key":"Eternal Feather"},{"floor":10,"key":"Bottled Flame"},{"floor":11,"key":"Meat on the Bone"},{"floor":12,"key":"Mummified Hand"},{"floor":14,"key":"Anchor"},{"floor":22,"key":"Kunai"},{"floor":23,"key":"Art of War"},{"floor":24,"key":"Dream Catcher"},{"floor":25,"key":"Bronze Scales"},{"floor":27,"key":"Singing Bowl"},{"floor":28,"key":"Darkstone Periapt"},{"floor":30,"key":"Matryoshka"},{"floor":31,"key":"Vajra"},{"floor":31,"key":"Boot"},{"floor":34,"key":"Oddly Smooth Stone"},{"floor":34,"key":"HornCleat"},{"floor":34,"key":"Bird Faced Urn"},{"floor":39,"key":"Pear"},{"floor":40,"key":"Bottled Tornado"},{"floor":43,"key":"Strawberry"},{"floor":43,"key":"Shuriken"},{"floor":44,"key":"Snake Skull"},{"floor":45,"key":"Nunchaku"},{"floor":46,"key":"Ancient Tea Set"},{"floor":47,"key":"Paper Crane"},{"floor":55,"key":"Pen Nib"}],"event_choices":[{"damage_healed":0,"gold_gain":0,"player_choice":"2 cards matched","damage_taken":0,"max_hp_gain":0,"max_hp_loss":0,"event_name":"Match and Keep!","floor":3,"gold_loss":0,"cards_obtained":["Adrenaline","Neutralize"]},{"damage_healed":0,"gold_gain":0,"player_choice":"Grow","damage_taken":0,"max_hp_gain":0,"max_hp_loss":0,"event_name":"Living Wall","floor":5,"gold_loss":0,"cards_upgraded":["Noxious Fumes"]},{"damage_healed":0,"gold_gain":0,"player_choice":"Opened","damage_taken":0,"relics_obtained":["Regal Pillow"],"max_hp_gain":0,"max_hp_loss":0,"event_name":"The Mausoleum","floor":20,"gold_loss":0,"cards_obtained":["Writhe"]},{"damage_healed":0,"gold_gain":0,"player_choice":"0 cards matched","damage_taken":0,"max_hp_gain":0,"max_hp_loss":0,"event_name":"Match and Keep!","floor":21,"gold_loss":0,"cards_obtained":[]},{"cards_removed":["Poisoned Stab"],"damage_healed":0,"gold_gain":0,"player_choice":"Removed Attack","damage_taken":0,"max_hp_gain":0,"max_hp_loss":0,"event_name":"Falling","floor":36,"gold_loss":0},{"damage_healed":0,"gold_gain":0,"player_choice":"Bought 1 Potion","damage_taken":0,"max_hp_gain":0,"max_hp_loss":0,"event_name":"The Woman in Blue","floor":42,"gold_loss":0}],"is_beta":false,"boss_relics":[{"not_picked":["Velvet Choker","SacredBark"],"picked":"Sozu"},{"not_picked":["Snecko Eye","Tiny House"],"picked":"Calling Bell"}],"items_purged_floors":[37,54],"is_endless":false,"potions_floor_spawned":[8,11,12,14,23,24,28,30,33,35,40,45],"ascension_level":20}}