{"host":"ig7tc0uedzltt2sr","time":1609992141,"event":{"mods":["BaseMod","Better Twitch Integration","Block Reminder","Colored Map","Colored Powertips","Communication Mod","Current Relic Mod","GifTheSpireLib","HexUI Lib","Minty Spire (QoL Compilation)","Quick Restart","Random Character Button","Rare Cards Sparkle","Relic Sorter","Relic Stats","Slay the Relics Exporter","StSLib","SuperFastMode","Synergy Search","Twitch Decklist","Twitch Utils","everything is the same but u backflip on backflip","slay the spire mod where everything is the same but ironclad has a cowboy hat"],"gold_per_floor":[110,110,124,136,136,136,154,170,170,170,170],"floor_reached":10,"playtime":75,"items_purged":[],"score":60,"play_id":"729fe929-952e-496a-b1b7-8bb33f2d42f3","local_time":"20210106200221","is_ascension_mode":false,"campfire_choices":[{"data":"Bash","floor":6,"key":"SMITH"}],"circlet_count":0,"master_deck":["Strike_R","Strike_R","Strike_R","Strike_R","Strike_R","Defend_R","Defend_R","Defend_R","Bash+1","Clothesline","Whirlwind","Perfected Strike","Carnage","Fiend Fire"],"relics":["Burning Blood","Gremlin Horn"],"acts_visited":["Exordium"],"potions_floor_usage":[],"damage_taken":[{"damage":18,"enemies":"2 Louse","floor":1,"turns":6},{"damage":31,"enemies":"Jaw Worm","floor":3,"turns":9},{"damage":9,"enemies":"Small Slimes","floor":4,"turns":5},{"damage":27,"enemies":"Red Slaver","floor":7,"turns":6},{"damage":15,"enemies":"2 Fungi Beasts","floor":8,"turns":5},{"damage":26,"enemies":"3 Sentries","floor":10,"turns":4}],"seed_played":"-6841583129058401982","potions_obtained":[{"floor":8,"key":"DistilledChaos"}],"is_trial":false,"path_per_floor":["M","?","M","M","$","R","M","M","T","E"],"character_chosen":"IRONCLAD","items_purchased":[],"campfire_rested":0,"item_purchase_floors":[],"current_hp_per_floor":[76,76,51,48,48,48,27,18,18,0,0],"gold":170,"neow_bonus":"TEN_PERCENT_HP_BONUS","is_daily":false,"chose_seed":false,"campfire_upgraded":1,"win_rate":0.0,"timestamp":1609992141,"path_taken":["M","?","M","M","$","R","M","M","T","E"],"items_purchased_type":[],"build_version":"2020-12-22","purchased_purges":0,"victory":false,"max_hp_per_floor":[88,88,88,88,88,88,88,88,88,88,88],"relic_stats":{"Gremlin Horn":[0,0],"counters":[6,35],"obtain_stats":[{"Gremlin Horn":9,"Burning Blood":0},{"Gremlin Horn":5,"Burning Blood":0},{"Gremlin Horn":31,"Burning Blood":0}],"Burning Blood":30},"card_choices":[{"not_picked":["Heavy Blade","Armaments"],"picked":"Clothesline","floor":1},{"not_picked":["Iron Wave","Flex"],"picked":"Whirlwind","floor":3},{"not_picked":["Body Slam","Anger"],"picked":"Perfected Strike","floor":4},{"not_picked":["Clothesline","Shrug It Off"],"picked":"Carnage","floor":7},{"not_picked":["Headbutt","Rage"],"picked":"Fiend Fire","floor":8}],"player_experience":1444597,"relics_obtained":[{"floor":9,"key":"Gremlin Horn"}],"event_choices":[{"cards_removed":["Defend_R"],"damage_healed":0,"gold_gain":0,"player_choice":"Forget","damage_taken":0,"max_hp_gain":0,"max_hp_loss":0,"event_name":"Living Wall","floor":2,"gold_loss":0}],"is_beta":false,"boss_relics":[],"items_purged_floors":[],"is_endless":false,"potions_floor_spawned":[8],"killed_by":"3 Sentries","ascension_level":0}}