{"host":"0c61l48zxvai1g68","time":1609999807,"event":{"mods":["2.2 Compatiblity","Act Like it!","Arknights The Spire","BaseMod","Challenge The Spire","Hallownest","HololiveMod","KinomotoSakuraMod(木之本樱)","KomeijiMod","Luminous","Minty Spire (QoL Compilation)","MostiFishMod","Prisma Mod","Quick Restart","Replay The Spire","RumiaBox-露米娅的神秘盒子","StSLib","The Alterego","The Animator","TheSwordswoman","UnlockEverythingMod","Waifu the Spire","WarShipGirlsR/战舰少女R mod","Yakumo Yukari mod","【功能Mod】混沌之环修复补丁","【遗物卡牌】REMEMod"],"gold_per_floor":[212,223,223,223,2,28,28,28,28,60,75,75,110,129,129,232,232,244,92,92,92,106,136,153,153,153,153,153,185,3,3,3,100,100,115,127,127,143,127,127,127,152,452,9,9,39,39,56,56,56,56,56,56,87,87],"floor_reached":56,"playtime":2822,"items_purged":[],"score":1382,"play_id":"71c19025-1e4d-4c83-8b97-c1498feac567","local_time":"20210107141007","is_ascension_mode":false,"campfire_choices":[{"data":"ats:Closed Bolt Burst Fire","floor":12,"key":"SMITH"},{"data":"ats:Rat Pack","floor":15,"key":"SMITH"},{"floor":25,"key":"RECALL"},{"data":"ats:Ambush","floor":27,"key":"SMITH"},{"floor":32,"key":"DIG"},{"floor":40,"key":"REST"},{"floor":45,"key":"DIG"},{"floor":49,"key":"DIG"},{"floor":52,"key":"DIG"}],"circlet_count":0,"master_deck":["ats:Strike C+1","ats:Strike G+1","ats:Strike V+1","ats:Armor Crushing Shot+1","ats:Defend+1","ats:Defend+1","ats:Defend+1","ats:Defend+1","ats:Emotion Absorption+1","ats:Rat Pack+1","ats:Consecutive Shot Auto+1","ats:Poison Spread+1","ats:Shell Defense+1","MostiFishMod:Kaleido+1","ats:Shadow Raid+1","ats:Rapid Magazine+1","ats:Blood Oath+1","ats:Part Time Job+1","ats:Overload+1","ats:Revitalization+1","ats:Burning Ground+1","ats:Closed Bolt Burst Fire+1","ats:Automatic Cover+1","ats:Explosion Area Strengthen+1","ats:Revitalization+1","ats:Apocalypse+1","ats:Curse Doll+1","ats:Healing Drone+1","ats:Shell Defense+1","ats:Very Hot Blade+1","ats:Explosion Area Strengthen+1","ats:Blood Oath+1","ats:Echo Reverb+1","ats:Ambush+1","ats:Wolf Pack+1","ats:Durian+1","ats:Rat Pack+1","ats:Magnetic Hammer+1","ats:Ignite+1","ats:Very Hot Blade+1","ats:Directed Diagnosis+1","Apotheosis+1","ats:Calcification+1","MostiFishMod:MusicBox+1","ats:Rat Pack+1","ats:Flame Of Heaven+1","ats:Explosion Area Strengthen+1","ats:Sunburst+1","ats:Powerful Strike+1","ats:Wolf Pack","ats:True Silver Slash","ats:Dogmatic Field","ats:Childhood Dance+1","ats:Curse Doll"],"relics":["ats:Sanity","DaveBox","REME_ComplimentaryCards","BionicSphere","SynthV:TestCard","Shuriken","ats:Originium","REME_LimitBreaker","REME_IWantAll","Whetstone","Hololive_Finger","ats:Rhine Circuitry","Bronze Scales","OriginationStaff","ReplayTheSpireMod:Lightbulb","Boot","Abe\u0027s Treasure","Onion Ring","Old Coin","SynthV:C4","Shovel","Replay:Towering Pillar of Hats","Du-Vu Doll","ReplayTheSpireMod:Shallot","Eternal Feather","Thread and Needle"],"acts_visited":["Exordium","TheCity","TheBeyond","TheEnding"],"potions_floor_usage":[46],"damage_taken":[{"damage":0.0,"enemies":"Cultist","floor":1.0,"turns":4.0},{"damage":0.0,"enemies":"Jaw Worm","floor":2.0,"turns":4.0},{"damage":0.0,"enemies":"Replay:BlueRogue","floor":6.0,"turns":7.0},{"damage":0,"enemies":"3 Sentries","floor":10,"turns":11},{"damage":0,"enemies":"2 Louse","floor":11,"turns":2},{"damage":0,"enemies":"Lagavulin","floor":13,"turns":8},{"damage":0,"enemies":"Exordium Wildlife","floor":14,"turns":5},{"damage":8,"enemies":"Fading Forest","floor":16,"turns":11},{"damage":0,"enemies":"3 Byrds","floor":18,"turns":6},{"damage":0,"enemies":"2 Thieves","floor":22,"turns":4},{"damage":0,"enemies":"REME_1_Revenger","floor":23,"turns":6},{"damage":0,"enemies":"Centurion and Healer","floor":24,"turns":11},{"damage":0,"enemies":"Replay:Snechameleon","floor":29,"turns":6},{"damage":0,"enemies":"Champ","floor":33,"turns":14},{"damage":16,"enemies":"3 Darklings","floor":35,"turns":8},{"damage":0,"enemies":"3 Shapes","floor":36,"turns":5},{"damage":0,"enemies":"Jaw Worm Horde","floor":38,"turns":4},{"damage":0,"enemies":"Jaw Worm Horde","floor":39,"turns":12},{"damage":23,"enemies":"Reptomancer","floor":42,"turns":5},{"damage":0,"enemies":"Giant Head","floor":46,"turns":7},{"damage":0,"enemies":"3 Darklings","floor":48,"turns":3},{"damage":188,"enemies":"Replay:Hell Engine","floor":50,"turns":11},{"damage":22,"enemies":"Shield and Spear","floor":54,"turns":9},{"damage":19,"enemies":"The Heart","floor":55,"turns":12}],"seed_played":"-6552772882864981067","potions_obtained":[{"floor":11,"key":"Elixir"},{"floor":13,"key":"Elixir"},{"floor":14,"key":"Weak Potion"},{"floor":18,"key":"Regen Potion"},{"floor":35,"key":"Milkshake"},{"floor":46,"key":"Fruit Juice"}],"is_trial":false,"path_per_floor":["M","M","?","?","$","E","?","?","T","E","M","R","E","M","R","B",null,"M","$","?","$","M","E","M","R","T","R","?","E","$","$","R","B",null,"M","M","$","M","?","R","?","E","T","$","R","E","?","M","R","B",null,"R","$","E","B",null],"character_chosen":"DOCTOR_CLASS","items_purchased":["ats:Shell Defense","MostiFishMod:Kaleido","ats:Rhine Circuitry","MostiFishMod:MusicBox","SynthV:C4","Shovel"],"campfire_rested":1,"item_purchase_floors":[5,5,19,30,44,44],"current_hp_per_floor":[72,72,60,60,60,60,60,72,72,77,82,82,82,82,82,79,87,87,87,87,87,87,87,87,87,87,87,87,87,87,87,87,87,87,73,83,83,86,126,126,126,111,111,111,111,131,131,131,131,177,177,177,177,194,196],"gold":87,"neow_bonus":"HUNDRED_GOLD","is_daily":false,"chose_seed":false,"campfire_upgraded":3,"win_rate":0.0,"timestamp":1609999807,"path_taken":["M","?","?","?","?","E","?","?","T","E","M","R","E","M","R","BOSS","M","$","?","$","M","E","?","R","T","R","?","E","?","$","R","BOSS","M","M","$","M","?","R","?","E","T","$","R","E","?","M","R","BOSS","R","$","E","BOSS"],"items_purchased_type":["Card","Card","Relic","Card","Relic","Relic"],"build_version":"2020-12-22","purchased_purges":0,"victory":true,"max_hp_per_floor":[72,72,72,72,72,72,72,72,72,77,82,82,82,82,82,87,87,87,87,87,87,87,87,87,87,87,87,87,87,87,87,87,87,87,87,87,87,87,126,126,126,126,126,126,126,131,131,131,131,177,177,177,177,196,196],"card_choices":[{"not_picked":["ats:Composite Medical Shells","ats:Cat Scratch"],"picked":"ats:Consecutive Shot Auto","floor":1.0},{"not_picked":["ats:Curse Doll","ats:Shell Defense","ats:Assault Order","ats:Childhood Dance"],"picked":"ats:Poison Spread","floor":2.0},{"not_picked":["ats:Demon Strength","ats:Durian","ats:Song Of Battle","ats:LN2 Cannon"],"picked":"ats:Shadow Raid","floor":6.0},{"not_picked":["ats:Burning Ground","ats:Closed Bolt Burst Fire","ats:Automatic Cover","ats:Explosion Area Strengthen","ats:Revitalization"],"picked":"Singing Bowl","floor":10},{"not_picked":["ats:Apocalypse","ats:Curse Doll","ats:Healing Drone","ats:Shell Defense","ats:Very Hot Blade"],"picked":"Singing Bowl","floor":11},{"not_picked":["ats:Childhood Dance","ats:Hammer On","ats:Closed Bolt Burst Fire","ats:Powerful Strike"],"picked":"ats:Explosion Area Strengthen","floor":13},{"not_picked":["ats:Ignite","ats:Powerful Strike","ats:Shell Defense","ats:Defend Order"],"picked":"ats:Blood Oath","floor":14},{"not_picked":["ats:Echo Reverb","ats:Ambush","ats:Wolf Pack","ats:Durian","ats:Rat Pack"],"picked":"Singing Bowl","floor":16},{"not_picked":["ats:Flexible Camouflage+1","ats:Consecutive Shot Auto","ats:Hammer On","ats:Sword Rain"],"picked":"ats:Magnetic Hammer","floor":18},{"not_picked":["ats:Burning Ground","ats:Shell Defense","ats:Defend Order+1","ats:Very Hot Blade"],"picked":"ats:Ignite+1","floor":22},{"not_picked":["ats:Apocalypse","ats:Beaten Up","ats:Defend Order+1","ats:Neurotoxin+1"],"picked":"ats:Very Hot Blade+1","floor":23},{"not_picked":["ats:Leaping Hammer","ats:Apocalypse","ats:Part Time Job","ats:Cat Scratch"],"picked":"ats:Directed Diagnosis","floor":24},{"not_picked":["ats:Sunburst+1","ats:Flexible Camouflage","ats:Revitalization","ats:Neurotoxin"],"picked":"ats:Calcification","floor":29},{"not_picked":["ats:Soul Rend","ats:Nebulous Foxfire","ats:Durian","ats:Disruption Kick"],"picked":"ats:Rat Pack","floor":33},{"not_picked":["ats:Flexible Camouflage","ats:Childhood Dance","ats:Collapsing Strike","ats:Healing Strengthening"],"picked":"ats:Flame Of Heaven","floor":35},{"not_picked":["ats:Curse Doll+1","ats:Encircling Forest+1","ats:Part Time Job","ats:Childhood Dance+1"],"picked":"ats:Explosion Area Strengthen+1","floor":36},{"not_picked":["ats:Assault Order+1","ats:Powerful Strike","ats:Healing Strengthening","ats:Encircling Forest"],"picked":"ats:Sunburst","floor":38},{"not_picked":["ats:Healing Drone","ats:Revitalization","ats:Childhood Dance","ats:Song Of Battle+1"],"picked":"ats:Powerful Strike+1","floor":39},{"not_picked":[],"picked":"ats:Wolf Pack","floor":41},{"not_picked":["ats:Demon Strength+1","ats:Shell Defense+1","ats:Leaping Hammer+1","ats:Consecutive Shot Auto+1"],"picked":"ats:True Silver Slash","floor":42},{"not_picked":["ats:Ignite","ats:Closed Bolt Burst Fire+1","ats:Explosion Area Strengthen+1","ats:Leaping Hammer"],"picked":"ats:Dogmatic Field","floor":46},{"not_picked":["ats:Revitalization","ats:Ignite","ats:Poison Spread","ats:Leaping Hammer+1"],"picked":"ats:Childhood Dance+1","floor":48},{"not_picked":["ats:Sword Rain+1","ats:Directed Diagnosis+1","ats:Ignite+1","ats:Leaping Hammer"],"picked":"ats:Curse Doll","floor":54}],"player_experience":142713,"relics_obtained":[{"floor":1.0,"key":"SynthV:TestCard"},{"floor":6.0,"key":"ats:Originium"},{"floor":6.0,"key":"REME_LimitBreaker"},{"floor":10,"key":"ats:Originium"},{"floor":10,"key":"REME_IWantAll"},{"floor":13,"key":"ats:Originium"},{"floor":13,"key":"Whetstone"},{"floor":23,"key":"Bronze Scales"},{"floor":26,"key":"OriginationStaff"},{"floor":29,"key":"ReplayTheSpireMod:Lightbulb"},{"floor":32,"key":"Boot"},{"floor":42,"key":"Onion Ring"},{"floor":43,"key":"Old Coin"},{"floor":45,"key":"Replay:Towering Pillar of Hats"},{"floor":46,"key":"Du-Vu Doll"},{"floor":49,"key":"ReplayTheSpireMod:Shallot"},{"floor":52,"key":"Eternal Feather"},{"floor":54,"key":"Thread and Needle"}],"event_choices":[{"damage_healed":0.0,"max_hp_gain":0.0,"max_hp_loss":0.0,"gold_gain":0.0,"event_name":"Scrap Ooze","player_choice":"Success","floor":3.0,"gold_loss":0.0,"damage_taken":12.0,"relics_obtained":["Shuriken"]},{"damage_healed":0.0,"max_hp_gain":0.0,"max_hp_loss":0.0,"gold_gain":0.0,"event_name":"Golden Idol","player_choice":"Ignored","floor":4.0,"gold_loss":0.0,"damage_taken":0.0},{"damage_healed":0,"gold_gain":0,"player_choice":"Upgraded","damage_taken":0,"max_hp_gain":0,"max_hp_loss":0,"event_name":"Upgrade Shrine","floor":20,"gold_loss":0,"cards_upgraded":["MostiFishMod:Kaleido"]}],"is_beta":false,"boss_relics":[{"not_picked":["REME_LowDesire","DiscerningMonocle"],"picked":"Hololive_Finger"},{"not_picked":["Transparent","Empty Cage"],"picked":"Abe\u0027s Treasure"}],"items_purged_floors":[],"is_endless":false,"potions_floor_spawned":[11,13,14,16,18,29,35,38,46,48],"ascension_level":0}}