{"host":"8u7tvcybuv0u72fd","time":1609990512,"event":{"mods":["BaseMod","BetterRewards","Colored Map","Colored Powertips","Minty Spire (QoL Compilation)","Quick Restart","Shop Mod"],"gold_per_floor":[116,133,26,26,37,37,63,74,150,150,100,100,100,110,110,208,208,223,223,242,48,63,63,88,104,128,153,170,190,190,206,206,311,311,325,260,275,346,194,194,210,220,244,267,294,294,294,305,305,305,305,305,99,127,127],"floor_reached":56,"playtime":2570,"items_purged":["Strike_R"],"score":1649,"play_id":"f611c9f7-5538-4deb-89c8-c1dc447cbc71","local_time":"20210106223511","is_ascension_mode":false,"campfire_choices":[{"data":"Bash","floor":6.0,"key":"SMITH"},{"data":"Shrug It Off","floor":10.0,"key":"SMITH"},{"data":"Defend_R","floor":15.0,"key":"SMITH"},{"data":"Feed","floor":23.0,"key":"SMITH"},{"data":"Cleave","floor":30.0,"key":"SMITH"},{"data":"Defend_R","floor":32.0,"key":"SMITH"},{"data":"Defend_R","floor":40.0,"key":"SMITH"},{"data":"Body Slam","floor":46.0,"key":"SMITH"},{"floor":49.0,"key":"RECALL"},{"data":"Headbutt","floor":52.0,"key":"SMITH"}],"circlet_count":0,"master_deck":["Strike_R","Strike_R+1","Strike_R","Strike_R+1","Defend_R+1","Defend_R+1","Defend_R+1","Bash+1","Finesse+1","Shrug It Off+1","Feed+1","Cleave+1","Necronomicurse","Clash+1","Iron Wave+1","Carnage+1","Reaper","Headbutt+1","Body Slam+1","True Grit+1","Whirlwind+1","Flame Barrier+1","Juggernaut+1"],"relics":["Burning Blood","Boot","Thread and Needle","Happy Flower","Ice Cream","Bronze Scales","Letter Opener","Akabeko","Busted Crown","Necronomicon","Potion Belt","Oddly Smooth Stone","Prayer Wheel","SlaversCollar","MerchantsRug","InkBottle","PreservedInsect","Nunchaku","Ancient Tea Set","Bag of Preparation","HandDrill","Centennial Puzzle"],"acts_visited":["Exordium","TheCity","TheBeyond","TheEnding"],"potions_floor_usage":[55,55,55,55],"damage_taken":[{"damage":0.0,"enemies":"Jaw Worm","floor":1.0,"turns":4.0},{"damage":0.0,"enemies":"Cultist","floor":2.0,"turns":4.0},{"damage":0.0,"enemies":"Small Slimes","floor":5.0,"turns":3.0},{"damage":8.0,"enemies":"Gremlin Nob","floor":7.0,"turns":4.0},{"damage":0.0,"enemies":"2 Fungi Beasts","floor":8.0,"turns":3.0},{"damage":0.0,"enemies":"Gremlin Gang","floor":14.0,"turns":3.0},{"damage":0.0,"enemies":"The Guardian","floor":16.0,"turns":10.0},{"damage":0.0,"enemies":"2 Thieves","floor":18.0,"turns":3.0},{"damage":0.0,"enemies":"Chosen","floor":20.0,"turns":2.0},{"damage":4.0,"enemies":"Snake Plant","floor":22.0,"turns":2.0},{"damage":6.0,"enemies":"Chosen and Byrds","floor":25.0,"turns":4.0},{"damage":14.0,"enemies":"Book of Stabbing","floor":27.0,"turns":4.0},{"damage":0.0,"enemies":"Cultist and Chosen","floor":28.0,"turns":4.0},{"damage":0.0,"enemies":"Snake Plant","floor":29.0,"turns":1.0},{"damage":0.0,"enemies":"Centurion and Healer","floor":31.0,"turns":3.0},{"damage":38.0,"enemies":"Automaton","floor":33.0,"turns":10.0},{"damage":0.0,"enemies":"Orb Walker","floor":35.0,"turns":2.0},{"damage":13.0,"enemies":"3 Darklings","floor":37.0,"turns":3.0},{"damage":18.0,"enemies":"Writhing Mass","floor":41.0,"turns":4.0},{"damage":8.0,"enemies":"Jaw Worm Horde","floor":42.0,"turns":3.0},{"damage":18.0,"enemies":"Reptomancer","floor":45.0,"turns":3.0},{"damage":6.0,"enemies":"Maw","floor":48.0,"turns":5.0},{"damage":19.0,"enemies":"Donu and Deca","floor":50.0,"turns":5.0},{"damage":0,"enemies":"Shield and Spear","floor":54,"turns":4},{"damage":144,"enemies":"The Heart","floor":55,"turns":8}],"seed_played":"-64914156208715007","potions_obtained":[{"floor":7.0,"key":"Ancient Potion"},{"floor":14.0,"key":"FairyPotion"},{"floor":16.0,"key":"Fire Potion"},{"floor":22.0,"key":"CultistPotion"},{"floor":27.0,"key":"SteroidPotion"},{"floor":35.0,"key":"Strength Potion"},{"floor":37.0,"key":"BloodPotion"},{"floor":54,"key":"PowerPotion"}],"is_trial":false,"path_per_floor":["M","M","?","$","M","R","E","M","T","R","?","T","?","M","R","B",null,"M","?","M","$","M","R","T","M","T","E","M","M","R","M","R","B",null,"M","$","M","T","$","R","M","M","T","T","E","R","?","M","R","B",null,"R","$","E","B",null],"character_chosen":"IRONCLAD","items_purchased":["Boot","Tiny Chest","Happy Flower","Matryoshka","Fire Potion","Finesse","Potion Belt","Energy Potion","MerchantsRug","PreservedInsect","Juggernaut+1","HandDrill"],"campfire_rested":0,"item_purchase_floors":[0,0,0,0,0,0,21,21,36,39,53,53],"current_hp_per_floor":[46,52,52,52,58,58,56,62,62,62,62,62,62,68,68,74,80,83,67,76,76,81,81,81,85,85,77,83,89,89,97,97,65,97,97,97,90,90,90,90,78,95,95,95,95,95,95,95,95,82,97,97,97,101,36],"gold":127,"neow_bonus":"","is_daily":false,"chose_seed":false,"campfire_upgraded":9,"win_rate":0.0,"timestamp":1609990511,"path_taken":["M","M","?","?","M","R","E","M","T","R","?","?","?","?","R","BOSS","M","?","M","$","M","R","?","M","T","E","?","M","R","M","R","BOSS","M","$","M","?","$","R","?","M","T","?","E","R","?","M","R","BOSS","R","$","E","BOSS"],"items_purchased_type":["Relic","Relic","Relic","Relic","Potion","Card","Relic","Potion","Relic","Relic","Card","Relic"],"build_version":"2020-12-22","purchased_purges":1,"victory":true,"max_hp_per_floor":[80,80,80,80,80,80,80,80,80,80,80,80,80,80,80,80,80,83,83,86,86,89,89,89,93,93,93,93,93,93,97,97,97,97,97,97,97,97,97,97,97,97,97,97,97,97,97,97,97,97,97,97,97,101,101],"card_choices":[{"not_picked":["Battle Trance","Havoc"],"picked":"Shrug It Off","floor":1.0},{"not_picked":["Searing Blow","Metallicize","Armaments"],"picked":"SKIP","floor":2.0},{"not_picked":["Feel No Pain","Sentinel","Sword Boomerang"],"picked":"SKIP","floor":5.0},{"not_picked":["Shockwave","Cleave","Burning Pact"],"picked":"SKIP","floor":7.0},{"not_picked":["Pommel Strike","Anger","Sever Soul"],"picked":"SKIP","floor":8.0},{"not_picked":["Havoc","Searing Blow","Flex"],"picked":"SKIP","floor":14.0},{"not_picked":["Impervious","Double Tap"],"picked":"Feed","floor":16.0},{"not_picked":[],"picked":"Cleave","floor":18.0},{"not_picked":[],"picked":"Clash+1","floor":20.0},{"not_picked":["Blood for Blood"],"picked":"SKIP","floor":22.0},{"not_picked":["Flex"],"picked":"SKIP","floor":25.0},{"not_picked":["Metallicize+1"],"picked":"SKIP","floor":27.0},{"not_picked":[],"picked":"Iron Wave+1","floor":28.0},{"not_picked":[],"picked":"Carnage+1","floor":28.0},{"not_picked":["Bloodletting"],"picked":"SKIP","floor":29.0},{"not_picked":["Thunderclap"],"picked":"SKIP","floor":29.0},{"not_picked":["True Grit"],"picked":"SKIP","floor":31.0},{"not_picked":["Hemokinesis"],"picked":"SKIP","floor":31.0},{"not_picked":[],"picked":"Reaper","floor":33.0},{"not_picked":["Havoc+1"],"picked":"SKIP","floor":35.0},{"not_picked":["Burning Pact"],"picked":"SKIP","floor":35.0},{"not_picked":["Shrug It Off+1"],"picked":"SKIP","floor":37.0},{"not_picked":["Spot Weakness+1"],"picked":"SKIP","floor":37.0},{"not_picked":["Pommel Strike"],"picked":"SKIP","floor":41.0},{"not_picked":["Iron Wave+1"],"picked":"SKIP","floor":41.0},{"not_picked":[],"picked":"Headbutt","floor":42.0},{"not_picked":[],"picked":"Body Slam","floor":42.0},{"not_picked":[],"picked":"True Grit+1","floor":45.0},{"not_picked":[],"picked":"Whirlwind+1","floor":48.0},{"not_picked":[],"picked":"Flame Barrier+1","floor":48.0},{"not_picked":["Rampage"],"picked":"SKIP","floor":54}],"player_experience":1268485,"relics_obtained":[{"floor":7.0,"key":"Whetstone"},{"floor":9.0,"key":"Bronze Scales"},{"floor":9.0,"key":"Letter Opener"},{"floor":12.0,"key":"Akabeko"},{"floor":12.0,"key":"Frozen Egg 2"},{"floor":19.0,"key":"Necronomicon"},{"floor":24.0,"key":"Oddly Smooth Stone"},{"floor":27.0,"key":"Prayer Wheel"},{"floor":38.0,"key":"InkBottle"},{"floor":43.0,"key":"Nunchaku"},{"floor":44.0,"key":"Ancient Tea Set"},{"floor":45.0,"key":"Bag of Preparation"},{"floor":54,"key":"Centennial Puzzle"}],"event_choices":[{"damage_healed":0.0,"max_hp_gain":0.0,"max_hp_loss":0.0,"gold_gain":0.0,"event_name":"WeMeetAgain","player_choice":"Paid Gold","floor":3.0,"gold_loss":107.0,"damage_taken":0.0,"relics_obtained":["Ice Cream"]},{"cards_removed":["Defend_R"],"damage_healed":0.0,"max_hp_gain":0.0,"max_hp_loss":0.0,"gold_gain":0.0,"event_name":"The Cleric","player_choice":"Card Removal","floor":11.0,"gold_loss":50.0,"damage_taken":0.0},{"damage_healed":0.0,"max_hp_gain":0.0,"max_hp_loss":0.0,"gold_gain":0.0,"event_name":"Upgrade Shrine","player_choice":"Upgraded","floor":13.0,"gold_loss":0.0,"damage_taken":0.0,"cards_upgraded":["Finesse"]},{"damage_healed":0.0,"max_hp_gain":0.0,"max_hp_loss":0.0,"gold_gain":0.0,"event_name":"Cursed Tome","player_choice":"Obtained Book","floor":19.0,"gold_loss":0.0,"damage_taken":16.0},{"damage_healed":0.0,"max_hp_gain":0.0,"max_hp_loss":0.0,"gold_gain":0.0,"event_name":"Tomb of Lord Red Mask","player_choice":"Ignored","floor":47.0,"gold_loss":0.0,"damage_taken":0.0}],"is_beta":false,"boss_relics":[{"not_picked":["Fusion Hammer","Snecko Eye"],"picked":"Busted Crown"},{"not_picked":["Runic Pyramid","Coffee Dripper"],"picked":"SlaversCollar"}],"items_purged_floors":[0],"is_endless":false,"potions_floor_spawned":[7,14,16,22,27,28,33,35,37,48,54],"ascension_level":0}}