{"host":"ch74xfb1n85e86fc","time":1609979768,"event":{"mods":["AchievementEnabler","BaseMod","Colored Map","DeckTracker","Minty Spire (QoL Compilation)","Relic Stats","StSLib","SuperFastMode","everything is the same but u backflip on backflip"],"gold_per_floor":[118,132,142,153,167,167,196,196,196,228,242,254,270,295,295,399,399,412,425,425,500,515,515,543,556,556,556,556],"floor_reached":27,"playtime":888,"items_purged":[],"score":298,"play_id":"42996519-37da-477b-a2e2-a3a8c0d7405f","local_time":"20210107093608","is_ascension_mode":true,"campfire_choices":[{"data":"Anger","floor":6.0,"key":"SMITH"},{"data":"Juggernaut","floor":8.0,"key":"SMITH"},{"floor":15.0,"key":"REST"},{"data":"Evolve","floor":23,"key":"SMITH"}],"circlet_count":0,"master_deck":["Strike_R","Strike_R","Strike_R","Strike_R","Strike_R","Defend_R","Defend_R","Defend_R","Defend_R","Bash","Limit Break","Twin Strike","Cleave","Shrug It Off","Anger+1","Juggernaut+1","Second Wind","Impervious","Offering","Shrug It Off+1","Evolve+1","True Grit+1","Disarm"],"relics":["Burning Blood","Bag of Preparation","Unceasing Top","Letter Opener","Dead Branch","Coffee Dripper","Ancient Tea Set","Sundial"],"acts_visited":["Exordium","TheCity"],"potions_floor_usage":[27,27],"damage_taken":[{"damage":1.0,"enemies":"Cultist","floor":1.0,"turns":4.0},{"damage":2.0,"enemies":"Jaw Worm","floor":2.0,"turns":3.0},{"damage":12.0,"enemies":"Small Slimes","floor":3.0,"turns":3.0},{"damage":9.0,"enemies":"Looter","floor":4.0,"turns":3.0},{"damage":9.0,"enemies":"3 Louse","floor":5.0,"turns":3.0},{"damage":22.0,"enemies":"3 Sentries","floor":7.0,"turns":7.0},{"damage":25.0,"enemies":"Lagavulin","floor":10.0,"turns":7.0},{"damage":8.0,"enemies":"Blue Slaver","floor":11.0,"turns":3.0},{"damage":2.0,"enemies":"Exordium Wildlife","floor":12.0,"turns":3.0},{"damage":0.0,"enemies":"Looter","floor":13.0,"turns":3.0},{"damage":20.0,"enemies":"3 Sentries","floor":14.0,"turns":8.0},{"damage":6.0,"enemies":"Slime Boss","floor":16.0,"turns":10.0},{"damage":8.0,"enemies":"Chosen","floor":18.0,"turns":3.0},{"damage":12.0,"enemies":"2 Thieves","floor":19.0,"turns":3.0},{"damage":7,"enemies":"Cultist and Chosen","floor":22,"turns":5},{"damage":36,"enemies":"Slavers","floor":24,"turns":4},{"damage":14,"enemies":"3 Cultists","floor":25,"turns":4},{"damage":25,"enemies":"Book of Stabbing","floor":27,"turns":5}],"seed_played":"-7069814100886042670","potions_obtained":[{"floor":1.0,"key":"FearPotion"},{"floor":4.0,"key":"BlessingOfTheForge"},{"floor":7.0,"key":"FearPotion"},{"floor":12.0,"key":"EssenceOfSteel"},{"floor":16.0,"key":"DuplicationPotion"}],"is_trial":false,"path_per_floor":["M","M","M","M","M","R","E","R","T","E","M","M","M","E","R","B",null,"M","M","?","?","M","R","E","M","T","E"],"character_chosen":"IRONCLAD","items_purchased":[],"campfire_rested":1,"item_purchase_floors":[],"current_hp_per_floor":[80,80,74,71,68,68,52,52,52,33,31,35,41,27,51,51,80,78,72,72,64,63,63,33,25,25,0,0],"gold":556,"neow_bonus":"ONE_RANDOM_RARE_CARD","is_daily":false,"chose_seed":false,"campfire_upgraded":3,"win_rate":0.0,"timestamp":1609979768,"path_taken":["M","M","M","M","M","R","E","R","T","E","M","?","M","E","R","BOSS","M","M","?","?","M","R","E","?","T","E"],"items_purchased_type":[],"build_version":"2020-12-22","purchased_purges":0,"victory":false,"max_hp_per_floor":[80,80,80,80,80,80,80,80,80,80,80,80,80,80,80,80,80,80,80,80,80,80,80,80,80,80,80,80],"relic_stats":{"counters":[18,81],"Sundial":[0],"Dead Branch":[53],"Bag of Preparation":[24],"Letter Opener":[98],"obtain_stats":[{"Sundial":26,"Dead Branch":14,"Bag of Preparation":7,"Coffee Dripper":17,"Letter Opener":10,"Ancient Tea Set":24,"Burning Blood":0,"Unceasing Top":9},{"Sundial":17,"Dead Branch":11,"Bag of Preparation":6,"Coffee Dripper":12,"Letter Opener":7,"Ancient Tea Set":16,"Burning Blood":0,"Unceasing Top":6},{"Sundial":76,"Dead Branch":47,"Bag of Preparation":23,"Coffee Dripper":57,"Letter Opener":30,"Ancient Tea Set":72,"Burning Blood":0,"Unceasing Top":23}],"Burning Blood":93,"Unceasing Top":[1]},"card_choices":[{"not_picked":["Clash","Rage"],"picked":"Twin Strike","floor":1.0},{"not_picked":["Warcry","Reckless Charge"],"picked":"Cleave","floor":2.0},{"not_picked":["Heavy Blade","Warcry"],"picked":"Shrug It Off","floor":3.0},{"not_picked":["Metallicize","Rampage","Twin Strike"],"picked":"SKIP","floor":4.0},{"not_picked":["Rage","Twin Strike"],"picked":"Anger","floor":5.0},{"not_picked":["Reckless Charge","Twin Strike"],"picked":"Juggernaut","floor":7.0},{"not_picked":["Perfected Strike","Flex"],"picked":"Second Wind","floor":10.0},{"not_picked":["Sentinel","Havoc","Warcry"],"picked":"SKIP","floor":11.0},{"not_picked":["Iron Wave","Reckless Charge"],"picked":"Impervious","floor":12.0},{"not_picked":["Clothesline","Intimidate","Sentinel"],"picked":"SKIP","floor":13.0},{"not_picked":["Armaments","Heavy Blade","Havoc"],"picked":"SKIP","floor":14.0},{"not_picked":["Immolate","Exhume"],"picked":"Offering","floor":16.0},{"not_picked":["Fire Breathing","Burning Pact"],"picked":"Shrug It Off+1","floor":18.0},{"not_picked":["Reckless Charge+1","Battle Trance"],"picked":"Evolve","floor":19.0},{"not_picked":["Warcry","Thunderclap"],"picked":"True Grit+1","floor":22},{"not_picked":["Pummel","Clothesline+1","Limit Break"],"picked":"SKIP","floor":24},{"not_picked":["Armaments","Wild Strike"],"picked":"Disarm","floor":25}],"player_experience":38372,"relics_obtained":[{"floor":7.0,"key":"Bag of Preparation"},{"floor":9.0,"key":"Unceasing Top"},{"floor":10.0,"key":"Letter Opener"},{"floor":14.0,"key":"Dead Branch"},{"floor":24,"key":"Ancient Tea Set"},{"floor":26,"key":"Sundial"}],"event_choices":[{"damage_healed":0.0,"max_hp_gain":0.0,"max_hp_loss":0.0,"gold_gain":0.0,"event_name":"The Mausoleum","player_choice":"Ignored","floor":20.0,"gold_loss":0.0,"damage_taken":0.0},{"damage_healed":0,"gold_gain":75,"player_choice":"Touch","damage_taken":8,"max_hp_gain":0,"max_hp_loss":0,"event_name":"FaceTrader","floor":21,"gold_loss":0}],"is_beta":false,"boss_relics":[{"not_picked":["Busted Crown","Runic Dome"],"picked":"Coffee Dripper"}],"items_purged_floors":[],"is_endless":false,"potions_floor_spawned":[1,4,7,12,16,24,25],"killed_by":"Book of Stabbing","ascension_level":3}}