{"host":"hn9kwncajibu2nw8","time":1609978121,"event":{"mods":["AchievementEnabler","BaseMod","Block Reminder","Colored Powertips","DeckTracker","Highlight Path","KOR Keyword Fix","Minty Spire (QoL Compilation)","Quick Restart","Rare Cards Sparkle"],"gold_per_floor":[365,38,57,69,88,88,101,101,101,127,137,137,212,57,57,154,204,204,204],"floor_reached":18,"playtime":680,"items_purged":[],"score":227,"play_id":"66ea4633-416f-44c4-8e42-517d178e9b5c","local_time":"20210107090841","is_ascension_mode":true,"campfire_choices":[{"data":"True Grit","floor":6,"key":"SMITH"},{"data":"Fiend Fire","floor":8,"key":"SMITH"},{"data":"Evolve","floor":12,"key":"SMITH"},{"data":"Spot Weakness","floor":15,"key":"SMITH"}],"circlet_count":0,"master_deck":["Strike_R+1","Strike_R","Strike_R","Strike_R","Strike_R","Defend_R","Defend_R","Defend_R","Defend_R","Bash","Clash","Evolve+1","True Grit+1","Fiend Fire+1","Metallicize","Combust","Spot Weakness+1","Brutality","Sword Boomerang"],"relics":["Burning Blood","Paper Frog","Magic Flower","InkBottle","OrangePellets","Tiny House"],"acts_visited":["TheCity"],"potions_floor_usage":[7,16,16],"damage_taken":[{"damage":6,"enemies":"Cultist","floor":1,"turns":4},{"damage":7,"enemies":"Jaw Worm","floor":3,"turns":3},{"damage":3,"enemies":"2 Louse","floor":4,"turns":3},{"damage":10,"enemies":"2 Fungi Beasts","floor":5,"turns":3},{"damage":11,"enemies":"Gremlin Gang","floor":7,"turns":7},{"damage":16,"enemies":"3 Sentries","floor":10,"turns":9},{"damage":8,"enemies":"Blue Slaver","floor":11,"turns":2},{"damage":22,"enemies":"Hexaghost","floor":16,"turns":11},{"damage":10,"enemies":"3 Byrds","floor":18,"turns":2}],"seed_played":"2529417309738628536","potions_obtained":[{"floor":3,"key":"HeartOfIron"},{"floor":5,"key":"Ancient Potion"},{"floor":10,"key":"SneckoOil"},{"floor":11,"key":"Swift Potion"},{"floor":16,"key":"FearPotion"},{"floor":17,"key":"EntropicBrew"}],"is_trial":false,"path_per_floor":["M","$","M","M","M","R","M","R","T","E","M","R","?","$","R","B",null,"M"],"character_chosen":"IRONCLAD","items_purchased":["Evolve","Paper Frog","OrangePellets"],"campfire_rested":0,"item_purchase_floors":[2,2,14],"current_hp_per_floor":[51,51,50,53,49,49,44,44,44,37,38,38,30,30,30,17,69,59,59],"gold":204,"neow_bonus":"TWO_FIFTY_GOLD","is_daily":false,"chose_seed":false,"campfire_upgraded":4,"win_rate":0.0,"timestamp":1609978121,"path_taken":["M","$","M","M","M","R","?","R","T","E","M","R","?","$","R","BOSS","M"],"items_purchased_type":["Card","Relic","Relic"],"build_version":"2020-12-22","purchased_purges":0,"victory":false,"max_hp_per_floor":[80,80,80,80,80,80,80,80,80,80,80,80,80,80,80,80,85,85,85],"card_choices":[{"not_picked":["Blood for Blood","Havoc"],"picked":"Clash","floor":1},{"not_picked":["Clash","Rage"],"picked":"True Grit","floor":3},{"not_picked":["Anger","Clothesline"],"picked":"Fiend Fire","floor":4},{"not_picked":["Anger","Ghostly Armor"],"picked":"Metallicize","floor":5},{"not_picked":["Clash","Warcry","Sever Soul"],"picked":"SKIP","floor":7},{"not_picked":["Rupture","Pommel Strike"],"picked":"Combust","floor":10},{"not_picked":["Havoc","Anger"],"picked":"Spot Weakness","floor":11},{"not_picked":["Demon Form","Feed"],"picked":"Brutality","floor":16},{"not_picked":["Wild Strike","Headbutt"],"picked":"Sword Boomerang","floor":17}],"player_experience":473836,"relics_obtained":[{"floor":9,"key":"Magic Flower"},{"floor":10,"key":"InkBottle"}],"event_choices":[{"damage_healed":0,"gold_gain":75,"player_choice":"Touch","damage_taken":8,"max_hp_gain":0,"max_hp_loss":0,"event_name":"FaceTrader","floor":13,"gold_loss":0}],"is_beta":false,"boss_relics":[{"not_picked":["Ectoplasm","Runic Pyramid"],"picked":"Tiny House"}],"items_purged_floors":[],"is_endless":false,"potions_floor_spawned":[3,5,10,11,16],"killed_by":"3 Byrds","ascension_level":8}}