{"host":"jl15pmpb41l0mhji","time":1609983955,"event":{"mods":["2.2 Compatiblity","AchievementEnabler","BaseMod","Better Altar","Better Match","Better Note","Better Sensory Stone","Better Skull","Better Third Choice","Better Vampires","Colored Map","Displayed Cursed Tome","Emptier Cage","Hermit","Highlight Path","Minty Spire (QoL Compilation)","Permanent Neow","Random Character Button","Relic Stats","StSLib","The Hierophant"],"gold_per_floor":[118,118,131,149,161,161,187,187,187,217,217,230,250,270,270,373,373,387,387,263,281,301,301,336,336,359,394,413,169,184,184,184],"floor_reached":31,"playtime":1468,"items_purged":["Defend_G","Strike_G"],"score":330,"play_id":"b4caf0b9-04c6-45d3-a266-bb5c169f9d70","local_time":"20210106194555","is_ascension_mode":true,"campfire_choices":[{"data":"Crippling Poison","floor":6,"key":"SMITH"},{"data":"Caltrops","floor":8,"key":"SMITH"},{"data":"Footwork","floor":11,"key":"SMITH"},{"data":"Noxious Fumes","floor":15,"key":"SMITH"},{"data":"Dodge and Roll","floor":23,"key":"SMITH"},{"data":"Bane","floor":25,"key":"SMITH"}],"circlet_count":0,"master_deck":["Strike_G","Strike_G","Defend_G","Defend_G","Defend_G","Defend_G","Survivor","Neutralize+1","Crippling Poison+1","Cloak And Dagger","Bane+1","Dodge and Roll+1","Caltrops+1","Footwork+1","Flying Knee","Noxious Fumes+1","Glass Knife","Deadly Poison","Die Die Die","Bane","Backflip","Deflect","Bane","Dash","Deflect+1"],"relics":["Ring of the Serpent","Orichalcum","Letter Opener","Mercury Hourglass","Darkstone Periapt","Pen Nib","Nunchaku","Anchor"],"acts_visited":["Exordium","TheCity"],"potions_floor_usage":[7,12,16,16,24,27],"damage_taken":[{"damage":0,"enemies":"Jaw Worm","floor":1,"turns":5},{"damage":1,"enemies":"Cultist","floor":3,"turns":4},{"damage":0,"enemies":"2 Louse","floor":4,"turns":2},{"damage":2,"enemies":"2 Fungi Beasts","floor":5,"turns":3},{"damage":6,"enemies":"Lagavulin","floor":7,"turns":7},{"damage":7,"enemies":"Gremlin Nob","floor":10,"turns":4},{"damage":1,"enemies":"Exordium Wildlife","floor":12,"turns":3},{"damage":5,"enemies":"Exordium Thugs","floor":13,"turns":4},{"damage":2,"enemies":"2 Fungi Beasts","floor":14,"turns":3},{"damage":8,"enemies":"Slime Boss","floor":16,"turns":8},{"damage":2,"enemies":"Chosen","floor":18,"turns":5},{"damage":10,"enemies":"Spheric Guardian","floor":21,"turns":4},{"damage":10,"enemies":"Snake Plant","floor":22,"turns":4},{"damage":0,"enemies":"Gremlin Leader","floor":24,"turns":5},{"damage":31,"enemies":"Slavers","floor":27,"turns":5},{"damage":4,"enemies":"3 Cultists","floor":28,"turns":5},{"damage":0,"enemies":"Centurion and Healer","floor":30,"turns":4},{"damage":13,"enemies":"Book of Stabbing","floor":31,"turns":3}],"seed_played":"5483663670586432244","potions_obtained":[{"floor":1,"key":"PowerPotion"},{"floor":3,"key":"Fire Potion"},{"floor":7,"key":"GamblersBrew"},{"floor":13,"key":"SkillPotion"},{"floor":14,"key":"Explosive Potion"},{"floor":22,"key":"DuplicationPotion"},{"floor":27,"key":"Ancient Potion"}],"is_trial":false,"path_per_floor":["M","?","M","M","M","R","E","R","T","E","R","M","M","M","R","B",null,"M","?","$","M","M","R","E","R","T","E","M","$","M","E"],"character_chosen":"THE_SILENT","items_purchased":["Bane","Anchor"],"campfire_rested":0,"item_purchase_floors":[20,29],"current_hp_per_floor":[70,70,69,69,67,67,61,61,61,54,54,53,48,46,46,38,70,68,68,68,58,48,48,48,48,48,17,13,13,13,0,0],"gold":184,"neow_bonus":"UPGRADE_CARD","is_daily":false,"chose_seed":false,"campfire_upgraded":6,"win_rate":0.0,"timestamp":1609983955,"path_taken":["M","?","M","M","?","R","E","R","T","E","R","M","M","M","R","BOSS","M","?","$","M","M","R","E","R","T","E","M","$","M","E"],"items_purchased_type":["Card","Relic"],"build_version":"2020-12-22","purchased_purges":2,"victory":false,"max_hp_per_floor":[70,70,70,70,70,70,70,70,70,70,70,70,70,70,70,70,70,70,70,70,70,70,70,70,70,70,70,70,70,70,70,70],"relic_stats":{"Darkstone Periapt":0,"Nunchaku":[1],"counters":[18,78],"Pen Nib":[2],"Letter Opener":[55],"Orichalcum":[90],"obtain_stats":[{"Darkstone Periapt":24,"Nunchaku":27,"Anchor":29,"Pen Nib":26,"Letter Opener":9,"Orichalcum":7,"Ring of the Serpent":17,"Ring of the Snake":0,"Mercury Hourglass":10},{"Darkstone Periapt":14,"Nunchaku":15,"Anchor":16,"Pen Nib":14,"Letter Opener":5,"Orichalcum":5,"Ring of the Serpent":10,"Ring of the Snake":0,"Mercury Hourglass":6},{"Darkstone Periapt":61,"Nunchaku":66,"Anchor":71,"Pen Nib":61,"Letter Opener":21,"Orichalcum":21,"Ring of the Serpent":43,"Ring of the Snake":0,"Mercury Hourglass":25}],"Mercury Hourglass":[254]},"card_choices":[{"not_picked":["Well Laid Plans","Slice"],"picked":"Crippling Poison","floor":1},{"not_picked":["Sucker Punch","Deflect"],"picked":"Cloak And Dagger","floor":3},{"not_picked":["Noxious Fumes","Heel Hook"],"picked":"Bane","floor":4},{"not_picked":["Blade Dance","Wraith Form v2"],"picked":"Dodge and Roll","floor":5},{"not_picked":["Outmaneuver","Expertise"],"picked":"Caltrops","floor":7},{"not_picked":["Well Laid Plans","Masterful Stab"],"picked":"Footwork","floor":10},{"not_picked":["Setup","Dagger Spray"],"picked":"Flying Knee","floor":12},{"not_picked":["Sucker Punch","Dagger Throw","Deflect"],"picked":"SKIP","floor":13},{"not_picked":["Dagger Throw","Deflect"],"picked":"Noxious Fumes","floor":14},{"not_picked":["Doppelganger","Night Terror"],"picked":"Glass Knife","floor":16},{"not_picked":["Cloak And Dagger+1","Dodge and Roll+1"],"picked":"Deadly Poison","floor":18},{"not_picked":["Escape Plan","Acrobatics"],"picked":"Backflip","floor":21},{"not_picked":["Blade Dance","Dash"],"picked":"Deflect","floor":22},{"not_picked":["Well Laid Plans","Noxious Fumes"],"picked":"Bane","floor":24},{"not_picked":["Expertise","Flechettes"],"picked":"Dash","floor":27},{"not_picked":["Slice+1","Poisoned Stab"],"picked":"Deflect+1","floor":28},{"not_picked":["Dagger Throw+1","Deflect","Choke"],"picked":"SKIP","floor":30}],"player_experience":1668309,"relics_obtained":[{"floor":7,"key":"Orichalcum"},{"floor":9,"key":"Letter Opener"},{"floor":10,"key":"Mercury Hourglass"},{"floor":24,"key":"Darkstone Periapt"},{"floor":26,"key":"Pen Nib"},{"floor":27,"key":"Nunchaku"}],"event_choices":[{"cards_removed":["Strike_G"],"damage_healed":0,"gold_gain":0,"player_choice":"Purged","damage_taken":0,"max_hp_gain":0,"max_hp_loss":0,"event_name":"Purifier","floor":2,"gold_loss":0},{"damage_healed":0,"gold_gain":0,"cards_transformed":["Strike_G"],"player_choice":"Transformed","damage_taken":0,"max_hp_gain":0,"max_hp_loss":0,"event_name":"Transmorgrifier","floor":19,"gold_loss":0,"cards_obtained":["Die Die Die"]}],"is_beta":false,"boss_relics":[{"not_picked":["Snecko Eye","Black Star"],"picked":"Ring of the Serpent"}],"items_purged_floors":[20,29],"is_endless":false,"potions_floor_spawned":[1,3,7,13,14,22,27],"killed_by":"Book of Stabbing","ascension_level":1}}