{"host":"xu0zbcebhy6w9mdv","time":1609989751,"event":{"mods":["AchievementEnabler","Act Like it!","Aspiration","BaseMod","Better Match","Better Third Choice","BetterRewards","Colored Powertips","Downfall","Duelist Mod","Friendly Minions","Gensokyo","Hallownest","Hubris","Infinite Spire","Marisa????????","Minty Spire (QoL Compilation)","Potionbrewer","Quick Restart","READ ME - Guardian Mod","READ ME - Snecko Mod","Rare Cards Sparkle","Replay The Spire","Shop Mod","StSLib","The Animator","The Blackbeard","The Bug Knight","The Cursed","The Hierophant","The Necromancer","The Runesmith","The Servant 0.9.4"],"gold_per_floor":[144,144,144,144,159,159,159,178,178,211,211,224,57,67,67,145,145,159,194,211,211,221,248,248,283,355,355,372,382,96,110,110,187,187,199,215,124,137,157,157,157,157,183,183,183,183,183,202,202,202],"floor_reached":49,"playtime":3316,"items_purged":["theDuelist:Sparks"],"score":1428,"play_id":"db2c0771-f625-4ad7-b25d-e7fd10bf9f12","local_time":"20210106222231","is_ascension_mode":true,"campfire_choices":[{"data":"theDuelist:StatueAnguishPattern","floor":6,"key":"SMITH"},{"data":"theDuelist:KamionTimelord","floor":11,"key":"SMITH"},{"floor":15,"key":"REST"},{"floor":24,"key":"REST"},{"floor":27,"key":"REST"},{"floor":32,"key":"REST"},{"floor":40,"key":"REST"},{"data":"Trip","floor":44,"key":"SMITH"},{"data":"theDuelist:Zombyra","floor":47,"key":"SMITH"}],"circlet_count":0,"master_deck":["AscendersBane","theDuelist:Wiretap","theDuelist:Hayate","theDuelist:CastleWalls","Apotheosis+1","theDuelist:Eva","theDuelist:StatueAnguishPattern+1","theDuelist:Zombyra+1","theDuelist:DunamesDarkWitch","theDuelist:RainbowKuribohBasic","theDuelist:RainbowFlower","theDuelist:RainbowNeos","theDuelist:IrisEarthMother","theDuelist:Sparks","theDuelist:AncientGearChimera+1","theDuelist:KamionTimelord+1","hubris:Fate+1","Trip+1","theDuelist:CastleWalls","theDuelist:AlphaMagnet","theDuelist:BetaMagnet","theDuelist:GammaMagnet+1","theDuelist:ValkMagnet"],"relics":["theDuelist:MillenniumPuzzle","theDuelist:CardPoolRelic","theDuelist:CardPoolBasicRelic","theDuelist:BoosterPackPoolRelic","theDuelist:CardPoolAddRelic","theDuelist:CardPoolMinusRelic","theDuelist:CardPoolSaveRelic","theDuelist:CardPoolOptionsRelic","theDuelist:MillenniumToken","hubris:Towel","Question Card","Bag of Preparation","theDuelist:MillenniumSymbol","aspiration:PoetsPen_weak","theDuelist:PointPass","Snake Skull","CaptainsWheel","Mummified Hand","aspiration:TomeofQuesting","Ornamental Fan","ReplayTheSpireMod:Shallot","Tiny House","Replay:Wax Seal","theDuelist:MagnetRelic","Orichalcum"],"acts_visited":["Exordium","TheCity","TheBeyond"],"potions_floor_usage":[16,25,29,48],"damage_taken":[{"damage":0,"enemies":"2 Louse","floor":1,"turns":3},{"damage":0,"enemies":"Jaw Worm","floor":5,"turns":1},{"damage":5,"enemies":"Cultist","floor":8,"turns":4},{"damage":12,"enemies":"3 Sentries","floor":10,"turns":5},{"damage":0,"enemies":"Large Slime","floor":12,"turns":2},{"damage":3,"enemies":"Blue Slaver","floor":14,"turns":5},{"damage":13,"enemies":"The Guardian","floor":16,"turns":7},{"damage":0,"enemies":"2 Thieves","floor":18,"turns":3},{"damage":0,"enemies":"Shell Parasite","floor":22,"turns":3},{"damage":28,"enemies":"Nightmare","floor":23,"turns":5},{"damage":0,"enemies":"Book of Stabbing","floor":25,"turns":3},{"damage":0,"enemies":"Cultist and Chosen","floor":28,"turns":3},{"damage":9,"enemies":"Chosen and Byrds","floor":29,"turns":6},{"damage":0,"enemies":"Sentry and Sphere","floor":31,"turns":3},{"damage":0,"enemies":"Champ","floor":33,"turns":7},{"damage":5,"enemies":"Orb Walker","floor":35,"turns":4},{"damage":0,"enemies":"3 Shapes","floor":36,"turns":2},{"damage":0,"enemies":"Sphere and 2 Shapes","floor":38,"turns":3},{"damage":38,"enemies":"Maw","floor":39,"turns":7},{"damage":50,"enemies":"Transient","floor":48,"turns":6},{"damage":4,"enemies":"Sphere and 2 Shapes","floor":49,"turns":3}],"seed_played":"-7462497856236002382","potions_obtained":[{"floor":1,"key":"Cursed Concoction"},{"floor":8,"key":"Dexterity Potion"},{"floor":18,"key":"potionbrewer:FreezingPotion"},{"floor":28,"key":"sneckomod:MuddlingPotion"},{"floor":29,"key":"SmokeBomb"},{"floor":31,"key":"EssenceOfSteel"}],"is_trial":false,"path_per_floor":["M","?","?","?","M","R","$","M","T","E","R","M","$","M","R","B",null,"M","$","?","?","M","NM","R","E","T","R","M","M","$","M","R","B",null,"M","M","$","M","M","R","?","AVR","T","R","PTL","PTL","R","M","M"],"character_chosen":"THE_DUELIST","items_purchased":["theDuelist:MillenniumToken","theDuelist:MillenniumSymbol","theDuelist:PointPass","Snake Skull","ReplayTheSpireMod:Shallot","Replay:Wax Seal"],"campfire_rested":5,"item_purchase_floors":[0,13,19,19,30,37],"current_hp_per_floor":[63,63,63,63,63,63,63,58,58,46,46,46,46,43,64,51,65,65,65,42,42,42,14,35,35,35,56,56,47,47,47,68,68,75,70,70,70,70,32,54,54,54,54,54,54,54,54,4,0,0],"gold":202,"neow_bonus":"","is_daily":false,"chose_seed":false,"campfire_upgraded":4,"win_rate":0.0,"timestamp":1609989751,"path_taken":["M","?","?","?","M","R","$","M","T","E","R","M","?","?","R","BOSS","M","?","?","?","?","NM","R","E","T","R","M","M","$","M","R","BOSS","M","M","$","M","M","R","?","AVR","T","R","PTL","PTL","R","M","M"],"items_purchased_type":["Relic","Relic","Relic","Relic","Relic","Relic"],"build_version":"2020-12-22","purchased_purges":1,"victory":false,"max_hp_per_floor":[70,70,70,70,70,70,70,70,70,70,70,70,70,70,70,70,70,70,70,70,70,70,70,70,70,70,70,70,70,70,70,70,70,75,75,75,75,75,75,75,75,65,65,65,65,65,65,65,65,65],"card_choices":[{"not_picked":["theDuelist:Kasha","theDuelist:Pumpking","theDuelist:Lajinn","theDuelist:CurseDragon","theDuelist:KingYami"],"picked":"SKIP","floor":1},{"not_picked":["theDuelist:IronDraw","theDuelist:TyrantWing","theDuelist:CrystalRaigeki","theDuelist:RainbowGravity"],"picked":"theDuelist:StatueAnguishPattern","floor":5},{"not_picked":["theDuelist:VampireGrace","theDuelist:RainbowBridge","theDuelist:BlacklandFireDragon","theDuelist:RainbowKuriboh"],"picked":"theDuelist:KamionTimelord","floor":8},{"not_picked":["theDuelist:Mudora","theDuelist:PreventRat","theDuelist:DummyGolem","theDuelist:OneForOne","theDuelist:GilfordLegend"],"picked":"SKIP","floor":10},{"not_picked":["theDuelist:AlphaMagnet","theDuelist:ArchfiendSoldier","theDuelist:NeoMagic","theDuelist:CrystalRaigeki"],"picked":"theDuelist:Zombyra","floor":12},{"not_picked":["theDuelist:ZombieWarrior","theDuelist:TwinHeadedFire","theDuelist:BetaMagnet","theDuelist:FiendMegacyber","theDuelist:GadgetSoldier"],"picked":"SKIP","floor":14},{"not_picked":["theDuelist:RainbowNeos","theDuelist:RainbowDragon","theDuelist:KamionTimelord","theDuelist:RainbowKuriboh"],"picked":"theDuelist:IrisEarthMother","floor":16},{"not_picked":["theDuelist:SpiralSpearStrike+1","theDuelist:AncientRules","theDuelist:CardSafeReturn+1","theDuelist:Yami","theDuelist:VioletCrystal"],"picked":"SKIP","floor":18},{"not_picked":["Discovery","Impatience","Master of Strategy"],"picked":"Trip","floor":22},{"not_picked":["infinitespire:NeuralNetwork","infinitespire:Execution"],"picked":"hubris:Fate","floor":23},{"not_picked":["theDuelist:WhiteNinja+1","theDuelist:ShadowVampire","theDuelist:GammaMagnet","theDuelist:FrillerRabca","theDuelist:BigWaveSmallWave"],"picked":"SKIP","floor":23},{"not_picked":["theDuelist:FuryFire","theDuelist:LightningVortex","theDuelist:MillenniumGolem","theDuelist:WormKing","theDuelist:SmashingGround"],"picked":"SKIP","floor":25},{"not_picked":["HandOfGreed","Magnetism","The Bomb+1"],"picked":"Apotheosis","floor":28},{"not_picked":["theDuelist:VampireFraulein","theDuelist:VampireGrace","theDuelist:VampireLord","theDuelist:VampireGenesis","theDuelist:PatricianDarkness"],"picked":"SKIP","floor":29},{"not_picked":["theDuelist:Hinotama+1","theDuelist:EvilswarmHeliotrope","theDuelist:Terraforming","theDuelist:PurplePainOni"],"picked":"theDuelist:Wiretap","floor":31},{"not_picked":["theDuelist:DragonZombie","theDuelist:CrystalEmeraldTortoise+1","theDuelist:DeepDiver","theDuelist:CosmicHorrorGangiel","theDuelist:TributeDoomed"],"picked":"SKIP","floor":35},{"not_picked":["theDuelist:BlizzardWarrior","theDuelist:BabyDragon","theDuelist:FlyingSaucer+1","theDuelist:BlizzardThunderbird","theDuelist:RainbowOverdragon+1"],"picked":"SKIP","floor":36},{"not_picked":["theDuelist:ZombieWarrior","theDuelist:Biofalcon","theDuelist:Zombyra","theDuelist:SevenColoredFish","theDuelist:AmphibiousBugroth"],"picked":"SKIP","floor":38},{"not_picked":["theDuelist:Kasha","theDuelist:ArchfiendSoldier+1","theDuelist:SpiritHarp","theDuelist:WhiteMagicalHat","theDuelist:ValkMagnet"],"picked":"SKIP","floor":39},{"not_picked":["theDuelist:EvilswarmHeliotrope","theDuelist:PotGreed","theDuelist:DummyGolem","theDuelist:Hinotama","theDuelist:GemElephant"],"picked":"SKIP","floor":48}],"player_experience":582890,"relics_obtained":[{"floor":9,"key":"Question Card"},{"floor":10,"key":"Bag of Preparation"},{"floor":20,"key":"CaptainsWheel"},{"floor":23,"key":"Mummified Hand"},{"floor":25,"key":"aspiration:TomeofQuesting"},{"floor":26,"key":"Ornamental Fan"},{"floor":43,"key":"Orichalcum"}],"event_choices":[{"damage_healed":0,"gold_gain":0,"player_choice":"Grow","damage_taken":0,"max_hp_gain":0,"max_hp_loss":0,"event_name":"Living Wall","floor":2,"gold_loss":0,"cards_upgraded":["theDuelist:AncientGearChimera"]},{"damage_healed":0,"gold_gain":0,"player_choice":"Ignored","damage_taken":144,"max_hp_gain":0,"max_hp_loss":0,"event_name":"betterThird:BetterSerpent","floor":3,"gold_loss":0},{"damage_healed":0,"gold_gain":0,"player_choice":"Ignored","damage_taken":0,"max_hp_gain":0,"max_hp_loss":0,"event_name":"Vampires","floor":21,"gold_loss":0}],"is_beta":false,"boss_relics":[{"not_picked":["aspiration:RunicSpoon","Astrolabe"],"picked":"aspiration:PoetsPen_weak"},{"not_picked":["Calling Bell","hubris:RunicObelisk"],"picked":"Tiny House"}],"items_purged_floors":[42],"is_endless":false,"potions_floor_spawned":[1,8,16,18,28,29,31,35],"killed_by":"Sphere and 2 Shapes","ascension_level":18}}