{"host":"36mulxq349byzoa2","time":1609978033,"event":{"mods":["AchievementEnabler","BaseMod","Better Match","Block Reminder","Colored Map","Colored Powertips","Minty Spire (QoL Compilation)","Rare Cards Sparkle","StSLib","SuperFastMode"],"gold_per_floor":[119,219,229,229,243,273,273,285,308,308,317,338,364,408,408,492,492,511,530,549,549,549,549],"floor_reached":22,"playtime":852,"items_purged":[],"score":386,"play_id":"868a93b9-2e45-492e-a786-6749d8c8769a","local_time":"20210106190713","is_ascension_mode":true,"campfire_choices":[{"data":"Wraith Form v2","floor":7,"key":"SMITH"},{"floor":10,"key":"REST"},{"floor":15,"key":"REST"}],"circlet_count":0,"master_deck":["AscendersBane","Strike_G","Strike_G","Strike_G","Defend_G+1","Defend_G","Defend_G","Defend_G","Defend_G+1","Survivor","Neutralize","Blade Dance","Blade Dance","Quick Slash","Wraith Form v2+1","Well Laid Plans","Poisoned Stab","Bane","All Out Attack","Skewer","Malaise","Phantasmal Killer+1","Finisher"],"relics":["Ring of the Snake","NeowsBlessing","Happy Flower","CeramicFish","War Paint","WristBlade"],"acts_visited":["Exordium","TheCity"],"potions_floor_usage":[6,12,14,16,20,22],"damage_taken":[{"damage":0,"enemies":"Jaw Worm","floor":1,"turns":1},{"damage":0,"enemies":"Cultist","floor":3,"turns":1},{"damage":0,"enemies":"Small Slimes","floor":5,"turns":1},{"damage":32,"enemies":"Lagavulin","floor":6,"turns":6},{"damage":18,"enemies":"Gremlin Gang","floor":8,"turns":4},{"damage":2,"enemies":"2 Fungi Beasts","floor":12,"turns":4},{"damage":1,"enemies":"Red Slaver","floor":13,"turns":3},{"damage":12,"enemies":"3 Sentries","floor":14,"turns":6},{"damage":17,"enemies":"Slime Boss","floor":16,"turns":9},{"damage":9,"enemies":"Shell Parasite","floor":18,"turns":4},{"damage":5,"enemies":"2 Thieves","floor":19,"turns":4},{"damage":24,"enemies":"Snecko","floor":20,"turns":6},{"damage":17,"enemies":"Cultist and Chosen","floor":22,"turns":7}],"seed_played":"131878490577862697","potions_obtained":[{"floor":3,"key":"BlessingOfTheForge"},{"floor":5,"key":"GamblersBrew"},{"floor":8,"key":"BlessingOfTheForge"},{"floor":12,"key":"SkillPotion"},{"floor":19,"key":"BlessingOfTheForge"},{"floor":20,"key":"LiquidMemories"}],"is_trial":false,"path_per_floor":["M","?","M","?","M","E","R","M","T","R","?","M","M","E","R","B",null,"M","M","M","?","M"],"character_chosen":"THE_SILENT","items_purchased":[],"campfire_rested":2,"item_purchase_floors":[],"current_hp_per_floor":[59,59,59,59,59,27,27,9,9,28,28,26,25,13,32,15,53,44,39,15,15,0,0],"gold":549,"neow_bonus":"THREE_ENEMY_KILL","is_daily":false,"chose_seed":false,"campfire_upgraded":1,"win_rate":0.0,"timestamp":1609978033,"path_taken":["M","?","?","?","M","E","R","?","T","R","?","?","M","E","R","BOSS","M","M","M","?","?"],"items_purchased_type":[],"build_version":"2020-12-22","purchased_purges":0,"victory":false,"max_hp_per_floor":[66,66,66,66,66,66,66,66,66,66,66,66,66,66,66,66,66,66,66,66,66,66,66],"card_choices":[{"not_picked":["Dagger Spray","Masterful Stab"],"picked":"Blade Dance","floor":1},{"not_picked":["Slice","Dagger Spray"],"picked":"Blade Dance","floor":3},{"not_picked":["Escape Plan","Slice"],"picked":"Quick Slash","floor":5},{"not_picked":["Distraction","Acrobatics"],"picked":"Wraith Form v2","floor":6},{"not_picked":["Footwork","Heel Hook"],"picked":"Well Laid Plans","floor":8},{"not_picked":["Acrobatics","Deflect"],"picked":"Bane","floor":12},{"not_picked":["Footwork","Underhanded Strike"],"picked":"All Out Attack","floor":13},{"not_picked":["Sucker Punch","Well Laid Plans"],"picked":"Skewer","floor":14},{"not_picked":["Envenom","Wraith Form v2"],"picked":"Malaise","floor":16},{"not_picked":["Outmaneuver","Dodge and Roll","Sucker Punch"],"picked":"SKIP","floor":18},{"not_picked":["Dagger Spray","Caltrops"],"picked":"Phantasmal Killer","floor":19},{"not_picked":["Dodge and Roll","Poisoned Stab"],"picked":"Finisher","floor":20}],"player_experience":1010377,"relics_obtained":[{"floor":6,"key":"Happy Flower"},{"floor":9,"key":"CeramicFish"},{"floor":14,"key":"War Paint"}],"event_choices":[{"damage_healed":0,"gold_gain":100,"player_choice":"Gold","damage_taken":0,"max_hp_gain":0,"max_hp_loss":0,"event_name":"Wheel of Change","floor":2,"gold_loss":0},{"cards_removed":["Strike_G"],"damage_healed":0,"gold_gain":0,"player_choice":"Purged","damage_taken":0,"max_hp_gain":0,"max_hp_loss":0,"event_name":"Purifier","floor":4,"gold_loss":0},{"damage_healed":0,"gold_gain":0,"cards_transformed":["Strike_G"],"player_choice":"Transformed","damage_taken":0,"max_hp_gain":0,"max_hp_loss":0,"event_name":"Transmorgrifier","floor":11,"gold_loss":0,"cards_obtained":["Poisoned Stab"]},{"damage_healed":0,"gold_gain":0,"player_choice":"Forge","damage_taken":0,"max_hp_gain":0,"max_hp_loss":0,"event_name":"Accursed Blacksmith","floor":21,"gold_loss":0,"cards_upgraded":["Phantasmal Killer"]}],"is_beta":false,"boss_relics":[{"not_picked":["Black Star","SacredBark"],"picked":"WristBlade"}],"items_purged_floors":[],"is_endless":false,"potions_floor_spawned":[3,5,8,12,19,20],"killed_by":"Cultist and Chosen","ascension_level":19}}