{"host":"u7lm8z2rvb4dg2oo","time":1609993680,"event":{"mods":["AchievementEnabler","BaseMod","Colored Map","Colored Powertips","Curses Come First","Googly Eyes","Highlight Path","Minty Spire (QoL Compilation)","Quick Restart","StSLib"],"gold_per_floor":[234,110,185,150,164,164,164,190,202,248,281,296,296,296,323,323,323,323],"floor_reached":16,"playtime":874,"items_purged":[],"score":222,"play_id":"9bf23d3c-33e0-4934-9534-3a3a1ed60360","local_time":"20210106232800","is_ascension_mode":true,"campfire_choices":[{"data":"PathToVictory","floor":6.0,"key":"SMITH"},{"floor":12.0,"key":"REST"},{"floor":15.0,"key":"REST"}],"circlet_count":0,"master_deck":["AscendersBane","Strike_P","Strike_P","Strike_P","Strike_P","Defend_P","Defend_P","Defend_P","Defend_P","Eruption","Vigilance","PathToVictory+1","CutThroughFate","Weave","JustLucky","ForeignInfluence","Judgement","CutThroughFate"],"relics":["PureWater","NeowsBlessing","Ancient Tea Set","Damaru","Omamori","Gremlin Horn","Orichalcum"],"acts_visited":["Exordium"],"potions_floor_usage":[16],"damage_taken":[{"damage":0.0,"enemies":"Jaw Worm","floor":1.0,"turns":1.0},{"damage":0.0,"enemies":"2 Louse","floor":4.0,"turns":1.0},{"damage":0.0,"enemies":"Gremlin Nob","floor":7.0,"turns":1.0},{"damage":0.0,"enemies":"Small Slimes","floor":8.0,"turns":2.0},{"damage":28.0,"enemies":"3 Sentries","floor":10.0,"turns":4.0},{"damage":2.0,"enemies":"Exordium Wildlife","floor":11.0,"turns":4.0},{"damage":38.0,"enemies":"Gremlin Nob","floor":14.0,"turns":3.0},{"damage":23,"enemies":"Hexaghost","floor":16,"turns":7}],"seed_played":"-3082644041735680033","potions_obtained":[{"floor":4.0,"key":"SkillPotion"},{"floor":8.0,"key":"Strength Potion"},{"floor":10.0,"key":"Block Potion"},{"floor":11.0,"key":"EntropicBrew"},{"floor":14.0,"key":"Fire Potion"}],"is_trial":false,"path_per_floor":["M","?","?","M","?","R","E","M","T","E","M","R","?","E","R","B"],"character_chosen":"WATCHER","items_purchased":[],"campfire_rested":2,"item_purchase_floors":[],"current_hp_per_floor":[32,65,54,72,72,65,65,65,65,65,37,35,56,56,18,39,16,16],"gold":323,"neow_bonus":"THREE_ENEMY_KILL","is_daily":false,"chose_seed":false,"campfire_upgraded":1,"win_rate":0.0,"timestamp":1609993680,"path_taken":["M","?","?","M","?","R","E","?","T","E","M","R","?","E","R","BOSS"],"items_purchased_type":[],"build_version":"2020-12-22","purchased_purges":0,"victory":false,"max_hp_per_floor":[72,72,72,72,72,72,72,72,72,72,72,72,72,72,72,72,72,72],"card_choices":[{"not_picked":["FlurryOfBlows","Fasting2"],"picked":"PathToVictory","floor":1.0},{"not_picked":["MentalFortress","Prostrate"],"picked":"CutThroughFate","floor":4.0},{"not_picked":["BowlingBash","Pray","EmptyBody"],"picked":"SKIP","floor":7.0},{"not_picked":["Crescendo","Collect"],"picked":"Weave","floor":8.0},{"not_picked":["Worship","DeusExMachina"],"picked":"JustLucky","floor":10.0},{"not_picked":["CrushJoints","EmptyBody","DeceiveReality"],"picked":"SKIP","floor":11.0},{"not_picked":["ForeignInfluence","ClearTheMind"],"picked":"CutThroughFate","floor":14.0}],"player_experience":1101456,"relics_obtained":[{"floor":7.0,"key":"Damaru"},{"floor":9.0,"key":"Omamori"},{"floor":10.0,"key":"Gremlin Horn"},{"floor":14.0,"key":"Orichalcum"}],"event_choices":[{"damage_healed":0.0,"max_hp_gain":0.0,"max_hp_loss":0.0,"gold_gain":75.0,"event_name":"World of Goop","player_choice":"Gather Gold","floor":2.0,"gold_loss":0.0,"damage_taken":11.0},{"damage_healed":18.0,"max_hp_gain":0.0,"max_hp_loss":0.0,"gold_gain":0.0,"event_name":"The Cleric","player_choice":"Healed","floor":3.0,"gold_loss":35.0,"damage_taken":0.0},{"damage_healed":0.0,"max_hp_gain":0.0,"max_hp_loss":0.0,"gold_gain":0.0,"event_name":"Scrap Ooze","player_choice":"Success","floor":5.0,"gold_loss":0.0,"damage_taken":7.0,"relics_obtained":["Ancient Tea Set"]},{"damage_healed":0.0,"max_hp_gain":0.0,"max_hp_loss":0.0,"gold_gain":0.0,"event_name":"Match and Keep!","player_choice":"2 cards matched","floor":13.0,"gold_loss":0.0,"damage_taken":0.0,"cards_obtained":["ForeignInfluence","Judgement"]}],"is_beta":false,"boss_relics":[],"items_purged_floors":[],"is_endless":false,"potions_floor_spawned":[4,8,10,11,14],"killed_by":"Hexaghost","ascension_level":11}}