{"host":"iw1dt7ywl9ghfooz","time":1609998546,"event":{"mods":["Astrologer","BaseMod","Downfall","Hubris","Marisa????????","Minty Spire (QoL Compilation)","StSLib","The Bug Knight","The Cursed","The Disciple","The Marked","The Necromancer","The Servant 0.9.4"],"gold_per_floor":[110,110,110,185,185,196,210,210,210,210,239,258,272,292,292,397,397,397],"floor_reached":17,"playtime":746,"items_purged":[],"score":157,"play_id":"3e2066c2-ffb2-46a6-afba-0be857ff8682","local_time":"20210107154906","is_ascension_mode":false,"campfire_choices":[{"floor":8,"key":"RECALL"},{"floor":15,"key":"REST"}],"circlet_count":0,"master_deck":["TheCursedMod:Strike_TheCursed","TheCursedMod:Strike_TheCursed","TheCursedMod:Strike_TheCursed","TheCursedMod:Strike_TheCursed","TheCursedMod:Defend_TheCursed","TheCursedMod:Defend_TheCursed","TheCursedMod:Defend_TheCursed","TheCursedMod:Defend_TheCursed","TheCursedMod:CursedWand","TheCursedMod:CleanUpWorkshop","TheCursedMod:Dregs","Clumsy","TheCursedMod:ShockAndAwe","TheCursedMod:CursedMace+1","TheCursedMod:CursedSpellbook","TheCursedMod:CursedBlade","TheCursedMod:FleshFromBone","TheCursedMod:DoubleShield","TheCursedMod:NeowsMight","TheCursedMod:Obscuration","TheCursedMod:CursedAmulet","TheCursedMod:DemonSword"],"relics":["TheCursedMod:BlackMagic101","Blood Vial","SlaversCollar"],"acts_visited":["Exordium","TheCity"],"potions_floor_usage":[11,16],"damage_taken":[{"damage":0,"enemies":"2 Louse","floor":1,"turns":3},{"damage":0,"enemies":"Cultist","floor":6,"turns":2},{"damage":7,"enemies":"Small Slimes","floor":7,"turns":2},{"damage":6,"enemies":"Gremlin Nob","floor":11,"turns":3},{"damage":12,"enemies":"3 Louse","floor":12,"turns":3},{"damage":0,"enemies":"Large Slime","floor":13,"turns":3},{"damage":0,"enemies":"Blue Slaver","floor":14,"turns":5},{"damage":63,"enemies":"The Guardian","floor":16,"turns":16}],"seed_played":"-8491749682621932438","potions_obtained":[{"floor":1,"key":"hexamod:EctoCoolerPotion"},{"floor":12,"key":"champ:CounterPotion"},{"floor":13,"key":"Swift Potion"},{"floor":14,"key":"LiquidMemories"}],"is_trial":false,"path_per_floor":["M","?","$","?","?","M","M","R","T","?","E","M","M","M","R","B",null],"character_chosen":"THE_CURSED","items_purchased":[],"campfire_rested":1,"item_purchase_floors":[],"current_hp_per_floor":[75,75,75,64,64,64,57,57,57,57,51,41,43,45,67,6,75,75],"gold":397,"neow_bonus":"THREE_RARE_CARDS","is_daily":false,"chose_seed":false,"campfire_upgraded":0,"win_rate":0.0,"timestamp":1609998546,"path_taken":["M","?","?","?","?","?","M","R","T","?","E","M","M","M","R","BOSS"],"items_purchased_type":[],"build_version":"2020-12-22","purchased_purges":0,"victory":false,"max_hp_per_floor":[75,75,75,75,75,75,75,75,75,75,75,75,75,75,75,75,75,75],"card_choices":[{"not_picked":["TheCursedMod:AntiAging","TheCursedMod:DarkBarrier"],"picked":"TheCursedMod:ShockAndAwe","floor":0},{"not_picked":["TheCursedMod:Torture","TheCursedMod:SpreadPlague"],"picked":"TheCursedMod:CursedMace","floor":1},{"not_picked":["TheCursedMod:CircleOfFlame","TheCursedMod:CursedMace","TheCursedMod:CursedArmor"],"picked":"SKIP","floor":6},{"not_picked":["TheCursedMod:Stigma","TheCursedMod:SpitefulStrike"],"picked":"TheCursedMod:DoubleShield","floor":7},{"not_picked":["TheCursedMod:CursedBlade","TheCursedMod:SurpriseAttack"],"picked":"TheCursedMod:NeowsMight","floor":11},{"not_picked":["TheCursedMod:SmokeScreen","TheCursedMod:SurpriseAttack"],"picked":"TheCursedMod:Obscuration","floor":12},{"not_picked":["TheCursedMod:SurpriseAttack","TheCursedMod:Stigma"],"picked":"TheCursedMod:CursedAmulet","floor":13},{"not_picked":["TheCursedMod:TacticalStrike","TheCursedMod:CircleOfCorruption"],"picked":"TheCursedMod:DemonSword","floor":14}],"player_experience":607064,"relics_obtained":[{"floor":11,"key":"Blood Vial"}],"event_choices":[{"damage_healed":0,"gold_gain":0,"player_choice":"2 cards matched","damage_taken":0,"max_hp_gain":0,"max_hp_loss":0,"event_name":"Match and Keep!","floor":2,"gold_loss":0,"cards_obtained":["TheCursedMod:CursedSpellbook","TheCursedMod:CursedBlade"]},{"damage_healed":0,"gold_gain":75,"player_choice":"Gather Gold","damage_taken":11,"max_hp_gain":0,"max_hp_loss":0,"event_name":"World of Goop","floor":4,"gold_loss":0},{"damage_healed":0,"gold_gain":0,"player_choice":"Grow","damage_taken":0,"max_hp_gain":0,"max_hp_loss":0,"event_name":"Living Wall","floor":10,"gold_loss":0,"cards_upgraded":["TheCursedMod:CursedMace"]}],"is_beta":false,"boss_relics":[{"not_picked":["Astrolabe","hubris:GrandSneckoEye"],"picked":"SlaversCollar"}],"items_purged_floors":[],"is_endless":false,"potions_floor_spawned":[1,12,13,14],"ascension_level":0}}