{"host":"ds1yr10zonoc6w4a","time":1609983510,"event":{"mods":["BaseMod","Better Match","Better Third Choice","BetterRewards","Minty Spire (QoL Compilation)","StSLib","The Animator"],"gold_per_floor":[127,144,144,144,144,144,187,187,213,213,213,213,239,270,270,368,368,384,384,384,384,402,402,436,448,487,499,499],"floor_reached":27,"playtime":2869,"items_purged":[],"score":481,"play_id":"f2892b67-fce0-40a6-b5a3-2763382fc9ee","local_time":"20210106183830","is_ascension_mode":true,"campfire_choices":[{"data":"animator:SuzuneAmano","floor":6,"key":"SMITH"},{"data":"animator:DolaStephanie","floor":8,"key":"SMITH"},{"floor":15,"key":"REST"},{"floor":23,"key":"REST"},{"floor":25,"key":"REST"}],"circlet_count":0,"master_deck":["AscendersBane","animator:Strike_MadokaMagica","animator:Defend_MadokaMagica","animator:Defend","animator:Defend","animator:Defend","animator:IrohaTamaki+1","animator:YuiTsuruno","animator:SuzuneAmano+1","animator:KyokoSakura+1","Injury","animator:DolaStephanie+1","animator:HinaKagiyama","animator:Curse_Dizziness","animator:SayakaMiki","animator:YuiTsuruno","animator:Spearman","animator:Kyubey","animator:DolaCouronne","animator:Kyubey"],"relics":["animator:LivingPicture","animator:TheMissingPiece","animator:PurgingStone","Bloody Idol","Juzu Bracelet","animator:ShionDessert","Dream Catcher","Mark of Pain","Nilry\u0027s Codex","Nloth\u0027s Gift","MawBank"],"acts_visited":["Exordium","TheCity"],"potions_floor_usage":[14,16,18],"damage_taken":[{"damage":0,"enemies":"Small Slimes","floor":1,"turns":1},{"damage":0,"enemies":"Jaw Worm","floor":2,"turns":1},{"damage":0,"enemies":"Lagavulin","floor":7,"turns":2},{"damage":0,"enemies":"Cultist","floor":13,"turns":3},{"damage":7,"enemies":"3 Sentries","floor":14,"turns":8},{"damage":2,"enemies":"Slime Boss","floor":16,"turns":8},{"damage":0,"enemies":"3 Byrds","floor":18,"turns":6},{"damage":8,"enemies":"Chosen","floor":22,"turns":4},{"damage":39,"enemies":"animator:HornedBat","floor":24,"turns":8},{"damage":32,"enemies":"Colosseum Slavers","floor":27,"turns":5},{"damage":31,"enemies":"Colosseum Nobs","floor":27,"turns":3}],"seed_played":"2686735468579383566","potions_obtained":[{"floor":1,"key":"Energy Potion"},{"floor":7,"key":"Strength Potion"},{"floor":16,"key":"SkillPotion"}],"is_trial":false,"path_per_floor":["M","M","?","?","?","R","E","R","T","?","?","?","M","E","R","B",null,"M","?","?","?","M","R","E","R","T","?"],"character_chosen":"THE_ANIMATOR","items_purchased":[],"campfire_rested":3,"item_purchase_floors":[],"current_hp_per_floor":[54,55,37,30,30,30,30,30,30,30,30,30,30,23,41,40,57,57,36,36,36,33,51,17,40,50,0,0],"gold":499,"neow_bonus":"THREE_ENEMY_KILL","is_daily":false,"chose_seed":false,"campfire_upgraded":2,"win_rate":0.0,"timestamp":1609983510,"path_taken":["M","M","?","?","?","R","E","R","T","?","?","?","M","E","R","BOSS","M","?","?","?","M","R","E","R","T","?"],"items_purchased_type":[],"build_version":"2020-12-22","purchased_purges":0,"victory":false,"max_hp_per_floor":[60,61,61,61,61,61,61,61,61,61,61,61,61,61,61,62,62,62,62,62,62,62,62,62,62,62,62,62],"card_choices":[{"not_picked":["animator:LeleiLaLalena","animator:Shichika"],"picked":"animator:SuzuneAmano","floor":1},{"not_picked":["animator:Raven","animator:ElricAlphonse"],"picked":"animator:KyokoSakura","floor":2},{"not_picked":["animator:Raven","animator:WinryRockbell"],"picked":"animator:DolaStephanie","floor":7},{"not_picked":["animator:OrikoMikuni","animator:IrohaTamaki"],"picked":"animator:SayakaMiki","floor":13},{"not_picked":["animator:IrohaTamaki","animator:ElricAlphonse"],"picked":"animator:YuiTsuruno","floor":14},{"not_picked":["animator:IzunaHatsuse","animator:Hakurou"],"picked":"animator:Spearman","floor":15},{"not_picked":["animator:PinaCoLada","animator:Albedo"],"picked":"animator:Kyubey","floor":16},{"not_picked":["animator:Vanir","animator:Ara"],"picked":"animator:DolaCouronne","floor":18},{"not_picked":["animator:Millim","animator:Emonzaemon","animator:Sloth"],"picked":"SKIP","floor":22},{"not_picked":["animator:OrikoMikuni","animator:YachiyoNanami"],"picked":"animator:Kyubey","floor":24}],"player_experience":660126,"relics_obtained":[{"floor":7,"key":"Juzu Bracelet"},{"floor":9,"key":"animator:ShionDessert"},{"floor":14,"key":"Dream Catcher"},{"floor":19,"key":"Nilry\u0027s Codex"},{"floor":24,"key":"MawBank"}],"event_choices":[{"damage_healed":55,"gold_gain":0,"player_choice":"Upgrade","damage_taken":18,"max_hp_gain":0,"max_hp_loss":61,"event_name":"betterThird:BetterShining","floor":3,"gold_loss":0,"cards_upgraded":["animator:KyokoSakura","animator:IrohaTamaki"]},{"cards_removed":["animator:Strike"],"damage_healed":0,"gold_gain":0,"player_choice":"Card Removal","damage_taken":7,"max_hp_gain":0,"max_hp_loss":0,"event_name":"Golden Wing","floor":4,"gold_loss":0},{"damage_healed":0,"gold_gain":0,"player_choice":"Take Wound","damage_taken":0,"relics_obtained":["Golden Idol"],"max_hp_gain":0,"max_hp_loss":0,"event_name":"Golden Idol","floor":5,"gold_loss":0,"cards_obtained":["Injury"]},{"cards_removed":["animator:Strike"],"damage_healed":0,"gold_gain":0,"player_choice":"Forget","damage_taken":0,"max_hp_gain":0,"max_hp_loss":0,"event_name":"Living Wall","floor":10,"gold_loss":0},{"cards_removed":["animator:Strike"],"damage_healed":0,"gold_gain":0,"player_choice":"Purged","damage_taken":0,"max_hp_gain":0,"max_hp_loss":0,"event_name":"Purifier","floor":12,"gold_loss":0},{"damage_healed":0,"gold_gain":0,"player_choice":"Obtained Book","damage_taken":21,"max_hp_gain":0,"max_hp_loss":0,"event_name":"Cursed Tome","floor":19,"gold_loss":0},{"damage_healed":0,"gold_gain":0,"player_choice":"Traded Relic","damage_taken":0,"relics_obtained":["Nloth\u0027s Gift"],"max_hp_gain":0,"max_hp_loss":0,"event_name":"N\u0027loth","floor":20,"relics_lost":["NeowsBlessing"],"gold_loss":0},{"damage_healed":0,"gold_gain":0,"player_choice":"Gave Idol","damage_taken":0,"relics_obtained":["Bloody Idol"],"max_hp_gain":0,"max_hp_loss":0,"event_name":"Forgotten Altar","floor":21,"relics_lost":["Golden Idol"],"gold_loss":0},{"damage_healed":0,"gold_gain":0,"player_choice":"Fight","damage_taken":0,"max_hp_gain":0,"max_hp_loss":0,"event_name":"Colosseum","floor":27,"gold_loss":0},{"damage_healed":0,"gold_gain":0,"player_choice":"Fought Nobs","damage_taken":0,"max_hp_gain":0,"max_hp_loss":0,"event_name":"Colosseum","floor":27,"gold_loss":0}],"is_beta":false,"boss_relics":[{"not_picked":["Pandora\u0027s Box","Black Star"],"picked":"Mark of Pain"}],"items_purged_floors":[],"is_endless":false,"potions_floor_spawned":[1,7,16,27],"killed_by":"Colosseum Nobs","ascension_level":17}}