{"host":"zjxcc3u4aqpoowwq","time":1609994418,"event":{"mods":["100% Spire Juice","2.2 Compatiblity","AchievementEnabler","BaseMod","Better Third Choice","CapriCore","Colored Map","Keyboard Shortcuts","Minty Spire (QoL Compilation)","StSLib"],"gold_per_floor":[14,14,34,45,56,87,87,87,87],"floor_reached":8,"playtime":481,"items_purged":[],"score":64,"play_id":"0aa93251-1a60-49cb-a64d-1884cb542289","local_time":"20210107134018","is_ascension_mode":true,"campfire_choices":[{"data":"Moonworks:x16BigRocket","floor":7,"key":"SMITH"}],"circlet_count":0,"master_deck":["Moonworks:Strike","Moonworks:Strike","Moonworks:Strike","Moonworks:Strike","Moonworks:Defend","Moonworks:Defend","Moonworks:Defend","Moonworks:Defend","Moonworks:Ambush","Moonworks:LongDistanceShot","Moonworks:FullSpeedAlicianrone","Moonworks:x16BigRocket+1","Moonworks:DeployBits","Moonworks:OutOfAmmo"],"relics":["Moonworks:BrokenBomb","Moonworks:Homemark","Calipers","Torii"],"acts_visited":["Exordium"],"potions_floor_usage":[8,8],"damage_taken":[{"damage":6,"enemies":"Cultist","floor":1,"turns":4},{"damage":1,"enemies":"2 Louse","floor":3,"turns":2},{"damage":5,"enemies":"Small Slimes","floor":4,"turns":3},{"damage":15,"enemies":"Exordium Wildlife","floor":5,"turns":4},{"damage":28,"enemies":"Gremlin Nob","floor":6,"turns":4},{"damage":16,"enemies":"Lagavulin","floor":8,"turns":4}],"seed_played":"-1736563961489216630","potions_obtained":[{"floor":1,"key":"SkillPotion"},{"floor":6,"key":"BlessingOfTheForge"}],"is_trial":false,"path_per_floor":["M","$","M","M","M","E","R","E"],"character_chosen":"THE_STARBREAKER","items_purchased":[],"campfire_rested":0,"item_purchase_floors":[],"current_hp_per_floor":[54,54,53,48,33,5,5,0,0],"gold":87,"neow_bonus":"ONE_RARE_RELIC","is_daily":false,"chose_seed":false,"campfire_upgraded":1,"win_rate":0.0,"timestamp":1609994418,"path_taken":["M","$","?","M","M","E","R","E"],"items_purchased_type":[],"build_version":"2020-12-22","purchased_purges":0,"victory":false,"max_hp_per_floor":[60,60,60,60,60,60,60,60,60],"card_choices":[{"not_picked":["Moonworks:SelfDestruct","Moonworks:Assault"],"picked":"Moonworks:FullSpeedAlicianrone","floor":1},{"not_picked":["Moonworks:JonathanRush","Moonworks:ImOnFire"],"picked":"Moonworks:x16BigRocket","floor":3},{"not_picked":["Moonworks:LulusLuckyEgg","Moonworks:ExtendedPhotonRifle","Moonworks:FinalSurgery"],"picked":"SKIP","floor":4},{"not_picked":["Moonworks:Assault","Moonworks:LulusLuckyEgg"],"picked":"Moonworks:DeployBits","floor":5},{"not_picked":["Moonworks:ExtendedPhotonRifle","Moonworks:RagingMadness"],"picked":"Moonworks:OutOfAmmo","floor":6}],"player_experience":822163,"relics_obtained":[{"floor":6,"key":"Torii"}],"event_choices":[],"is_beta":false,"boss_relics":[],"items_purged_floors":[],"is_endless":false,"potions_floor_spawned":[1,6],"killed_by":"Lagavulin","ascension_level":2}}