{"host":"2se5dq1do2gp0x9k","time":1609987123,"event":{"mods":["AchievementEnabler","BaseMod","Block Reminder","Colored Map","Colored Powertips","Minty Spire (QoL Compilation)","Relic Stats","StSLib","SuperFastMode"],"gold_per_floor":[414,433,433,451,130,130,173,173,226,239,283,283,283,323,323,416,416,416,416],"floor_reached":18,"playtime":761,"items_purged":[],"score":356,"play_id":"5e49bc27-0d0b-42c0-b190-d831501ad83a","local_time":"20210106183843","is_ascension_mode":true,"campfire_choices":[{"data":"Hologram","floor":6.0,"key":"SMITH"},{"data":"Buffer","floor":15.0,"key":"SMITH"}],"circlet_count":0,"master_deck":["AscendersBane","Strike_B","Strike_B","Strike_B","Defend_B","Defend_B","Defend_B","Defend_B","Zap","Dualcast","CurseOfTheBell","Capacitor","Hologram+1","Ball Lightning","Discovery","Doom and Gloom","Ball Lightning","Buffer+1","Hologram","Seek"],"relics":["Calling Bell","Ancient Tea Set","Cables","Old Coin","Golden Idol","Bag of Preparation","Bronze Scales","MealTicket","Singing Bowl","PreservedInsect","SlaversCollar"],"acts_visited":["Exordium","TheCity"],"potions_floor_usage":[],"damage_taken":[{"damage":4.0,"enemies":"Jaw Worm","floor":1.0,"turns":4.0},{"damage":9.0,"enemies":"Small Slimes","floor":2.0,"turns":4.0},{"damage":1.0,"enemies":"Cultist","floor":4.0,"turns":4.0},{"damage":40.0,"enemies":"3 Sentries","floor":7.0,"turns":7.0},{"damage":15.0,"enemies":"3 Louse","floor":10.0,"turns":4.0},{"damage":18.0,"enemies":"Lagavulin","floor":11.0,"turns":5.0},{"damage":15.0,"enemies":"3 Sentries","floor":14.0,"turns":5.0},{"damage":2.0,"enemies":"Hexaghost","floor":16.0,"turns":9.0},{"damage":18,"enemies":"Shell Parasite","floor":18,"turns":4}],"seed_played":"6360672179127838140","potions_obtained":[{"floor":1.0,"key":"BlessingOfTheForge"},{"floor":2.0,"key":"FearPotion"},{"floor":7.0,"key":"DuplicationPotion"},{"floor":16.0,"key":"Swift Potion"}],"is_trial":false,"path_per_floor":["M","M","?","M","$","R","E","?","T","M","E","?","?","E","R","B",null,"M"],"character_chosen":"DEFECT","items_purchased":["Ball Lightning","Discovery","Bag of Preparation"],"campfire_rested":0,"item_purchase_floors":[5,5,5],"current_hp_per_floor":[60,51,51,50,50,50,10,64,64,49,31,24,24,9,9,7,50,32,32],"gold":416,"neow_bonus":"BOSS_RELIC","is_daily":false,"chose_seed":false,"campfire_upgraded":2,"win_rate":0.0,"timestamp":1609987123,"path_taken":["M","M","?","M","$","R","E","?","T","?","E","?","?","E","R","BOSS","M"],"items_purchased_type":["Card","Card","Relic"],"build_version":"2020-12-22","purchased_purges":0,"victory":false,"max_hp_per_floor":[71,71,64,64,64,64,64,64,64,64,64,64,64,64,64,64,64,64,64],"relic_stats":{"Singing Bowl":0,"counters":[9,46],"Golden Idol":52,"Bronze Scales":[90],"MealTicket":0,"PreservedInsect":0,"Bag of Preparation":[12],"obtain_stats":[{"Calling Bell":0,"SlaversCollar":17,"Singing Bowl":11,"Golden Idol":3,"Bronze Scales":7,"MealTicket":9,"PreservedInsect":14,"Bag of Preparation":5,"Cracked Core":0,"Ancient Tea Set":0,"Cables":0,"Old Coin":0},{"Calling Bell":0,"SlaversCollar":8,"Singing Bowl":6,"Golden Idol":2,"Bronze Scales":4,"MealTicket":4,"PreservedInsect":7,"Bag of Preparation":3,"Cracked Core":0,"Ancient Tea Set":0,"Cables":0,"Old Coin":0},{"Calling Bell":0,"SlaversCollar":42,"Singing Bowl":28,"Golden Idol":8,"Bronze Scales":19,"MealTicket":19,"PreservedInsect":33,"Bag of Preparation":12,"Cracked Core":0,"Ancient Tea Set":0,"Cables":0,"Old Coin":0}],"Cables":[33,28,1,4,0]},"card_choices":[{"not_picked":["Aggregate","Stack"],"picked":"Capacitor","floor":1.0},{"not_picked":["Recycle","Hologram"],"picked":"Hello World","floor":2.0},{"not_picked":["Stack","Coolheaded"],"picked":"Hologram","floor":4.0},{"not_picked":["Blizzard","Heatsinks"],"picked":"Doom and Gloom","floor":7.0},{"not_picked":["Self Repair","Redo"],"picked":"Ball Lightning","floor":10.0},{"not_picked":["Fusion","Ball Lightning"],"picked":"Buffer","floor":11.0},{"not_picked":["Stack","Compile Driver"],"picked":"Hologram","floor":14.0},{"not_picked":["Thunder Strike","Hyperbeam"],"picked":"Seek","floor":16.0}],"player_experience":3787880,"relics_obtained":[{"floor":0.0,"key":"Ancient Tea Set"},{"floor":0.0,"key":"Cables"},{"floor":0.0,"key":"Old Coin"},{"floor":7.0,"key":"Bronze Scales"},{"floor":9.0,"key":"MealTicket"},{"floor":11.0,"key":"Singing Bowl"},{"floor":14.0,"key":"PreservedInsect"}],"event_choices":[{"damage_healed":0.0,"max_hp_gain":0.0,"max_hp_loss":7.0,"gold_gain":0.0,"event_name":"Golden Idol","player_choice":"Lose Max HP","floor":3.0,"gold_loss":0.0,"damage_taken":0.0,"relics_obtained":["Golden Idol"]},{"cards_removed":["Hello World"],"damage_healed":54.0,"max_hp_gain":0.0,"max_hp_loss":0.0,"gold_gain":0.0,"event_name":"Bonfire Elementals","player_choice":"Offered Uncommon","floor":8.0,"gold_loss":0.0,"damage_taken":0.0},{"cards_removed":["Strike_B"],"damage_healed":0.0,"max_hp_gain":0.0,"max_hp_loss":0.0,"gold_gain":0.0,"event_name":"Golden Wing","player_choice":"Card Removal","floor":12.0,"gold_loss":0.0,"damage_taken":7.0},{"damage_healed":0.0,"max_hp_gain":0.0,"max_hp_loss":0.0,"gold_gain":0.0,"event_name":"Liars Game","player_choice":"Ignored","floor":13.0,"gold_loss":0.0,"damage_taken":0.0}],"is_beta":false,"boss_relics":[{"not_picked":["Busted Crown","Coffee Dripper"],"picked":"SlaversCollar"}],"items_purged_floors":[],"is_endless":false,"potions_floor_spawned":[1,2,7,16],"killed_by":"Shell Parasite","ascension_level":20}}