{"host":"d6jawvx8x8ludskp","time":1609989420,"event":{"mods":["BaseMod","Colored Map","Colored Powertips","DeckTracker","Minty Spire (QoL Compilation)"],"gold_per_floor":[117,131,145,21,37,68,79,99,150,182,194,256,268,280,292,401,413,442,14,0,15,29,29,56,69,95,95,95],"floor_reached":27,"playtime":1815,"items_purged":[],"score":245,"play_id":"081ac515-10c4-4383-ba38-b743d9254071","local_time":"20210107001700","is_ascension_mode":false,"campfire_choices":[{"floor":11,"key":"REST"},{"floor":13,"key":"REST"},{"data":"Blood for Blood","floor":15,"key":"SMITH"},{"floor":23,"key":"REST"}],"circlet_count":0,"master_deck":["Strike_R","Strike_R+1","Strike_R","Strike_R","Defend_R","Defend_R","Defend_R+1","Bash","Cleave","Blood for Blood+1","Battle Trance","Carnage+1","Perfected Strike","Perfected Strike+1","Thunderclap","Rage","Shrug It Off","Impervious","True Grit+1","Shrug It Off+1","Carnage+1","Pommel Strike+1","Feel No Pain","Flash of Steel","Flame Barrier","Dropkick+1","Perfected Strike","Twin Strike+1","Pommel Strike"],"relics":["Burning Blood","NeowsBlessing","Mummified Hand","Pen Nib","MawBank","Astrolabe","ClockworkSouvenir","Matryoshka","Whetstone","Lantern"],"acts_visited":["Exordium","TheCity"],"potions_floor_usage":[6,16,16,22,24,25],"damage_taken":[{"damage":0,"enemies":"2 Louse","floor":1,"turns":1},{"damage":0,"enemies":"Jaw Worm","floor":2,"turns":1},{"damage":0,"enemies":"Small Slimes","floor":3,"turns":1},{"damage":10,"enemies":"Looter","floor":5,"turns":3},{"damage":19,"enemies":"Lagavulin","floor":6,"turns":5},{"damage":14,"enemies":"Gremlin Gang","floor":7,"turns":4},{"damage":9,"enemies":"2 Fungi Beasts","floor":8,"turns":2},{"damage":26,"enemies":"Gremlin Nob","floor":10,"turns":4},{"damage":36,"enemies":"Hexaghost","floor":16,"turns":8},{"damage":2,"enemies":"Chosen","floor":18,"turns":6},{"damage":10,"enemies":"Spheric Guardian","floor":21,"turns":4},{"damage":56,"enemies":"Centurion and Healer","floor":22,"turns":10},{"damage":37,"enemies":"Book of Stabbing","floor":24,"turns":5},{"damage":18,"enemies":"3 Cultists","floor":25,"turns":4},{"damage":30,"enemies":"Slavers","floor":27,"turns":2}],"seed_played":"-6096130767700035930","potions_obtained":[{"floor":3,"key":"LiquidBronze"},{"floor":5,"key":"Block Potion"},{"floor":7,"key":"ElixirPotion"},{"floor":8,"key":"Swift Potion"},{"floor":21,"key":"GamblersBrew"},{"floor":22,"key":"Regen Potion"}],"is_trial":false,"path_per_floor":["M","M","M","$","M","E","M","M","T","E","R","?","R","?","R","B",null,"M","$","?","M","M","R","E","M","T","E"],"character_chosen":"IRONCLAD","items_purchased":["Carnage","Perfected Strike","ClockworkSouvenir","Feel No Pain","Flash of Steel","Fruit Juice","Flame Barrier"],"campfire_rested":3,"item_purchase_floors":[4,4,19,19,19,19,19],"current_hp_per_floor":[80,80,80,80,76,63,55,52,52,32,56,56,80,64,64,34,80,80,80,80,76,31,56,39,27,27,0,0],"gold":95,"neow_bonus":"THREE_ENEMY_KILL","is_daily":false,"chose_seed":false,"campfire_upgraded":1,"win_rate":0.0,"timestamp":1609989420,"path_taken":["M","M","M","$","M","E","M","M","T","E","R","?","R","?","R","BOSS","M","$","?","M","M","R","E","M","T","E"],"items_purchased_type":["Card","Card","Relic","Card","Card","Potion","Card"],"build_version":"2020-12-22","purchased_purges":0,"victory":false,"max_hp_per_floor":[80,80,80,80,80,80,80,80,80,80,80,80,80,80,80,80,80,80,80,80,80,85,85,85,85,85,85,85],"card_choices":[{"not_picked":["Intimidate","Shockwave"],"picked":"Cleave","floor":1},{"not_picked":["Hemokinesis","Sword Boomerang"],"picked":"Blood for Blood","floor":2},{"not_picked":["Warcry","Sever Soul"],"picked":"Battle Trance","floor":3},{"not_picked":["Bloodletting","Flex"],"picked":"Fire Breathing","floor":5},{"not_picked":["Carnage","Hemokinesis"],"picked":"Perfected Strike","floor":6},{"not_picked":["Disarm","Ghostly Armor"],"picked":"Thunderclap","floor":7},{"not_picked":["Bloodletting","Battle Trance"],"picked":"Rage","floor":8},{"not_picked":["Twin Strike","Iron Wave"],"picked":"Shrug It Off","floor":10},{"not_picked":["Brutality","Demon Form"],"picked":"Impervious","floor":16},{"not_picked":["True Grit","Warcry"],"picked":"Pommel Strike+1","floor":18},{"not_picked":["Bloodletting","Sword Boomerang"],"picked":"Dropkick+1","floor":21},{"not_picked":["Flex","Disarm"],"picked":"Perfected Strike","floor":22},{"not_picked":["Armaments","Sword Boomerang"],"picked":"Twin Strike+1","floor":24},{"not_picked":["Thunderclap","Rupture"],"picked":"Pommel Strike","floor":25}],"player_experience":1404,"relics_obtained":[{"floor":6,"key":"Mummified Hand"},{"floor":9,"key":"Pen Nib"},{"floor":10,"key":"MawBank"},{"floor":24,"key":"Matryoshka"},{"floor":26,"key":"Whetstone"},{"floor":26,"key":"Lantern"}],"event_choices":[{"damage_healed":0,"gold_gain":50,"player_choice":"Gained Gold","damage_taken":0,"max_hp_gain":0,"max_hp_loss":0,"event_name":"Golden Wing","floor":12,"gold_loss":0},{"damage_healed":0,"gold_gain":0,"player_choice":"Entered Light","damage_taken":16,"max_hp_gain":0,"max_hp_loss":0,"event_name":"Shining Light","floor":14,"gold_loss":0,"cards_upgraded":["Perfected Strike","Defend_R"]},{"damage_healed":0,"gold_gain":0,"player_choice":"Paid Fearfully","damage_taken":0,"max_hp_gain":0,"max_hp_loss":0,"event_name":"Masked Bandits","floor":20,"gold_loss":14}],"is_beta":false,"boss_relics":[{"not_picked":["Runic Dome","Mark of Pain"],"picked":"Astrolabe"}],"items_purged_floors":[],"is_endless":false,"potions_floor_spawned":[3,5,7,8,21,22],"killed_by":"Slavers","ascension_level":0}}