{"host":"pn0n58vrtcysp2am","time":1609995517,"event":{"mods":["100% Spire Juice","ATMod(°¢èªMod)","Act Like it!","Arknights The Spire","BaseMod","CapriCore","Friendly Minions","KomeijiMod","Minty Spire (QoL Compilation)","READ ME - Guardian Mod","StSLib","The Immortal"],"gold_per_floor":[116,130,142,122,122,122,132,145,145,19,19,51,51,51,51,51,51,51],"floor_reached":16,"playtime":538,"items_purged":["MokouMod:Strike"],"score":100,"play_id":"2ccbee6f-4353-42a2-a263-1281fe1420ce","local_time":"20210107125837","is_ascension_mode":false,"campfire_choices":[{"data":"MokouMod:Refresh","floor":6.0,"key":"SMITH"},{"data":"MokouMod:HeatSpark","floor":11.0,"key":"SMITH"},{"data":"MokouMod:SacredFire","floor":13.0,"key":"SMITH"},{"data":"MokouMod:Firecracker","floor":15.0,"key":"SMITH"}],"circlet_count":0,"master_deck":["MokouMod:Strike","MokouMod:Strike","MokouMod:Strike","MokouMod:Strike","MokouMod:Defend","MokouMod:Defend","MokouMod:Defend","MokouMod:Defend","MokouMod:HeatSpark+1","MokouMod:Firecracker+1","MokouMod:Refresh+1","MokouMod:PhoenixFeathers","MokouMod:UncontrollableSolarReaction","MokouMod:ScorchingColumn","MokouMod:SacredFire+1"],"relics":["MokouMod:PhoenixFeather","Letter Opener","Dream Catcher"],"acts_visited":["Exordium"],"potions_floor_usage":[],"damage_taken":[{"damage":6.0,"enemies":"Jaw Worm","floor":1.0,"turns":4.0},{"damage":10.0,"enemies":"2 Louse","floor":2.0,"turns":3.0},{"damage":0.0,"enemies":"Small Slimes","floor":3.0,"turns":3.0},{"damage":10.0,"enemies":"2 Fungi Beasts","floor":7.0,"turns":3.0},{"damage":0.0,"enemies":"3 Louse","floor":8.0,"turns":4.0},{"damage":23.0,"enemies":"Gremlin Nob","floor":12.0,"turns":4.0},{"damage":0,"enemies":"The Guardian","floor":16,"turns":1}],"seed_played":"5759350394951502648","potions_obtained":[{"floor":1.0,"key":"CultistPotion"},{"floor":2.0,"key":"GrandPatriotsElixir:ReiMu"},{"floor":12.0,"key":"Dexterity Potion"}],"is_trial":false,"path_per_floor":["M","M","M","?","?","R","M","M","T","$","R","E","R","?","R","B"],"character_chosen":"MKU","items_purchased":["MokouMod:ScorchingColumn"],"campfire_rested":0,"item_purchase_floors":[10],"current_hp_per_floor":[69,59,59,59,74,74,64,64,64,64,64,41,41,46,46,46,46,46],"gold":51,"neow_bonus":"","is_daily":false,"chose_seed":false,"campfire_upgraded":4,"win_rate":0.0,"timestamp":1609995517,"path_taken":["M","M","M","?","?","R","M","M","T","$","R","E","R","?","R","BOSS"],"items_purchased_type":["Card"],"build_version":"2020-12-22","purchased_purges":1,"victory":false,"max_hp_per_floor":[75,75,75,75,75,75,75,75,75,75,75,75,75,80,80,80,80,80],"card_choices":[{"not_picked":["MokouMod:Trailblazer","MokouMod:HeatCyclone"],"picked":"MokouMod:Firecracker","floor":1.0},{"not_picked":["MokouMod:EternalBurstReactor","MokouMod:Singe"],"picked":"MokouMod:Refresh","floor":2.0},{"not_picked":["MokouMod:FlareStarter","MokouMod:SearingShot","MokouMod:Firecracker"],"picked":"SKIP","floor":3.0},{"not_picked":["MokouMod:Trailblazer","MokouMod:FujiyamaVolcano"],"picked":"MokouMod:PhoenixFeathers","floor":7.0},{"not_picked":["MokouMod:Stoke","MokouMod:FlamingFireTalons"],"picked":"MokouMod:UncontrollableSolarReaction","floor":8.0},{"not_picked":["MokouMod:UncontrollableSolarReaction","MokouMod:WarmUp"],"picked":"MokouMod:SacredFire","floor":12.0}],"player_experience":0,"relics_obtained":[{"floor":9.0,"key":"Letter Opener"},{"floor":12.0,"key":"Dream Catcher"}],"event_choices":[{"damage_healed":0.0,"max_hp_gain":5.0,"max_hp_loss":0.0,"gold_gain":0.0,"event_name":"Big Fish","player_choice":"Donut","floor":14.0,"gold_loss":0.0,"damage_taken":0.0}],"is_beta":false,"boss_relics":[],"items_purged_floors":[10],"is_endless":false,"potions_floor_spawned":[1,2,12],"killed_by":"The Guardian","ascension_level":0}}