{"host":"jmdwsiegw2vwqzt1","time":1609985618,"event":{"mods":["2.2 Compatiblity","AchievementEnabler","BaseMod","Better Third Choice","Better Vampires","Colored Powertips","Custom Start","Dio Mod","Downfall","Hermit","Highlight Path","Jorbs\u0027s Wanderer Trilogy","Marisa????????","Minty Spire (QoL Compilation)","Permanent Neow","Quick Restart","Rare Cards Sparkle","Relic Stats","Spicy Shops","StSLib","SuperFastMode","The Bug Knight","The Cursed","The Disciple","The Hierophant","The Necromancer","The Servant 0.9.4","slay the spire mod where everything is the same but ironclad has a cowboy hat"],"gold_per_floor":[99,199,199,199,199,199,199,299,224,287,20,39,39,103,113,213,213,213,224,274,335,347,184,263,295,445,139,189,114,14,30,42,140,140,140,115,125,35,110,137,137,187,237,287,212,226,226,276,287,287,287,313,7,7,7],"floor_reached":56,"playtime":2880,"items_purged":["Regret","Guardian:Strike_Guardian","Guardian:Strike_Guardian","Guardian:Strike_Guardian"],"score":1429,"play_id":"420dc3f4-2dd3-4868-87d1-8f3588ae2e72","local_time":"20210106211338","is_ascension_mode":false,"campfire_choices":[{"floor":1,"key":"RECALL"},{"data":"Guardian:SentryBeam","floor":9,"key":"SMITH"},{"data":"Guardian:TemporalShield","floor":13,"key":"SMITH"},{"data":"Guardian:TimeCapacitor","floor":18,"key":"SMITH"},{"data":"Guardian:Orbwalk","floor":29,"key":"SMITH"},{"data":"Guardian:FloatingOrbs","floor":35,"key":"SMITH"},{"data":"1","floor":45,"key":"LIFT"},{"data":"2","floor":47,"key":"LIFT"},{"data":"3","floor":54,"key":"LIFT"}],"circlet_count":0,"master_deck":["Guardian:Defend_Guardian","Guardian:Defend_Guardian+1","Guardian:Defend_Guardian+1","Guardian:Defend_Guardian","Guardian:CurlUp","Guardian:TwinSlam","Guardian:Incinerate","Guardian:SentryBeam+1","Guardian:Suspension","Guardian:TemporalStrike","Guardian:FuturePlans","Guardian:TemporalShield+1","Guardian:TimeCapacitor+1","Guardian:DecasProtection+1","Guardian:TemporalStrike","Guardian:ShieldCharger","Guardian:EvasiveProtocol","Guardian:ChargeCore","Guardian:StasisEngine","Guardian:Orbwalk+1","Guardian:Preprogram+1","Guardian:WalkerClaw+1","Guardian:FloatingOrbs+1","Guardian:StasisStrike","CurseOfTheBell","Guardian:PiercingHide+1","Guardian:TimeCapacitor","Guardian:ChargeUp","Guardian:TimeBomb+1","Guardian:FloatingOrbs","Guardian:ShieldCharger+1","Guardian:Emergency+1","Guardian:PolyBeam"],"relics":["Guardian:ModeShifterPlus","downfall:HeartsMalice","Mummified Hand","downfall:CloakOfManyFaces","CultistMask","FaceOfCleric","NlothsMask","GremlinMask","SsserpentHead","downfall:HeartBlessingRed","TheAbacus","Blood Vial","Anchor","Guardian:BottledStasis","downfall:HeartBlessingGreen","Calling Bell","Smiling Mask","Pantograph","StoneCalendar","Bird Faced Urn","Toy Ornithopter","Girya","downfall:HeartBlessingBlue","InkBottle","Shuriken","Kunai"],"acts_visited":["Exordium","TheCity","TheBeyond","TheEnding"],"potions_floor_usage":[16],"damage_taken":[{"damage":0,"enemies":"Small Slimes","floor":3,"turns":1},{"damage":0,"enemies":"2 Louse","floor":5,"turns":1},{"damage":0,"enemies":"Cultist","floor":6,"turns":1},{"damage":17,"enemies":"downfall:FaceTrader","floor":8,"turns":9},{"damage":13,"enemies":"Gremlin Gang","floor":10,"turns":5},{"damage":5,"enemies":"downfall:FleeingMerchant","floor":11,"turns":4},{"damage":5,"enemies":"2 Fungi Beasts","floor":12,"turns":3},{"damage":5,"enemies":"Lots of Slimes","floor":14,"turns":3},{"damage":0,"enemies":"Exordium Wildlife","floor":15,"turns":3},{"damage":10,"enemies":"downfall:Silent","floor":16,"turns":8},{"damage":1,"enemies":"3 Byrds","floor":19,"turns":4},{"damage":0,"enemies":"Snake Plant","floor":21,"turns":4},{"damage":11,"enemies":"Shelled Parasite and Fungi","floor":22,"turns":6},{"damage":0,"enemies":"downfall:FleeingMerchant","floor":23,"turns":4},{"damage":0,"enemies":"Book of Stabbing","floor":25,"turns":5},{"damage":0,"enemies":"downfall:FleeingMerchant","floor":27,"turns":4},{"damage":8,"enemies":"downfall:FleeingMerchant","floor":30,"turns":4},{"damage":0,"enemies":"Centurion and Healer","floor":31,"turns":4},{"damage":0,"enemies":"3 Cultists","floor":32,"turns":4},{"damage":14,"enemies":"downfall:Ironclad","floor":33,"turns":7},{"damage":0,"enemies":"downfall:FleeingMerchant","floor":36,"turns":3},{"damage":0,"enemies":"3 Shapes","floor":37,"turns":4},{"damage":19,"enemies":"Nemesis","floor":40,"turns":6},{"damage":0,"enemies":"Orb Walker","floor":46,"turns":3},{"damage":17,"enemies":"Jaw Worm Horde","floor":49,"turns":4},{"damage":0,"enemies":"downfall:Watcher","floor":50,"turns":6},{"damage":8,"enemies":"downfall:CharBossMerchant","floor":52,"turns":7},{"damage":0,"enemies":"downfall:NeowBoss","floor":55,"turns":11}],"seed_played":"-8432004018565567747","potions_obtained":[{"floor":8,"key":"EntropicBrew"},{"floor":10,"key":"PowerPotion"},{"floor":20,"key":"LiquidBronze"},{"floor":25,"key":"FairyPotion"}],"is_trial":false,"path_per_floor":["R","?","M","?","M","M","T","?","R","M","$","M","R","M","M","B",null,"R","M","?","M","M","$","T","E","?","$","?","R","$","M","M","B",null,"R","$","M","$","T","E","T","?","?","?","R","M","R","T","M","B",null,"E","$","R","B",null],"character_chosen":"GUARDIAN","items_purchased":["Guardian:FuturePlans","FairyPotion","Guardian:EvasiveProtocol","TheAbacus","Anchor","Guardian:Orbwalk","Guardian:BottledStasis","Guardian:Gem_Green","Bird Faced Urn","Guardian:TimeCapacitor","Guardian:ChargeUp","Guardian:FloatingOrbs","Kunai"],"campfire_rested":0,"item_purchase_floors":[11,11,23,23,27,27,27,30,36,36,36,38,53],"current_hp_per_floor":[80,80,80,80,80,80,80,63,63,51,47,43,43,39,40,31,86,86,86,86,87,77,78,78,79,79,82,82,82,77,80,83,72,96,96,97,98,98,98,90,90,90,90,90,100,110,110,110,98,112,112,107,107,107,114],"gold":7,"neow_bonus":"THREE_ENEMY_KILL","is_daily":false,"chose_seed":false,"campfire_upgraded":5,"win_rate":0.0,"timestamp":1609985618,"path_taken":["R","?","M","?","M","M","T","?","R","?","$","M","R","?","M","BOSS","R","M","?","?","M","$","T","E","?","$","?","R","?","M","M","BOSS","R","$","M","$","?","E","T","?","?","?","R","M","R","?","M","BOSS","E","$","R","BOSS"],"items_purchased_type":["Card","Potion","Card","Relic","Relic","Card","Relic","Card","Relic","Card","Card","Card","Relic"],"build_version":"2020-12-22","purchased_purges":4,"victory":true,"max_hp_per_floor":[80,80,80,80,80,80,80,80,80,81,82,83,83,84,85,86,86,86,87,87,88,89,90,90,91,91,92,92,92,93,94,95,96,96,96,97,98,98,98,99,99,99,99,99,109,110,110,110,111,112,112,113,113,113,114],"relic_stats":{"counters":[28,125],"StoneCalendar":[31],"Smiling Mask":225,"Blood Vial":12,"SsserpentHead":600,"TheAbacus":[84],"FaceOfCleric":24,"Mummified Hand":[112],"Shuriken":[14],"Pantograph":19,"Bird Faced Urn":[23],"Kunai":[14],"obtain_stats":[{"Guardian:ModeShifterPlus":17,"GremlinMask":8,"downfall:HeartBlessingGreen":29,"StoneCalendar":34,"Smiling Mask":34,"Blood Vial":25,"SsserpentHead":8,"TheAbacus":23,"FaceOfCleric":8,"Mummified Hand":7,"downfall:HeartBlessingBlue":45,"Pantograph":34,"downfall:CloakOfManyFaces":8,"Kunai":53,"InkBottle":48,"Guardian:BottledStasis":27,"Girya":40,"downfall:HeartBlessingRed":9,"Guardian:ModeShifter":0,"downfall:HeartsMalice":0,"Calling Bell":34,"Anchor":27,"Shuriken":52,"Bird Faced Urn":36,"CultistMask":8,"Toy Ornithopter":39,"NlothsMask":8},{"Guardian:ModeShifterPlus":10,"GremlinMask":4,"downfall:HeartBlessingGreen":16,"StoneCalendar":20,"Smiling Mask":20,"Blood Vial":15,"SsserpentHead":4,"TheAbacus":14,"FaceOfCleric":4,"Mummified Hand":3,"downfall:HeartBlessingBlue":23,"Pantograph":20,"downfall:CloakOfManyFaces":4,"Kunai":27,"InkBottle":24,"Guardian:BottledStasis":16,"Girya":23,"downfall:HeartBlessingRed":4,"Guardian:ModeShifter":0,"downfall:HeartsMalice":0,"Calling Bell":20,"Anchor":16,"Shuriken":27,"Bird Faced Urn":21,"CultistMask":4,"Toy Ornithopter":22,"NlothsMask":4},{"Guardian:ModeShifterPlus":35,"GremlinMask":9,"downfall:HeartBlessingGreen":62,"StoneCalendar":81,"Smiling Mask":81,"Blood Vial":58,"SsserpentHead":9,"TheAbacus":53,"FaceOfCleric":9,"Mummified Hand":0,"downfall:HeartBlessingBlue":94,"Pantograph":81,"downfall:CloakOfManyFaces":9,"Kunai":114,"InkBottle":97,"Guardian:BottledStasis":62,"Girya":94,"downfall:HeartBlessingRed":9,"Guardian:ModeShifter":0,"downfall:HeartsMalice":0,"Calling Bell":81,"Anchor":62,"Shuriken":114,"Bird Faced Urn":84,"CultistMask":9,"Toy Ornithopter":88,"NlothsMask":9}],"Toy Ornithopter":0,"InkBottle":[19]},"card_choices":[{"not_picked":["Guardian:PiercingHide","Guardian:ShieldCharger"],"picked":"Guardian:Gem_Red","floor":3},{"not_picked":["Guardian:Gem_Lightblue","Guardian:ChargeCore"],"picked":"Guardian:Incinerate","floor":5},{"not_picked":["Guardian:Gem_Lightblue","Guardian:Gem_Cyan"],"picked":"Guardian:SentryBeam","floor":6},{"not_picked":["Guardian:PiercingHide","Guardian:Gem_Cyan"],"picked":"Guardian:Suspension","floor":8},{"not_picked":["Guardian:PrimingBeam","Guardian:SphericShield"],"picked":"Guardian:TemporalStrike","floor":10},{"not_picked":["Guardian:VentSteam","Guardian:PiercingHide"],"picked":"Guardian:Gem_Fragmented","floor":11},{"not_picked":["Guardian:Recover","Guardian:Suspension"],"picked":"Guardian:TemporalShield","floor":12},{"not_picked":["Guardian:TemporalShield","Guardian:PolyBeam"],"picked":"Guardian:Gem_Yellow","floor":14},{"not_picked":["Guardian:Gem_Lightblue","Guardian:Gem_Fragmented"],"picked":"Guardian:TimeCapacitor","floor":15},{"not_picked":["Guardian:StasisEngine","Guardian:StasisField"],"picked":"Guardian:Gem_Orange","floor":16},{"not_picked":["Guardian:Gem_Red","Guardian:MultiBeam"],"picked":"Guardian:DecasProtection+1","floor":19},{"not_picked":["Guardian:Gem_Cyan","Guardian:RollAttack"],"picked":"Guardian:TemporalStrike","floor":21},{"not_picked":["Guardian:CrystalBeam","Guardian:RollAttack+1"],"picked":"Guardian:Gem_Red","floor":22},{"not_picked":["Guardian:Suspension+1","Guardian:GuardianWhirl"],"picked":"Guardian:ShieldCharger","floor":23},{"not_picked":["Guardian:FuturePlans","Guardian:Gem_White"],"picked":"Guardian:ChargeCore","floor":25},{"not_picked":["Guardian:Suspension","Guardian:RollAttack"],"picked":"Guardian:StasisEngine","floor":27},{"not_picked":["Guardian:Repulse","Guardian:VentSteam"],"picked":"Guardian:Preprogram+1","floor":30},{"not_picked":["Guardian:Gem_Purple","Guardian:Harden"],"picked":"Guardian:WalkerClaw+1","floor":31},{"not_picked":["Guardian:Gem_Yellow","Guardian:ChargeCore"],"picked":"Guardian:FloatingOrbs","floor":32},{"not_picked":["Guardian:GemFinder","Guardian:Gem_Synthetic"],"picked":"Guardian:StasisStrike","floor":33},{"not_picked":["Guardian:Emergency","Guardian:VentSteam+1"],"picked":"Guardian:PiercingHide+1","floor":36},{"not_picked":["Guardian:Gem_Crimson","Guardian:VentSteam+1"],"picked":"Guardian:TimeBomb+1","floor":37},{"not_picked":["Guardian:Gem_Synthetic","Guardian:Gem_Crimson","Guardian:PiercingHide+1"],"picked":"SKIP","floor":40},{"not_picked":["Guardian:Gem_Cyan","Guardian:Gem_Crimson"],"picked":"Guardian:ShieldCharger+1","floor":46},{"not_picked":["Guardian:Gem_Cyan","Guardian:Gem_Blue"],"picked":"Guardian:Emergency+1","floor":49},{"not_picked":["Guardian:Gem_Yellow","Guardian:PiercingHide+1"],"picked":"Guardian:PolyBeam","floor":52}],"player_experience":314819,"relics_obtained":[{"floor":7,"key":"Mummified Hand"},{"floor":8,"key":"downfall:CloakOfManyFaces"},{"floor":25,"key":"Blood Vial"},{"floor":34,"key":"Smiling Mask"},{"floor":34,"key":"Pantograph"},{"floor":34,"key":"StoneCalendar"},{"floor":39,"key":"Toy Ornithopter"},{"floor":40,"key":"Girya"},{"floor":48,"key":"InkBottle"},{"floor":52,"key":"Shuriken"}],"event_choices":[{"damage_healed":0,"gold_gain":0,"player_choice":"Got Potions","damage_taken":0,"max_hp_gain":0,"max_hp_loss":0,"event_name":"Lab","floor":20,"gold_loss":0},{"cards_removed":["Guardian:Strike_Guardian"],"damage_healed":0,"gold_gain":0,"player_choice":"Removed Attack","damage_taken":0,"max_hp_gain":0,"max_hp_loss":0,"event_name":"Falling","floor":44,"gold_loss":0}],"is_beta":false,"boss_relics":[{"not_picked":["Pandora\u0027s Box","downfall:Hecktoplasm"],"picked":"Guardian:ModeShifterPlus"},{"not_picked":["Snecko Eye","Black Star"],"picked":"Calling Bell"}],"items_purged_floors":[11,36,38,53],"is_endless":false,"potions_floor_spawned":[8,10,12,21,25,31,32,37,40],"ascension_level":0}}