{"host":"jx3f6ezc0g3s9edc","time":1609990400,"event":{"mods":["AchievementEnabler","BaseMod","Bestiary","Colored Map","Highlight Path","Minty Spire (QoL Compilation)","StSLib"],"gold_per_floor":[12,12,0,0,16,16,16,16,16,16,36,136,147,174,174,278,278,290,215,235,150,150,150,181,181,181,181,181,81,93,120,120,225,225,239,258,558,568,588,588,638,655,655,655,655,669,682,130,130,130],"floor_reached":51,"playtime":3447,"items_purged":["Strike_R","Strike_R","Reckless Charge"],"score":1045,"play_id":"4dce2fe7-089e-48fe-97c8-ad5d783a9dde","local_time":"20210106223320","is_ascension_mode":true,"campfire_choices":[{"data":"Bash","floor":6.0,"key":"SMITH"},{"data":"Disarm","floor":8.0,"key":"SMITH"},{"data":"Twin Strike","floor":10.0,"key":"SMITH"},{"data":"Headbutt","floor":15.0,"key":"SMITH"},{"data":"Limit Break","floor":23,"key":"SMITH"},{"data":"Heavy Blade","floor":25,"key":"SMITH"},{"data":"Inflame","floor":28,"key":"SMITH"},{"floor":32,"key":"REST"},{"data":"Whirlwind","floor":40,"key":"SMITH"},{"floor":44,"key":"REST"},{"data":"Defend_R","floor":49,"key":"SMITH"}],"circlet_count":0,"master_deck":["AscendersBane","Defend_R+1","Defend_R+1","Defend_R+1","Bash+1","Limit Break+1","Twin Strike+1","Disarm+1","Headbutt+1","Heavy Blade+1","Inflame+1","Shrug It Off+1","Ghostly Armor+1","Whirlwind+1","Impervious","Intimidate+1","Thunderclap+1","Shrug It Off+1","Bludgeon"],"relics":["Burning Blood","Eternal Feather","War Paint","Velvet Choker","Nunchaku","Enchiridion","Lantern","Letter Opener","Potion Belt","Philosopher\u0027s Stone","Unceasing Top","Pear","Sling","Bronze Scales"],"acts_visited":["Exordium","TheCity","TheBeyond"],"potions_floor_usage":[18,24,33,39,41,50,50,50,50],"damage_taken":[{"damage":7.0,"enemies":"Small Slimes","floor":1.0,"turns":4.0},{"damage":3.0,"enemies":"2 Louse","floor":5.0,"turns":3.0},{"damage":0.0,"enemies":"Cultist","floor":11.0,"turns":3.0},{"damage":11.0,"enemies":"Blue Slaver","floor":13.0,"turns":3.0},{"damage":26.0,"enemies":"Gremlin Nob","floor":14.0,"turns":4.0},{"damage":28.0,"enemies":"Slime Boss","floor":16.0,"turns":6.0},{"damage":13,"enemies":"2 Thieves","floor":18,"turns":4},{"damage":0,"enemies":"Chosen","floor":20,"turns":3},{"damage":13,"enemies":"Gremlin Leader","floor":24,"turns":6},{"damage":10,"enemies":"Snecko","floor":30,"turns":4},{"damage":36,"enemies":"Slavers","floor":31,"turns":6},{"damage":25,"enemies":"Champ","floor":33,"turns":7},{"damage":6,"enemies":"Orb Walker","floor":35,"turns":2},{"damage":7,"enemies":"3 Darklings","floor":36,"turns":5},{"damage":34,"enemies":"Jaw Worm Horde","floor":38,"turns":3},{"damage":19,"enemies":"Maw","floor":39,"turns":8},{"damage":14,"enemies":"Mind Bloom Boss Battle","floor":41,"turns":5},{"damage":7,"enemies":"Sphere and 2 Shapes","floor":42,"turns":3},{"damage":0,"enemies":"Jaw Worm Horde","floor":46,"turns":4},{"damage":26,"enemies":"Spire Growth","floor":47,"turns":4},{"damage":41,"enemies":"Time Eater","floor":50,"turns":8}],"seed_played":"1489675427961285373","potions_obtained":[{"floor":5.0,"key":"EntropicBrew"},{"floor":16.0,"key":"Block Potion"},{"floor":18,"key":"DistilledChaos"},{"floor":30,"key":"PowerPotion"},{"floor":35,"key":"BloodPotion"},{"floor":38,"key":"GamblersBrew"},{"floor":42,"key":"Dexterity Potion"},{"floor":46,"key":"SteroidPotion"},{"floor":47,"key":"AttackPotion"}],"is_trial":false,"path_per_floor":["M","?","?","?","M","R","$","R","T","R","M","?","M","E","R","B",null,"M","$","M","?","?","R","E","R","T","?","R","$","M","E","R","B",null,"M","M","?","M","M","R","?","M","T","R","?","M","M","$","R","B",null],"character_chosen":"IRONCLAD","items_purchased":["Sling","LiquidMemories","Block Potion","Bronze Scales"],"campfire_rested":2,"item_purchase_floors":[48,48,48,48],"current_hp_per_floor":[71,71,71,71,74,74,74,74,74,80,80,80,75,55,61,39,70,63,63,69,69,53,62,55,64,64,64,73,73,69,39,72,53,73,73,72,72,44,47,56,48,47,57,90,90,90,70,70,79,44],"gold":130,"neow_bonus":"TRANSFORM_TWO_CARDS","is_daily":false,"chose_seed":false,"campfire_upgraded":9,"win_rate":0.0,"timestamp":1609990400,"path_taken":["M","?","?","?","M","R","$","R","T","R","M","?","M","E","R","BOSS","M","$","M","?","?","R","E","R","T","?","R","$","M","E","R","BOSS","M","M","?","M","?","R","?","M","T","R","?","M","?","$","R","BOSS"],"items_purchased_type":["Relic","Potion","Potion","Relic"],"build_version":"2020-12-22","purchased_purges":3,"victory":true,"max_hp_per_floor":[80,80,80,80,80,80,80,80,80,80,80,80,80,80,80,80,80,80,80,80,80,80,80,80,80,80,80,80,80,80,80,80,80,80,80,80,80,80,80,80,80,80,90,90,90,90,90,90,90,90],"card_choices":[{"not_picked":["Perfected Strike","True Grit"],"picked":"Twin Strike","floor":1.0},{"not_picked":["True Grit","Warcry"],"picked":"Disarm","floor":5.0},{"not_picked":["Searing Blow","True Grit"],"picked":"Headbutt","floor":11.0},{"not_picked":["Dual Wield","Havoc","Iron Wave"],"picked":"SKIP","floor":13.0},{"not_picked":["Armaments","Sentinel"],"picked":"Heavy Blade","floor":14.0},{"not_picked":["Thunderclap","Evolve"],"picked":"Inflame","floor":18},{"not_picked":["Flex","Dark Embrace"],"picked":"Shrug It Off+1","floor":20},{"not_picked":["Infernal Blade","Armaments+1","Headbutt"],"picked":"SKIP","floor":24},{"not_picked":["Perfected Strike","Clothesline+1"],"picked":"Ghostly Armor+1","floor":30},{"not_picked":["Feel No Pain","Clash"],"picked":"Whirlwind","floor":31},{"not_picked":["Berserk","Demon Form"],"picked":"Impervious","floor":33},{"not_picked":["Combust+1","Pommel Strike+1"],"picked":"Intimidate+1","floor":35},{"not_picked":["Sword Boomerang","Burning Pact","Clothesline+1"],"picked":"SKIP","floor":36},{"not_picked":["Armaments+1","Rage","Flex+1"],"picked":"SKIP","floor":38},{"not_picked":["Metallicize+1","Clothesline","Havoc+1"],"picked":"SKIP","floor":39},{"not_picked":["Body Slam+1","Carnage"],"picked":"Thunderclap+1","floor":41},{"not_picked":["Power Through","Bloodletting+1"],"picked":"Shrug It Off+1","floor":42},{"not_picked":["Body Slam+1","Bludgeon","Warcry"],"picked":"SKIP","floor":46},{"not_picked":["Wild Strike+1","Rupture","Hemokinesis+1"],"picked":"SKIP","floor":47}],"player_experience":732696,"relics_obtained":[{"floor":9.0,"key":"Eternal Feather"},{"floor":14.0,"key":"War Paint"},{"floor":22,"key":"Enchiridion"},{"floor":24,"key":"Lantern"},{"floor":26,"key":"Letter Opener"},{"floor":31,"key":"Potion Belt"},{"floor":41,"key":"Unceasing Top"},{"floor":43,"key":"Pear"}],"event_choices":[{"cards_removed":["Strike_R"],"damage_healed":0.0,"max_hp_gain":0.0,"max_hp_loss":0.0,"gold_gain":0.0,"event_name":"Living Wall","player_choice":"Forget","floor":2.0,"gold_loss":0.0,"damage_taken":0.0},{"damage_healed":0.0,"max_hp_gain":0.0,"max_hp_loss":0.0,"gold_gain":0.0,"event_name":"World of Goop","player_choice":"Left Gold","floor":3.0,"gold_loss":12.0,"damage_taken":0.0},{"damage_healed":0.0,"max_hp_gain":0.0,"max_hp_loss":0.0,"gold_gain":0.0,"event_name":"Liars Game","player_choice":"Ignored","floor":4.0,"gold_loss":0.0,"damage_taken":0.0},{"damage_healed":0.0,"max_hp_gain":0.0,"max_hp_loss":0.0,"gold_gain":100.0,"event_name":"Golden Shrine","player_choice":"Pray","floor":12.0,"gold_loss":0.0,"damage_taken":0.0},{"damage_healed":0,"gold_gain":0,"player_choice":"Obtained Relic","damage_taken":0,"relics_obtained":["Nunchaku"],"max_hp_gain":0,"max_hp_loss":0,"event_name":"Addict","floor":21,"gold_loss":85},{"damage_healed":0,"gold_gain":0,"player_choice":"Obtained Book","damage_taken":16,"max_hp_gain":0,"max_hp_loss":0,"event_name":"Cursed Tome","floor":22,"gold_loss":0},{"damage_healed":0,"gold_gain":0,"player_choice":"Ignored","damage_taken":0,"max_hp_gain":0,"max_hp_loss":0,"event_name":"Vampires","floor":27,"gold_loss":0},{"damage_healed":0,"gold_gain":300,"player_choice":"Gold","damage_taken":0,"max_hp_gain":0,"max_hp_loss":0,"event_name":"Wheel of Change","floor":37,"gold_loss":0},{"damage_healed":0,"gold_gain":0,"player_choice":"Fight","damage_taken":0,"max_hp_gain":0,"max_hp_loss":0,"event_name":"MindBloom","floor":41,"gold_loss":0},{"damage_healed":0,"gold_gain":0,"cards_transformed":["Strike_R"],"player_choice":"Transformed","damage_taken":0,"max_hp_gain":0,"max_hp_loss":0,"event_name":"Transmorgrifier","floor":45,"gold_loss":0,"cards_obtained":["Bludgeon"]}],"is_beta":false,"boss_relics":[{"not_picked":["Runic Dome","SacredBark"],"picked":"Velvet Choker"},{"not_picked":["Fusion Hammer","Runic Pyramid"],"picked":"Philosopher\u0027s Stone"}],"items_purged_floors":[19,29,48],"is_endless":false,"potions_floor_spawned":[5,16,18,30,35,38,42,46,47],"ascension_level":11}}