{"host":"aryhiqwk5b07l19u","time":1609998474,"event":{"mods":["Act Like it!","Arknights The Spire","BaseMod","Better Third Choice","Colored Powertips","Gensokyo","HololiveMod","Koishi","Marisa£®ÏF”Í°°ƒß¿Ì…≥£©","Minty Spire (QoL Compilation)","Quick Restart","Rare Cards Sparkle","Reimu£®≤©¿ˆ¡È√Œ£©","Relic Stats","Remilia£®¿Ÿ√◊¿Ú—«£©","Replay The Spire","StSLib","The Administrix","The Construct","The Servant 0.9.4","Yakumo Yukari mod","Youmu£®ªÍ∆«—˝√Œ£©","Yuyuko","noobMod"],"gold_per_floor":[219,237,237,237,256,256,283,71,71,105,105,105,3,21,21,116,116,136,136,136,0,27,331,331,37,83,83,83,96,106,126,126,421,421,811,384,396,396,396,396,406,724,724,740,740,757,777,167,167,583,583,583,51,81,666],"floor_reached":56,"playtime":2628,"items_purged":[],"score":1450,"play_id":"07ab44a6-4d48-4665-b744-a9b6472b58fa","local_time":"20210107134754","is_ascension_mode":false,"campfire_choices":[{"data":"Mini Ghostdom","floor":6,"key":"SMITH"},{"data":"Ghastly Dream","floor":12,"key":"SMITH"},{"floor":15,"key":"RECALL"},{"data":"Gensokyo:MonkeysPaw","floor":24,"key":"SMITH"},{"data":"Snowing Sakura","floor":27,"key":"SMITH"},{"data":"Serene Spring","floor":32,"key":"SMITH"},{"data":"Full Inky Sakura","floor":40,"key":"SMITH"},{"data":"Sakura Ward","floor":45,"key":"SMITH"},{"data":"Showy Withering","floor":49,"key":"SMITH"},{"data":"Gensokyo:ShootingStar","floor":52,"key":"SMITH"}],"circlet_count":0,"master_deck":["Fantasy Butterflies+1","Fantasy Butterflies+1","Fantasy Butterflies+1","Dreamy Sakura","Dreamy Sakura","Dreamy Sakura","Dreamy Sakura","Dreamy Sakura","Deathly Ground","Faramita\u0027s Temptation","Serene Spring+1","Mini Ghostdom+1","Clumsy","Monster Cherry Tree+1","Snow","Ghastly Dream+1","Snow","Snow","Linger over Flower","Reverse The Screen","Float on Moon+1","Snowing Sakura+1","Gather the Spring+1","Gensokyo:MonkeysPaw+1","Lunch","Hololive_Sequa+1","Steamed Phantom+1","Ghost Spot","Sakura Ward+1","Gensokyo:ShootingStar+1","Full Inky Sakura+1","Redemption of Death+1","Gensokyo:GapWoman","Sakura Ward+1","Steamed Phantom+1","Gauzy Sakura+1","Phantom Butterflies","Pot Of Greed","Pot Of Greed","Pot Of Greed","Pot Of Greed","Unreal+1","Home of Suicide","Showy Withering+1","Dying Dream+1","Death Dancing+1","Become Phantom+1","Panache+1","Unstable Ward+1"],"relics":["Coronal","Yuyuko\u0027s fan","ice","Gensokyo:CelestialsFlawlessClothing","Gensokyo:NagashiBinaDoll","Gremlin Horn","Mercury Hourglass","Mastiff:ReiMu","Molten Egg 2","Runic Pyramid","Turnip","Gensokyo:RedStar","Pen Nib","construct:FoamFinger","PreservedInsect","TheAbacus","Blood Vial","Replay:Bronze Core","Shuriken","Grinning Jar","Ghost Lamp","Golden Egg","Anchor","Whetstone","Lantern","Replay:Arrowhead","Trap Lamp"],"acts_visited":["Gensokyo:Gensokyo","Gensokyo:Gensokyoer","Gensokyo:Gensokyoest","TheEnding"],"potions_floor_usage":[16,16,23,23,33,44,50],"damage_taken":[{"damage":25.0,"enemies":"Gensokyo:Gryphon","floor":1.0,"turns":4.0},{"damage":5,"enemies":"Gensokyo:3_Fairies","floor":2,"turns":3},{"damage":25,"enemies":"Gensokyo:Python","floor":5,"turns":5},{"damage":96,"enemies":"Gensokyo:Mamizou","floor":7,"turns":14},{"damage":80,"enemies":"Gensokyo:Aya","floor":10,"turns":12},{"damage":19,"enemies":"Gensokyo:Gryphon_and_Rabbit","floor":14,"turns":5},{"damage":91,"enemies":"Gensokyo:Yukari","floor":16,"turns":12},{"damage":25,"enemies":"Gensokyo:CosmicMonolith","floor":18,"turns":4},{"damage":51,"enemies":"Gensokyo:Tenshi","floor":23,"turns":2},{"damage":5,"enemies":"Gensokyo:2_Gloops","floor":29,"turns":3},{"damage":15,"enemies":"Gensokyo:Slime_Group","floor":30,"turns":2},{"damage":2,"enemies":"Gensokyo:Chomper_and_Gloop","floor":31,"turns":2},{"damage":17,"enemies":"Gensokyo:Kaguya","floor":33,"turns":2},{"damage":31,"enemies":"Gensokyo:3_Boulders","floor":35,"turns":2},{"damage":2,"enemies":"Gensokyo:3_Bats","floor":37,"turns":2},{"damage":12,"enemies":"Gensokyo:3_Boulders","floor":41,"turns":3},{"damage":3,"enemies":"Gensokyo:SeedOfUnknown","floor":42,"turns":3},{"damage":12,"enemies":"Gensokyo:4_Bats","floor":44,"turns":2},{"damage":9,"enemies":"Gensokyo:3_Boulders","floor":46,"turns":3},{"damage":3,"enemies":"Gensokyo:AtlasGolem","floor":47,"turns":3},{"damage":40,"enemies":"Gensokyo:Yuyuko","floor":50,"turns":3},{"damage":24,"enemies":"Shield and Spear","floor":54,"turns":3},{"damage":86,"enemies":"The Heart","floor":55,"turns":6}],"seed_played":"8526334321571493356","potions_obtained":[{"floor":1.0,"key":"ZuzhouPotion:ReiMu"},{"floor":14,"key":"LiquidBronze"},{"floor":16,"key":"AttackPotion"},{"floor":18,"key":"FearPotion"},{"floor":29,"key":"SteroidPotion"},{"floor":35,"key":"Regen Potion"},{"floor":44,"key":"Reflective Coating"}],"is_trial":false,"path_per_floor":["M","M","?","?","M","R","E","COS","T","E","?","R","$","M","R","B",null,"M","?","?","?","T","E","R","$","T","R","?","M","M","M","R","B",null,"M","COS","M","?","?","R","M","M","T","M","R","M","M","$","R","B",null,"R","$","E","B",null],"character_chosen":"YUYOKO","items_purchased":["Snow","Linger over Flower","PreservedInsect","TheAbacus","Golden Egg","Dying Dream+1","Anchor","Death Dancing+1","Whetstone","Become Phantom","Lantern","Panache"],"campfire_rested":0,"item_purchase_floors":[13,13,25,25,48,48,48,48,53,53,53,53],"current_hp_per_floor":[28,33,23,23,22,22,7,7,7,10,10,10,10,37,37,5,54,33,33,33,33,33,32,32,32,32,32,32,29,16,16,16,41,58,27,27,27,27,27,27,33,41,41,36,36,36,69,69,69,69,74,74,74,53,103],"gold":666,"neow_bonus":"HUNDRED_GOLD","is_daily":false,"chose_seed":false,"campfire_upgraded":9,"win_rate":0.0,"timestamp":1609998474,"path_taken":["M","M","?","?","M","R","E","COS","T","E","?","R","?","M","R","BOSS","M","?","?","?","?","E","R","?","T","R","?","M","?","M","R","BOSS","M","COS","M","?","?","R","M","M","T","M","R","M","?","$","R","BOSS","R","$","E","BOSS"],"items_purchased_type":["Card","Card","Relic","Relic","Relic","Card","Relic","Card","Relic","Card","Relic","Card"],"build_version":"2020-12-22","purchased_purges":0,"victory":true,"max_hp_per_floor":[40,40,40,40,40,40,40,40,40,40,40,40,40,42,42,54,54,58,58,53,53,53,55,55,55,55,55,55,55,56,56,56,58,58,58,58,60,60,60,60,63,63,63,66,66,72,72,72,72,74,74,74,74,80,174],"relic_stats":{"Blood Vial":22,"TheAbacus":[0],"Gremlin Horn":[30,34],"counters":[23,99],"Shuriken":[5],"Turnip":[7],"Pen Nib":[7],"PreservedInsect":82,"Whetstone":["Fantasy Butterflies","Fantasy Butterflies"],"obtain_stats":[{"Golden Egg":48,"Lantern":53,"construct:FoamFinger":23,"Gremlin Horn":7,"Gensokyo:NagashiBinaDoll":4,"ice":0,"Whetstone":53,"Blood Vial":26,"TheAbacus":25,"Mastiff:ReiMu":14,"Coronal":0,"Replay:Bronze Core":34,"Trap Lamp":54,"Ghost Lamp":47,"Runic Pyramid":17,"Pen Nib":22,"PreservedInsect":25,"Gensokyo:CelestialsFlawlessClothing":3,"Gensokyo:RedStar":19,"Replay:Arrowhead":54,"Mercury Hourglass":10,"Anchor":48,"Yuyuko\u0027s fan":0,"Shuriken":43,"Molten Egg 2":16,"Turnip":18,"Grinning Jar":44},{"Golden Egg":20,"Lantern":21,"construct:FoamFinger":9,"Gremlin Horn":4,"Gensokyo:NagashiBinaDoll":2,"ice":0,"Whetstone":21,"Blood Vial":9,"TheAbacus":9,"Mastiff:ReiMu":6,"Coronal":0,"Replay:Bronze Core":13,"Trap Lamp":22,"Ghost Lamp":20,"Runic Pyramid":7,"Pen Nib":8,"PreservedInsect":9,"Gensokyo:CelestialsFlawlessClothing":2,"Gensokyo:RedStar":8,"Replay:Arrowhead":22,"Mercury Hourglass":5,"Anchor":20,"Yuyuko\u0027s fan":0,"Shuriken":17,"Molten Egg 2":7,"Turnip":8,"Grinning Jar":18},{"Golden Egg":87,"Lantern":90,"construct:FoamFinger":61,"Gremlin Horn":26,"Gensokyo:NagashiBinaDoll":7,"ice":0,"Whetstone":90,"Blood Vial":61,"TheAbacus":61,"Mastiff:ReiMu":41,"Coronal":0,"Replay:Bronze Core":69,"Trap Lamp":93,"Ghost Lamp":85,"Runic Pyramid":55,"Pen Nib":59,"PreservedInsect":61,"Gensokyo:CelestialsFlawlessClothing":7,"Gensokyo:RedStar":59,"Replay:Arrowhead":93,"Mercury Hourglass":38,"Anchor":87,"Yuyuko\u0027s fan":0,"Shuriken":79,"Molten Egg 2":44,"Turnip":59,"Grinning Jar":81}],"Mercury Hourglass":[302]},"card_choices":[{"not_picked":["Steamed Phantom","The Forgotten Winter"],"picked":"Serene Spring","floor":1.0},{"not_picked":["Suicide","Song of Papilio"],"picked":"Mini Ghostdom","floor":2},{"not_picked":["Reverse The Screen","Unknown Petal"],"picked":"Monster Cherry Tree","floor":5},{"not_picked":["Reverse The Screen","Dancing Soul"],"picked":"Snow","floor":7},{"not_picked":["Spear of Papilio","Elegance"],"picked":"Ghastly Dream","floor":10},{"not_picked":["Song of Papilio","Gone"],"picked":"Reverse The Screen","floor":14},{"not_picked":["Revive The Butterflies+1","Dying Dream+1"],"picked":"Float on Moon+1","floor":16},{"not_picked":["Supernatural Nether","Ticket to Heaven"],"picked":"Snowing Sakura","floor":16},{"not_picked":["The Forgotten Winter","Song of Papilio"],"picked":"Gather the Spring+1","floor":18},{"not_picked":["Gensokyo:MenInBlack","Gensokyo:RedCapeBlueCape+1"],"picked":"Gensokyo:MonkeysPaw","floor":20},{"not_picked":["Dancing Butterflies+1","Gather the Spring+1"],"picked":"Lunch","floor":23},{"not_picked":["Gauzy Sakura","Dancing Butterflies+1"],"picked":"Steamed Phantom+1","floor":29},{"not_picked":["Nihility","Linger over Flower"],"picked":"Ghost Spot","floor":30},{"not_picked":["Unpaved Way+1","Full Moon"],"picked":"Sakura Ward+1","floor":31},{"not_picked":[],"picked":"Gensokyo:ShootingStar","floor":33},{"not_picked":["Dying Dream+1","The Way to Death"],"picked":"Full Inky Sakura","floor":33},{"not_picked":["Unstable Ward","Triple Snow"],"picked":"Redemption of Death+1","floor":35},{"not_picked":["Linger over Flower","Infinite Sin+1"],"picked":"Sakura Ward","floor":37},{"not_picked":["Fondling of Papilio+1","Gone+1"],"picked":"Steamed Phantom+1","floor":41},{"not_picked":["Bomb+1","Phantom Village"],"picked":"Gauzy Sakura+1","floor":41},{"not_picked":["Serene Spring+1","Song of Papilio"],"picked":"Phantom Butterflies","floor":42},{"not_picked":["Lunch+1","Redemption of Death+1"],"picked":"Unreal+1","floor":44},{"not_picked":["Mini Ghostdom+1","Lunch"],"picked":"Home of Suicide","floor":46},{"not_picked":["Butterflies Rainbow+1","Dancing Butterflies+1"],"picked":"Showy Withering","floor":47},{"not_picked":["Full Moon+1","Nihility"],"picked":"Unstable Ward+1","floor":54}],"player_experience":721905,"relics_obtained":[{"floor":7,"key":"Gremlin Horn"},{"floor":10,"key":"Mercury Hourglass"},{"floor":22,"key":"Pen Nib"},{"floor":23,"key":"construct:FoamFinger"},{"floor":26,"key":"Blood Vial"},{"floor":43,"key":"Shuriken"},{"floor":54,"key":"Trap Lamp"}],"event_choices":[],"is_beta":false,"boss_relics":[{"not_picked":["Pandora\u0027s Box","Kintsugi"],"picked":"Runic Pyramid"},{"not_picked":["Abe\u0027s Treasure","Hololive_TopUpMoneyS"],"picked":"Replay:Bronze Core"}],"items_purged_floors":[],"is_endless":false,"potions_floor_spawned":[1,14,16,18,29,35,44],"ascension_level":0}}