{"host":"zcz0awyw9el3eccp","time":1609984969,"event":{"mods":["AchievementEnabler","BaseMod","Colored Powertips","Googly Eyes","Minty Spire (QoL Compilation)","Quick Restart","StSLib"],"gold_per_floor":[117,134,134,181,195,195,208,243,243,263,287,287,63,79,79,177,177,192,192,209,229,243,243,272,272,272,272,172,187,219,229,229,324,324,338,338,354,151,201,201,201,51,51,78,78,78,26,52,52,52,52,52,52,86,86],"floor_reached":56,"playtime":3488,"items_purged":["Strike_B","Ball Lightning","Zap","Strike_B"],"score":1393,"play_id":"da12b1b9-f26f-4d2e-bc0a-ccd7dc2abfee","local_time":"20210107030249","is_ascension_mode":false,"campfire_choices":[{"floor":6,"key":"RECALL"},{"data":"Leap","floor":12,"key":"SMITH"},{"data":"Glacier","floor":15,"key":"SMITH"},{"data":"Defragment","floor":23,"key":"SMITH"},{"data":"Blizzard","floor":25,"key":"SMITH"},{"data":"Machine Learning","floor":27,"key":"SMITH"},{"data":"Glacier","floor":32,"key":"SMITH"},{"data":"Defragment","floor":40,"key":"SMITH"},{"data":"Cold Snap","floor":41,"key":"SMITH"},{"data":"Barrage","floor":45,"key":"SMITH"},{"data":"Defend_B","floor":46,"key":"SMITH"},{"data":"Defend_B","floor":49,"key":"SMITH"},{"data":"Cold Snap","floor":52,"key":"SMITH"}],"circlet_count":0,"master_deck":["Strike_B","Strike_B+1","Defend_B","Defend_B+1","Defend_B+1","Defend_B+1","Compile Driver","Gash","Gash","Cold Snap+1","Cold Snap+1","Leap+1","Glacier+1","Self Repair","Glacier+1","Machine Learning+1","Defragment+1","Coolheaded+1","Blizzard+1","Sweeping Beam+1","Beam Cell+1","Gash","All For One","Defragment+1","Barrage+1","Gash","Consume+1","BootSequence"],"relics":["Cracked Core","MealTicket","Gremlin Horn","Odd Mushroom","SlaversCollar","Bag of Preparation","Calipers","Tiny Chest","Inserter","WingedGreaves","Lizard Tail","Mummified Hand","Frozen Egg 2","White Beast Statue"],"acts_visited":["Exordium","TheCity","TheBeyond","TheEnding"],"potions_floor_usage":[8,16,24,33,37,39,55,55,55],"damage_taken":[{"damage":1,"enemies":"Jaw Worm","floor":1,"turns":3},{"damage":2,"enemies":"Small Slimes","floor":2,"turns":3},{"damage":0,"enemies":"Cultist","floor":5,"turns":3},{"damage":5,"enemies":"Large Slime","floor":7,"turns":4},{"damage":23,"enemies":"Lagavulin","floor":8,"turns":4},{"damage":7,"enemies":"Exordium Wildlife","floor":10,"turns":3},{"damage":0,"enemies":"The Mushroom Lair","floor":11,"turns":3},{"damage":4,"enemies":"2 Fungi Beasts","floor":14,"turns":4},{"damage":24,"enemies":"Hexaghost","floor":16,"turns":15},{"damage":9,"enemies":"Shell Parasite","floor":18,"turns":8},{"damage":12,"enemies":"3 Byrds","floor":20,"turns":7},{"damage":11,"enemies":"Snake Plant","floor":21,"turns":7},{"damage":7,"enemies":"3 Cultists","floor":22,"turns":8},{"damage":0,"enemies":"Book of Stabbing","floor":24,"turns":9},{"damage":0,"enemies":"Centurion and Healer","floor":29,"turns":8},{"damage":0,"enemies":"Gremlin Leader","floor":30,"turns":6},{"damage":4,"enemies":"Shelled Parasite and Fungi","floor":31,"turns":7},{"damage":0,"enemies":"Collector","floor":33,"turns":9},{"damage":17,"enemies":"3 Darklings","floor":35,"turns":5},{"damage":17,"enemies":"3 Shapes","floor":37,"turns":3},{"damage":41,"enemies":"2 Orb Walkers","floor":39,"turns":10},{"damage":0,"enemies":"Nemesis","floor":44,"turns":5},{"damage":0,"enemies":"Giant Head","floor":48,"turns":8},{"damage":8,"enemies":"Awakened One","floor":50,"turns":13},{"damage":0,"enemies":"Shield and Spear","floor":54,"turns":6},{"damage":22,"enemies":"The Heart","floor":55,"turns":11}],"seed_played":"-739727964030445793","potions_obtained":[{"floor":7,"key":"LiquidMemories"},{"floor":10,"key":"LiquidMemories"},{"floor":22,"key":"FocusPotion"},{"floor":24,"key":"PowerPotion"},{"floor":29,"key":"Dexterity Potion"},{"floor":31,"key":"Fire Potion"},{"floor":35,"key":"LiquidMemories"},{"floor":44,"key":"Block Potion"},{"floor":54,"key":"LiquidBronze"}],"is_trial":false,"path_per_floor":["M","M","?","T","M","R","M","E","T","M","?","R","$","M","R","B",null,"M","?","M","M","M","R","E","R","T","R","$","M","E","M","R","B",null,"M","?","M","$","?","R","R","$","T","E","R","R","$","E","R","B",null,"R","$","E","B",null],"character_chosen":"DEFECT","items_purchased":["Glacier","Self Repair","Defragment","Gash"],"campfire_rested":0,"item_purchase_floors":[13,13,38,47],"current_hp_per_floor":[81,79,63,63,63,63,58,35,35,28,28,28,43,46,46,29,82,80,80,75,71,71,71,78,78,78,78,82,82,82,82,82,82,82,72,72,62,77,43,43,43,58,58,65,65,65,80,82,82,81,82,82,82,82,67],"gold":86,"neow_bonus":"TEN_PERCENT_HP_BONUS","is_daily":false,"chose_seed":false,"campfire_upgraded":12,"win_rate":0.0,"timestamp":1609984969,"path_taken":["M","M","?","?","M","R","M","E","T","M","?","R","$","M","R","BOSS","M","?","M","M","M","R","E","R","T","R","$","M","E","M","R","BOSS","M","?","M","$","?","R","R","?","T","E","R","R","$","E","R","BOSS","R","$","E","BOSS"],"items_purchased_type":["Card","Card","Card","Card"],"build_version":"2020-12-22","purchased_purges":4,"victory":true,"max_hp_per_floor":[82,82,82,82,82,82,82,82,82,82,82,82,82,82,82,82,82,82,82,82,82,82,82,82,82,82,82,82,82,82,82,82,82,82,82,82,82,82,82,82,82,82,82,82,82,82,82,82,82,82,82,82,82,82,82],"card_choices":[{"not_picked":["Barrage","Rebound"],"picked":"Compile Driver","floor":1},{"not_picked":["Beam Cell","Conserve Battery"],"picked":"Ball Lightning","floor":2},{"not_picked":["Compile Driver","Coolheaded"],"picked":"Gash","floor":5},{"not_picked":["Streamline","Amplify"],"picked":"Gash","floor":7},{"not_picked":["Undo","Darkness"],"picked":"Cold Snap","floor":8},{"not_picked":["Melter","Reinforced Body"],"picked":"Cold Snap","floor":10},{"not_picked":["Hello World","Compile Driver"],"picked":"Leap","floor":11},{"not_picked":["Barrage","Cold Snap"],"picked":"Glacier","floor":14},{"not_picked":["Fission","Seek"],"picked":"Machine Learning","floor":16},{"not_picked":["Sweeping Beam+1","Conserve Battery"],"picked":"Defragment","floor":18},{"not_picked":["Genetic Algorithm","Chill+1"],"picked":"Coolheaded+1","floor":20},{"not_picked":["Chaos","Rip and Tear"],"picked":"Blizzard","floor":21},{"not_picked":["Heatsinks","Hyperbeam"],"picked":"Sweeping Beam+1","floor":22},{"not_picked":["Steam+1","FTL"],"picked":"Beam Cell+1","floor":24},{"not_picked":["Streamline","Hologram"],"picked":"Gash","floor":29},{"not_picked":["Compile Driver","Recycle+1","Hello World"],"picked":"SKIP","floor":30},{"not_picked":["Sunder","Undo+1","Hologram"],"picked":"SKIP","floor":31},{"not_picked":["Meteor Strike","Amplify"],"picked":"All For One","floor":33},{"not_picked":["Doom and Gloom","Hologram","Rebound+1"],"picked":"SKIP","floor":35},{"not_picked":["Hologram+1","Turbo","Beam Cell+1"],"picked":"SKIP","floor":37},{"not_picked":["Genetic Algorithm+1","Sweeping Beam+1"],"picked":"Barrage","floor":44},{"not_picked":["Tempest","Rebound+1"],"picked":"Consume+1","floor":48},{"not_picked":["Stack+1","Hyperbeam"],"picked":"BootSequence","floor":54}],"player_experience":97764,"relics_obtained":[{"floor":4,"key":"MealTicket"},{"floor":8,"key":"Gremlin Horn"},{"floor":11,"key":"Odd Mushroom"},{"floor":24,"key":"Bag of Preparation"},{"floor":26,"key":"Calipers"},{"floor":30,"key":"Tiny Chest"},{"floor":39,"key":"WingedGreaves"},{"floor":43,"key":"Lizard Tail"},{"floor":44,"key":"Mummified Hand"},{"floor":48,"key":"Frozen Egg 2"},{"floor":54,"key":"White Beast Statue"}],"event_choices":[{"damage_healed":0,"gold_gain":0,"player_choice":"Entered Light","damage_taken":16,"max_hp_gain":0,"max_hp_loss":0,"event_name":"Shining Light","floor":3,"gold_loss":0,"cards_upgraded":["Defend_B","Strike_B"]},{"damage_healed":0,"gold_gain":0,"player_choice":"Fought Mushrooms","damage_taken":0,"max_hp_gain":0,"max_hp_loss":0,"event_name":"Mushrooms","floor":11,"gold_loss":0},{"cards_removed":["Dualcast"],"damage_healed":0,"gold_gain":0,"player_choice":"Offered Basic","damage_taken":0,"max_hp_gain":0,"max_hp_loss":0,"event_name":"Bonfire Elementals","floor":19,"gold_loss":0},{"damage_healed":0,"gold_gain":0,"player_choice":"Memory 1","damage_taken":0,"max_hp_gain":0,"max_hp_loss":0,"event_name":"SensoryStone","floor":36,"gold_loss":0},{"damage_healed":0,"gold_gain":0,"player_choice":"Fight","damage_taken":0,"max_hp_gain":0,"max_hp_loss":0,"event_name":"Mysterious Sphere","floor":39,"gold_loss":0}],"is_beta":false,"boss_relics":[{"not_picked":["Runic Dome","Cursed Key"],"picked":"SlaversCollar"},{"not_picked":["Black Star","SacredBark"],"picked":"Inserter"}],"items_purged_floors":[13,28,38,42],"is_endless":false,"potions_floor_spawned":[7,10,22,24,29,31,35,44,54],"ascension_level":0}}