{"host":"mhmdt6pir7l60j7a","time":1609988259,"event":{"mods":["BaseMod","Bestiary","Better Altar","Better Sensory Stone","Better Third Choice","Displayed Cursed Tome","Dota2Spire","Downfall","Hubris","Infinite Spire","Minty Spire (QoL Compilation)","Replay The Spire","StSLib","The Alterego","The Construct","Uncapped"],"gold_per_floor":[110,110,110,121,67,101,101,129,129,129,129,129,84,115,115,211,211,228,153,153,164,181,181],"floor_reached":22,"playtime":762,"items_purged":[],"score":210,"play_id":"56296262-2b00-462b-9167-6412a6d0163a","local_time":"20210106195739","is_ascension_mode":true,"campfire_choices":[{"data":"construct:ForceCore","floor":7.0,"key":"SMITH"},{"data":"construct:Zapper+1","floor":10.0,"key":"SMITH"},{"data":"construct:PowerUp","floor":12.0,"key":"SMITH"},{"data":"construct:PowerUp+1","floor":15.0,"key":"SMITH"}],"circlet_count":0,"master_deck":["construct:Strike_Gold","construct:Strike_Gold","construct:Strike_Gold","construct:Strike_Gold","construct:Defend_Gold","construct:Defend_Gold","construct:Defend_Gold","construct:Defend_Gold+1","construct:Defend_Gold","construct:AttackMode","construct:DefenseMode","construct:Zapper+2","construct:SyphonStrike","construct:ForceCore+1","construct:Versatility","construct:PowerUp+2","construct:ClockworkEgg","construct:GatlingGun","construct:ModeShift","construct:Hazardproof","construct:Boost+1","construct:Backup"],"relics":["construct:ClockworkPhoenix","Centennial Puzzle","Mummified Hand","Dota2Spire:EchoSabre","Darkstone Periapt","hubris:OldNail","Velvet Choker"],"acts_visited":["Exordium","TheCity"],"potions_floor_usage":[],"damage_taken":[{"damage":6.0,"enemies":"Cultist","floor":1.0,"turns":5.0},{"damage":5.0,"enemies":"Small Slimes","floor":4.0,"turns":5.0},{"damage":20.0,"enemies":"Gremlin Nob","floor":6.0,"turns":4.0},{"damage":13.0,"enemies":"3 Sentries","floor":8.0,"turns":8.0},{"damage":4.0,"enemies":"Replay:BlueRogue","floor":14.0,"turns":4.0},{"damage":6.0,"enemies":"Hexaghost","floor":16.0,"turns":10.0},{"damage":5.0,"enemies":"3 Byrds","floor":18.0,"turns":4.0},{"damage":0.0,"enemies":"Shell Parasite","floor":21.0,"turns":4.0},{"damage":12,"enemies":"Snake Plant","floor":22,"turns":5}],"seed_played":"2084315130756215305","potions_obtained":[{"floor":4.0,"key":"Elixir"},{"floor":6.0,"key":"SpeedPotion"},{"floor":16.0,"key":"Elixir"},{"floor":18.0,"key":"Adrenaline Potion"}],"is_trial":false,"path_per_floor":["M","?","?","M","$","E","R","E","T","R","?","R","?","E","R","B",null,"M","?","?","M","M"],"character_chosen":"THE_CONSTRUCT_MOD","items_purchased":["construct:Versatility"],"campfire_rested":0,"item_purchase_floors":[5],"current_hp_per_floor":[79,79,67,62,62,42,42,29,29,29,29,29,29,25,25,19,85,80,80,80,80,68,68],"gold":181,"neow_bonus":"RANDOM_EVENT","is_daily":false,"chose_seed":false,"campfire_upgraded":4,"win_rate":0.0,"timestamp":1609988259,"path_taken":["M","?","?","M","?","E","R","E","T","R","?","R","?","E","R","BOSS","M","?","?","M","?"],"items_purchased_type":["Card"],"build_version":"2020-12-22","purchased_purges":0,"victory":false,"max_hp_per_floor":[85,85,85,85,85,85,85,85,85,85,85,85,85,85,85,85,85,85,85,85,85,85,85],"card_choices":[{"not_picked":["construct:HeavyBolt","construct:OilSpill"],"picked":"construct:SyphonStrike","floor":1.0},{"not_picked":["construct:SuppressiveFire","construct:Backfire"],"picked":"construct:ForceCore","floor":4.0},{"not_picked":["ReplayTheSpireMod:Mirror System","construct:Backfire","construct:NuclearCore"],"picked":"SKIP","floor":6.0},{"not_picked":["construct:SuppressiveFire","construct:BatteryAcid"],"picked":"construct:PowerUp","floor":8.0},{"not_picked":["construct:Zapper","construct:ScopeCore"],"picked":"construct:ClockworkEgg","floor":14.0},{"not_picked":["construct:ClockworkEgg","construct:Meltdown"],"picked":"construct:GatlingGun","floor":16.0},{"not_picked":["construct:Failsafe","construct:Isolate"],"picked":"construct:ModeShift","floor":18.0},{"not_picked":["construct:Forcefield","construct:FlammableFog"],"picked":"construct:Boost+1","floor":21.0},{"not_picked":["construct:SyphonStrike+1","construct:Versatility"],"picked":"construct:Backup","floor":22}],"player_experience":17247,"relics_obtained":[{"floor":6.0,"key":"Mummified Hand"},{"floor":8.0,"key":"Dota2Spire:EchoSabre"},{"floor":9.0,"key":"Darkstone Periapt"},{"floor":14.0,"key":"hubris:OldNail"}],"event_choices":[{"damage_healed":0.0,"max_hp_gain":0.0,"max_hp_loss":0.0,"gold_gain":0.0,"event_name":"betterThird:BetterScrap","player_choice":"Relic ","floor":3.0,"gold_loss":0.0,"damage_taken":12.0,"cards_obtained":["Force Field"]},{"damage_healed":0.0,"max_hp_gain":0.0,"max_hp_loss":0.0,"gold_gain":0.0,"event_name":"betterThird:BetterGoop","player_choice":"Left","floor":13.0,"gold_loss":45.0,"damage_taken":0.0},{"cards_removed":["construct:Strike_Gold"],"damage_healed":0.0,"max_hp_gain":0.0,"max_hp_loss":0.0,"gold_gain":0.0,"event_name":"Beggar","player_choice":"Gave Gold","floor":19.0,"gold_loss":75.0,"damage_taken":0.0},{"damage_healed":0.0,"max_hp_gain":0.0,"max_hp_loss":0.0,"gold_gain":0.0,"event_name":"The Library","player_choice":"Read","floor":20.0,"gold_loss":0.0,"damage_taken":0.0,"cards_obtained":["construct:Hazardproof"]}],"is_beta":false,"boss_relics":[{"not_picked":["hubris:CrackedHourglass","Honey Jar"],"picked":"Velvet Choker"}],"items_purged_floors":[],"is_endless":false,"potions_floor_spawned":[4,6,16,18],"killed_by":"Snake Plant","ascension_level":1}}