{"host":"qxeepl7ydvsgmfdb","time":1609987326,"event":{"mods":["AchievementEnabler","BaseMod","Colored Powertips","Minty Spire (QoL Compilation)","Quick Restart","slay the spire mod where everything is the same but ironclad has a cowboy hat"],"gold_per_floor":[117,117,117,127,142,142,171,181,252,282,282,282,282,282],"floor_reached":13,"playtime":264,"items_purged":[],"score":107,"play_id":"c160b9bb-7faf-4849-93b2-6f4f6b5449a7","local_time":"20210106214206","is_ascension_mode":true,"campfire_choices":[{"data":"Zap","floor":6.0,"key":"SMITH"},{"floor":12,"key":"REST"}],"circlet_count":0,"master_deck":["Strike_B","Strike_B","Strike_B","Strike_B","Defend_B+1","Defend_B+1","Defend_B","Defend_B","Zap+1","Dualcast","Leap","Defragment","Coolheaded","White Noise+1"],"relics":["Cracked Core","NeowsBlessing","Turnip","War Paint","Toxic Egg 2","Boot"],"acts_visited":["Exordium"],"potions_floor_usage":[10,10,13],"damage_taken":[{"damage":0.0,"enemies":"Cultist","floor":1.0,"turns":1.0},{"damage":0.0,"enemies":"Jaw Worm","floor":4.0,"turns":1.0},{"damage":0.0,"enemies":"Small Slimes","floor":5.0,"turns":1.0},{"damage":39,"enemies":"Lagavulin","floor":7,"turns":7},{"damage":9,"enemies":"Red Slaver","floor":8,"turns":3},{"damage":7,"enemies":"3 Sentries","floor":10,"turns":6},{"damage":43,"enemies":"Gremlin Nob","floor":13,"turns":4}],"seed_played":"8979916742289318986","potions_obtained":[{"floor":3.0,"key":"FearPotion"},{"floor":3.0,"key":"CultistPotion"},{"floor":3.0,"key":"ColorlessPotion"},{"floor":4.0,"key":"EssenceOfDarkness"}],"is_trial":false,"path_per_floor":["M","?","?","M","M","R","E","M","T","E","?","R","E"],"character_chosen":"DEFECT","items_purchased":[],"campfire_rested":1,"item_purchase_floors":[],"current_hp_per_floor":[75,75,75,75,75,75,36,27,27,20,20,42,0,0],"gold":282,"neow_bonus":"THREE_ENEMY_KILL","is_daily":false,"chose_seed":false,"campfire_upgraded":1,"win_rate":0.0,"timestamp":1609987326,"path_taken":["M","?","?","?","M","R","E","M","T","E","?","R","E"],"items_purchased_type":[],"build_version":"2020-12-22","purchased_purges":0,"victory":false,"max_hp_per_floor":[75,75,75,75,75,75,75,75,75,75,75,75,75,75],"card_choices":[{"not_picked":["Barrage","Blizzard"],"picked":"Leap","floor":1.0},{"not_picked":["Genetic Algorithm","Double Energy"],"picked":"Defragment","floor":4.0},{"not_picked":["Go for the Eyes","Reprogram","Scrape"],"picked":"SKIP","floor":5.0},{"not_picked":["Aggregate","Tempest","Steam"],"picked":"SKIP","floor":7},{"not_picked":["Genetic Algorithm","Leap"],"picked":"Coolheaded","floor":8},{"not_picked":["Barrage","Streamline"],"picked":"White Noise+1","floor":10}],"player_experience":378221,"relics_obtained":[{"floor":7,"key":"War Paint"},{"floor":9,"key":"Toxic Egg 2"},{"floor":10,"key":"Boot"}],"event_choices":[{"damage_healed":0.0,"max_hp_gain":0.0,"max_hp_loss":0.0,"gold_gain":0.0,"event_name":"Big Fish","player_choice":"Box","floor":2.0,"gold_loss":0.0,"damage_taken":0.0,"relics_obtained":["Turnip"],"cards_obtained":["Regret"]},{"damage_healed":0.0,"max_hp_gain":0.0,"max_hp_loss":0.0,"gold_gain":0.0,"event_name":"Lab","player_choice":"Got Potions","floor":3.0,"gold_loss":0.0,"damage_taken":0.0},{"cards_removed":["Regret"],"damage_healed":0,"gold_gain":0,"player_choice":"Removed Curses","damage_taken":0,"max_hp_gain":0,"max_hp_loss":0,"event_name":"Fountain of Cleansing","floor":11,"gold_loss":0}],"is_beta":false,"boss_relics":[],"items_purged_floors":[],"is_endless":false,"potions_floor_spawned":[4,5,7],"killed_by":"Gremlin Nob","ascension_level":3}}