{"host":"r53pw7z744tg3fxg","time":1609985300,"event":{"mods":["AchievementEnabler","BaseMod","Colored Map","Colored Powertips","Highlight Path","Minty Spire (QoL Compilation)","Quick Restart","Transform Curses"],"gold_per_floor":[114,127,92,92,103,133,146,180,205,205,35,46,46,61,61,165,165,182,192,12,24,24,24,35,35,35,48,48,81,81,93,93,197,197,214,227,8,8,8,8,8,8,8,8,26,37,0,17,17,17,17],"floor_reached":50,"playtime":1871,"items_purged":[],"score":812,"play_id":"66cd5f64-6265-4d50-bde7-5e7ca75ac9ba","local_time":"20210106190820","is_ascension_mode":true,"campfire_choices":[{"floor":10,"key":"REST"},{"data":"Eruption","floor":13,"key":"SMITH"},{"data":"ForeignInfluence","floor":15,"key":"SMITH"},{"data":"MasterReality","floor":23,"key":"SMITH"},{"floor":25,"key":"REST"},{"data":"ClearTheMind","floor":28,"key":"SMITH"},{"floor":32,"key":"REST"},{"data":"Devotion","floor":40,"key":"SMITH"},{"data":"BowlingBash","floor":42,"key":"SMITH"},{"data":"Evaluate","floor":44,"key":"SMITH"},{"floor":49,"key":"REST"}],"circlet_count":0,"master_deck":["AscendersBane","Strike_P+1","Strike_P","Strike_P","Defend_P","Defend_P","Defend_P","Defend_P","Eruption+1","Vigilance+1","Conclude+1","BowlingBash+1","ClearTheMind+1","ForeignInfluence+1","Sanctity","CutThroughFate","EmptyBody","FollowUp","MasterReality+1","CarveReality","MentalFortress+1","PathToVictory+1","LessonLearned","WreathOfFlame","Devotion+1","Evaluate+1","Weave+1","Writhe","Tantrum","JustLucky"],"relics":["PureWater","Mummified Hand","Regal Pillow","Vajra","Akabeko","Busted Crown","Membership Card","MutagenicStrength","Bag of Preparation","Anchor","SacredBark","PreservedInsect","FossilizedHelix","Kunai","Red Mask"],"acts_visited":["Exordium","TheCity","TheBeyond"],"potions_floor_usage":[2,6,8,16,18,21,29,45,50],"damage_taken":[{"damage":0,"enemies":"2 Louse","floor":1,"turns":2},{"damage":7,"enemies":"Jaw Worm","floor":2,"turns":2},{"damage":3,"enemies":"Small Slimes","floor":5,"turns":2},{"damage":12,"enemies":"3 Sentries","floor":6,"turns":4},{"damage":0,"enemies":"Exordium Thugs","floor":7,"turns":2},{"damage":27,"enemies":"Lagavulin","floor":8,"turns":4},{"damage":0,"enemies":"3 Louse","floor":12,"turns":1},{"damage":0,"enemies":"Large Slime","floor":14,"turns":4},{"damage":0,"enemies":"Slime Boss","floor":16,"turns":3},{"damage":0,"enemies":"Spheric Guardian","floor":18,"turns":3},{"damage":3,"enemies":"3 Byrds","floor":19,"turns":5},{"damage":7,"enemies":"Cultist and Chosen","floor":21,"turns":3},{"damage":17,"enemies":"Shelled Parasite and Fungi","floor":24,"turns":5},{"damage":0,"enemies":"Sentry and Sphere","floor":27,"turns":3},{"damage":27,"enemies":"Book of Stabbing","floor":29,"turns":5},{"damage":2,"enemies":"Snake Plant","floor":31,"turns":3},{"damage":104,"enemies":"Collector","floor":33,"turns":10},{"damage":23,"enemies":"3 Darklings","floor":35,"turns":3},{"damage":0,"enemies":"Orb Walker","floor":36,"turns":2},{"damage":19,"enemies":"Spire Growth","floor":45,"turns":5},{"damage":9,"enemies":"Jaw Worm Horde","floor":46,"turns":4},{"damage":0,"enemies":"Transient","floor":48,"turns":5},{"damage":80,"enemies":"Awakened One","floor":50,"turns":12}],"seed_played":"-8721993757520900988","potions_obtained":[{"floor":2,"key":"EntropicBrew"},{"floor":7,"key":"Fire Potion"},{"floor":8,"key":"AttackPotion"},{"floor":16,"key":"FairyPotion"},{"floor":18,"key":"ColorlessPotion"},{"floor":27,"key":"BlessingOfTheForge"},{"floor":36,"key":"Block Potion"},{"floor":46,"key":"BottledMiracle"}],"is_trial":false,"path_per_floor":["M","M","?","?","M","E","M","E","T","R","$","M","R","M","R","B",null,"M","M","$","M","?","R","M","R","T","M","R","E","?","M","R","B",null,"M","M","$","?","?","R","$","R","T","R","M","M","?","M","R","B"],"character_chosen":"WATCHER","items_purchased":["Akabeko","CutThroughFate","Membership Card","CarveReality","PreservedInsect","FossilizedHelix"],"campfire_rested":4,"item_purchase_floors":[11,11,20,20,37,37],"current_hp_per_floor":[65,58,72,58,55,43,43,16,16,52,52,52,52,52,52,52,67,67,64,64,57,57,57,40,72,72,72,72,45,45,43,72,21,59,36,36,36,54,54,54,54,54,54,54,35,26,26,26,62,0,0],"gold":17,"neow_bonus":"THREE_CARDS","is_daily":false,"chose_seed":false,"campfire_upgraded":7,"win_rate":0.0,"timestamp":1609985300,"path_taken":["M","M","?","?","M","E","M","E","T","R","$","M","R","M","R","BOSS","M","M","$","M","?","R","M","R","T","M","R","E","?","M","R","BOSS","M","M","$","?","?","R","$","R","T","R","M","M","?","M","R","BOSS"],"items_purchased_type":["Relic","Card","Relic","Card","Relic","Relic"],"build_version":"2020-12-22","purchased_purges":0,"victory":false,"max_hp_per_floor":[72,72,72,72,72,72,72,72,72,72,72,72,72,72,72,72,72,72,72,72,72,72,72,72,72,72,72,72,72,72,72,72,72,72,72,72,72,72,72,72,72,72,72,72,72,72,72,72,72,72,72],"card_choices":[{"not_picked":["ThirdEye","Halt"],"picked":"Conclude","floor":0},{"not_picked":["ThirdEye","Evaluate"],"picked":"BowlingBash","floor":1},{"not_picked":["JustLucky","Halt"],"picked":"ClearTheMind","floor":2},{"not_picked":["CrushJoints","SignatureMove"],"picked":"ForeignInfluence","floor":5},{"not_picked":["Crescendo","Brilliance"],"picked":"Sanctity","floor":6},{"not_picked":["Prostrate","Protect"],"picked":"FlurryOfBlows","floor":7},{"not_picked":["JustLucky","Conclude","Meditate"],"picked":"SKIP","floor":8},{"not_picked":["Halt","BowlingBash"],"picked":"EmptyBody","floor":12},{"not_picked":["EmptyFist","CutThroughFate"],"picked":"FollowUp","floor":14},{"not_picked":["Ragnarok","ConjureBlade"],"picked":"MasterReality","floor":16},{"not_picked":["EmptyBody"],"picked":"SKIP","floor":18},{"not_picked":["EmptyFist"],"picked":"SKIP","floor":19},{"not_picked":[],"picked":"MentalFortress+1","floor":21},{"not_picked":["JustLucky"],"picked":"SKIP","floor":24},{"not_picked":[],"picked":"PathToVictory+1","floor":27},{"not_picked":[],"picked":"LessonLearned","floor":29},{"not_picked":["FlyingSleeves"],"picked":"SKIP","floor":31},{"not_picked":[],"picked":"Devotion","floor":33},{"not_picked":[],"picked":"Evaluate","floor":35},{"not_picked":[],"picked":"Weave+1","floor":36},{"not_picked":["FollowUp"],"picked":"SKIP","floor":45},{"not_picked":[],"picked":"Tantrum","floor":46},{"not_picked":[],"picked":"JustLucky","floor":48}],"player_experience":1208188,"relics_obtained":[{"floor":6,"key":"Mummified Hand"},{"floor":8,"key":"Regal Pillow"},{"floor":9,"key":"Vajra"},{"floor":26,"key":"Bag of Preparation"},{"floor":29,"key":"Anchor"},{"floor":43,"key":"Kunai"}],"event_choices":[{"damage_healed":18,"gold_gain":0,"player_choice":"Healed","damage_taken":0,"max_hp_gain":0,"max_hp_loss":0,"event_name":"The Cleric","floor":3,"gold_loss":35},{"damage_healed":0,"gold_gain":0,"player_choice":"Entered Light","damage_taken":14,"max_hp_gain":0,"max_hp_loss":0,"event_name":"Shining Light","floor":4,"gold_loss":0,"cards_upgraded":["Conclude","Strike_P"]},{"damage_healed":0,"gold_gain":0,"player_choice":"Inject Mutagens","damage_taken":0,"relics_obtained":["MutagenicStrength"],"max_hp_gain":0,"max_hp_loss":0,"event_name":"Drug Dealer","floor":22,"gold_loss":0},{"damage_healed":0,"gold_gain":0,"cards_transformed":["FlurryOfBlows"],"player_choice":"Transformed","damage_taken":0,"max_hp_gain":0,"max_hp_loss":0,"event_name":"Transmorgrifier","floor":30,"gold_loss":0,"cards_obtained":["WreathOfFlame"]},{"damage_healed":18,"gold_gain":0,"player_choice":"Writhe","damage_taken":0,"max_hp_gain":0,"max_hp_loss":0,"event_name":"Winding Halls","floor":38,"gold_loss":0,"cards_obtained":["Writhe"]},{"cards_removed":["Strike_P"],"damage_healed":0,"gold_gain":0,"player_choice":"Removed Attack","damage_taken":0,"max_hp_gain":0,"max_hp_loss":0,"event_name":"Falling","floor":39,"gold_loss":0},{"damage_healed":0,"gold_gain":0,"player_choice":"Paid","damage_taken":0,"relics_obtained":["Red Mask"],"max_hp_gain":0,"max_hp_loss":0,"event_name":"Tomb of Lord Red Mask","floor":47,"gold_loss":37}],"is_beta":false,"boss_relics":[{"not_picked":["Pandora\u0027s Box","Coffee Dripper"],"picked":"Busted Crown"},{"not_picked":["Cursed Key","Snecko Eye"],"picked":"SacredBark"}],"items_purged_floors":[],"is_endless":false,"potions_floor_spawned":[2,5,7,8,16,18,27,36,46],"killed_by":"Awakened One","ascension_level":11}}