{"host":"1shobamjx3kfwgso","time":1609995446,"event":{"mods":["2.2 Compatiblity","AchievementEnabler","Act Like it!","Aspiration","BaseMod","Beaked The Cultist","Better Altar","Better Match","Better Sensory Stone","Better Skull","Better Third Choice","BetterRewards","Block Reminder","CCEM","CapriCore","Challenge The Spire","Clockwork Mod","Colored Map","Colored Powertips","Conjunction","Conspire","Defuse TimeMaze Blight","Downfall","Energized Spire","Exacting","FoggyMod","GifTheSpireLib","GungeonMod","Halation","Hallownest","Hermit","Highlight Path","Hubris","Infinite Spire","Ironclad Rager","JesterMod","Lobotomy","LobotomyExtend","Mimic Mod","Minty Spire (QoL Compilation)","Pale of the Ancients","Quick Restart","Relic Sorter","Replay The Spire","Shade Mod","Shop Mod","StSLib","Stuff the Spire","The Bladedancer","The Blue Laboratory","The Bug Knight","The Construct","The Cursed","The Dragon Tamer","The Druid","The Immortal","The Juggle","The Marked","The Mystic","The Sage","The Servant 0.9.4","TheFirefly","TheVacant","Uncapped","vexMod"],"gold_per_floor":[114,114,114,114,114,114,187,187,187,2,2,2,2,2,2,105,105,133,133,133,164,17,43,43,63,89,89,89,18,53,53,53,151,151,170,170,190,46,46,46,73,58,58,58,58,90,163,13,13,13,13],"floor_reached":52,"playtime":2227,"items_purged":[],"score":995,"play_id":"bf49b5d8-6bcf-4677-8935-71c9248601a2","local_time":"20210106235726","is_ascension_mode":true,"campfire_choices":[{"data":"DemoMod:TeaPot","floor":6.0,"key":"SMITH"},{"data":"DemoMod:SuppressiveFire","floor":8.0,"key":"SMITH"},{"data":"DemoMod:Polaris","floor":11.0,"key":"SMITH"},{"data":"DemoMod:RustySidearm","floor":15.0,"key":"SMITH"},{"floor":28.0,"key":"REST"},{"data":"DemoMod:PotionOfGunFriendShip","floor":32.0,"key":"SMITH"},{"data":"DemoMod:BlankBullets","floor":40,"key":"SMITH"},{"floor":44,"key":"REST"},{"floor":49,"key":"REST"}],"circlet_count":0,"master_deck":["DemoMod:Strike_Huntress","DemoMod:Strike_Huntress","DemoMod:Strike_Huntress","DemoMod:Defend_Huntress","DemoMod:Defend_Huntress","DemoMod:Defend_Huntress","DemoMod:Defend_Huntress","DemoMod:Roll","DemoMod:ManualReload","DemoMod:RustySidearm+1","DemoMod:CrossBow","DemoMod:TeaPot+1","DemoMod:SuppressiveFire+1","DemoMod:Polaris+1","DemoMod:BlankBullets+1","DemoMod:SniperShot","DemoMod:TeaPot+1","DemoMod:Elimentaler","DemoMod:MachoBrace","DemoMod:PotionOfGunFriendShip+1","DemoMod:JK47","DemoMod:Camera","DemoMod:BSG","DemoMod:PotionOfGunFriendShip+1","DemoMod:ProbeStrike+1","Writhe","DemoMod:TableSutra","DemoMod:Camera","DemoMod:DirectionalPad"],"relics":["DemoMod:Dog","DemoMod:RingOfEthereal","hubris:Icosahedron","aspiration:Nostalgia","HollowMod:VesselMask","LetterFromLob","halation:EternalFortune","hubris:Towel","Toy Ornithopter","hubris:MysteriousPyramids","conspire:Dentures","DemoMod:GnawedKey","MagicBullet_r","LaetitiaHeart","Black Star","hubris:BottledRain","CCEMRelics:CocoNut","MerchantsRug","DemoMod:RatBoots","DemoMod:Metronome","Bag of Marbles","WarpedTongs","DemoMod:CrisisStone","Bag of Preparation","DemoMod:PinkGuonStone","Toxic Egg 2","hubris:Potato","DemoMod:GlassGuonStoneRelic","DemoMod:BlueGuonStone","DemoMod:MeltedRock","aspiration:FetidBarrel"],"acts_visited":["Exordium","TheCity","TheBeyond"],"potions_floor_usage":[48,50,50],"damage_taken":[{"damage":0.0,"enemies":"Small Slimes","floor":1.0,"turns":5.0},{"damage":20.0,"enemies":"3 Sentries","floor":7.0,"turns":11.0},{"damage":0.0,"enemies":"Fading Forest","floor":16.0,"turns":11.0},{"damage":0.0,"enemies":"Spheric Guardian","floor":18.0,"turns":2.0},{"damage":0.0,"enemies":"Shell Parasite","floor":21.0,"turns":4.0},{"damage":39.0,"enemies":"Book of Stabbing","floor":23.0,"turns":5.0},{"damage":9.0,"enemies":"Shell Parasite","floor":25.0,"turns":3.0},{"damage":6.0,"enemies":"Gremlin Leader","floor":30.0,"turns":4.0},{"damage":36,"enemies":"Collector","floor":33,"turns":9},{"damage":16,"enemies":"3 Shapes","floor":35,"turns":2},{"damage":10,"enemies":"Orb Walker","floor":37,"turns":2},{"damage":51,"enemies":"Reptomancer","floor":41,"turns":6},{"damage":11,"enemies":"Giant Head","floor":46,"turns":8},{"damage":0,"enemies":"hubris:GrandSnecko","floor":50,"turns":7}],"seed_played":"5241833186698269407","potions_obtained":[{"floor":1.0,"key":"blueLaboratory:AbyssPotion"},{"floor":30.0,"key":"blueLaboratory:RememoryPotion"},{"floor":33,"key":"sneckomod:MuddlingPotion"},{"floor":46,"key":"EssenceOfSteel"}],"is_trial":false,"path_per_floor":["M","?","?","?","?","R","E","R","T","$","R","?","$","M","R","B",null,"M","?","?","?","$","E","M","M","T","?","R","$","E","?","R","B",null,"M","?","M","?","?","R","E","?","T","R","?","E","T","$","R","B",null,null],"character_chosen":"HUNTRESS","items_purchased":["DemoMod:GnawedKey","DemoMod:Polaris","MerchantsRug","DemoMod:PotionOfGunFriendShip","DemoMod:JK47","Fruit Juice","DemoMod:DirectionalPad"],"campfire_rested":3,"item_purchase_floors":[10,10,22,29,29,48,48],"current_hp_per_floor":[70,73,73,73,73,73,53,53,53,53,53,53,53,53,53,63,73,73,73,73,78,78,39,39,30,30,30,53,53,47,54,54,18,78,62,62,52,52,72,72,28,28,28,53,53,42,42,50,77,87,87],"gold":13,"neow_bonus":"NOSTALGIA","is_daily":false,"chose_seed":false,"campfire_upgraded":6,"win_rate":0.0,"timestamp":1609995446,"path_taken":["M","?","?","?","?","R","E","R","T","?","R","?","?","?","R","BOSS","M","?","?","?","$","E","?","?","T","?","R","?","E","?","R","BOSS","M","?","?","?","?","R","E","?","T","R","?","E","?","?","R","BOSS"],"items_purchased_type":["Relic","Card","Relic","Card","Card","Potion","Card"],"build_version":"2020-12-22","purchased_purges":0,"victory":true,"max_hp_per_floor":[70,73,73,73,73,73,73,73,73,73,73,73,73,73,73,73,73,73,73,73,78,78,78,78,78,78,78,78,78,78,78,78,78,78,78,78,78,78,78,78,85,85,85,85,85,85,85,93,93,93,93],"card_choices":[{"not_picked":["DemoMod:BattleInHaste","DemoMod:JK47"],"picked":"DemoMod:TeaPot","floor":1.0},{"not_picked":["DemoMod:BattleInHaste","DemoMod:HardPowerCard"],"picked":"DemoMod:SuppressiveFire","floor":7.0},{"not_picked":["DemoMod:BSG","DemoMod:DarkMarker"],"picked":"DemoMod:BlankBullets","floor":16.0},{"not_picked":["DemoMod:BoxingGlove","DemoMod:GunShield"],"picked":"DemoMod:SniperShot","floor":18.0},{"not_picked":["DemoMod:BoxingGlove","DemoMod:FeignSurrender"],"picked":"DemoMod:TeaPot+1","floor":21.0},{"not_picked":["DemoMod:FastSwitch","DemoMod:Camera"],"picked":"DemoMod:Elimentaler","floor":23.0},{"not_picked":["DemoMod:RadGun","DemoMod:FeignSurrender"],"picked":"DemoMod:MachoBrace","floor":25.0},{"not_picked":["DemoMod:FeignSurrender","DemoMod:PracticeMakesPerfect"],"picked":"DemoMod:Camera","floor":30.0},{"not_picked":["DemoMod:Desperate","DemoMod:BalloonGun"],"picked":"DemoMod:BSG","floor":33},{"not_picked":["DemoMod:Ejector+1","DemoMod:DoubleSwitch"],"picked":"DemoMod:PotionOfGunFriendShip+1","floor":35},{"not_picked":["DemoMod:AC15+1","DemoMod:GunstockTap+1"],"picked":"DemoMod:ProbeStrike+1","floor":37},{"not_picked":["DemoMod:PotionOfGunFriendShip+1","DemoMod:DirectionalPad"],"picked":"DemoMod:TableSutra","floor":41},{"not_picked":["DemoMod:GunstockTap","DemoMod:Desperate+1"],"picked":"DemoMod:Camera","floor":46}],"player_experience":297126,"relics_obtained":[{"floor":1.0,"key":"LetterFromLob"},{"floor":5.0,"key":"Toy Ornithopter"},{"floor":7.0,"key":"hubris:MysteriousPyramids"},{"floor":9.0,"key":"conspire:Dentures"},{"floor":21.0,"key":"hubris:BottledRain"},{"floor":21.0,"key":"CCEMRelics:CocoNut"},{"floor":23.0,"key":"DemoMod:RatBoots"},{"floor":23.0,"key":"DemoMod:Metronome"},{"floor":26.0,"key":"Bag of Marbles"},{"floor":30.0,"key":"DemoMod:RingOfEthereal"},{"floor":30.0,"key":"DemoMod:CrisisStone"},{"floor":30.0,"key":"Bag of Preparation"},{"floor":41,"key":"DemoMod:PinkGuonStone"},{"floor":41,"key":"Toxic Egg 2"},{"floor":43,"key":"hubris:Potato"},{"floor":46,"key":"DemoMod:BlueGuonStone"},{"floor":46,"key":"DemoMod:MeltedRock"},{"floor":47,"key":"aspiration:FetidBarrel"}],"event_choices":[{"damage_healed":0.0,"max_hp_gain":0.0,"max_hp_loss":0.0,"gold_gain":0.0,"event_name":"The Cleric","player_choice":"Leave","floor":4.0,"gold_loss":0.0,"damage_taken":0.0},{"damage_healed":0.0,"max_hp_gain":0.0,"max_hp_loss":0.0,"gold_gain":0.0,"event_name":"Transmorgrifier","player_choice":"Ignored","floor":24.0,"gold_loss":0.0,"damage_taken":0.0},{"damage_healed":0.0,"max_hp_gain":0.0,"max_hp_loss":0.0,"gold_gain":0.0,"event_name":"Accursed Blacksmith","player_choice":"Rummage","floor":27.0,"gold_loss":0.0,"damage_taken":0.0,"relics_obtained":["WarpedTongs"],"cards_obtained":["Pain"]},{"cards_removed":["Pain"],"damage_healed":0,"gold_gain":0,"player_choice":"Purged","damage_taken":0,"max_hp_gain":0,"max_hp_loss":0,"event_name":"Purifier","floor":36,"gold_loss":0},{"damage_healed":20,"gold_gain":0,"player_choice":"Writhe","damage_taken":0,"max_hp_gain":0,"max_hp_loss":0,"event_name":"Winding Halls","floor":39,"gold_loss":0,"cards_obtained":["Writhe"]}],"is_beta":false,"boss_relics":[{"not_picked":["Replay:Drink Me","energizedSpire:DeadBattery"],"picked":"Black Star"},{"not_picked":["Replay:Wanted Poster","CCEMRelics:GreenEgg","hubris:VirtuousBlindfold"]}],"items_purged_floors":[],"is_endless":false,"potions_floor_spawned":[1,30,33,46],"ascension_level":1}}