{"host":"bjzqjr1ycgj8gt55","time":1609983929,"event":{"mods":["BaseMod","Better Altar","Better Match","Better Sensory Stone","Better Skull","Better Third Choice","Better Vampires","Block Reminder","Colored Map","Colored Powertips","GifTheSpireLib","Infinite Spire","Minty Spire (QoL Compilation)","Rare Cards Sparkle","Red Circlet Mod","Spicy Shops","StSLib","Waifu the Spire","everything is the same but u backflip on backflip","slay the spire mod where everything is the same but ironclad has a cowboy hat"],"gold_per_floor":[115,133,133,133,133,133,133,151,151,165,165,190,214,257,257,377,377,391,391,406,406,419,419,453,453,453],"floor_reached":25,"playtime":685,"items_purged":[],"score":273,"play_id":"a8f4d0bd-dbcd-4df9-aaf2-a6200e3bb7a5","local_time":"20210106194529","is_ascension_mode":false,"campfire_choices":[{"data":"BattleHymn","floor":6,"key":"SMITH"},{"data":"DeceiveReality","floor":11,"key":"SMITH"},{"data":"DevaForm","floor":15,"key":"SMITH"},{"floor":23,"key":"REST"}],"circlet_count":0,"master_deck":["Strike_P","Strike_P+1","Strike_P","Strike_P","Defend_P+1","Defend_P","Defend_P","Defend_P","Eruption","Vigilance","WindmillStrike","BattleHymn+1","Tantrum","DeceiveReality+1","EmptyBody","DevaForm+1","FlyingSleeves","LessonLearned+1","Crescendo+1","infinitespire:FutureSight+1","DeceiveReality"],"relics":["PureWater","NeowsBlessing","Golden Idol","Kunai","infinitespire:CursedDice","Velvet Choker","Oddly Smooth Stone"],"acts_visited":["Exordium","TheCity"],"potions_floor_usage":[24],"damage_taken":[{"damage":0,"enemies":"2 Louse","floor":1,"turns":1},{"damage":0,"enemies":"Small Slimes","floor":2,"turns":1},{"damage":0,"enemies":"Cultist","floor":8,"turns":1},{"damage":4,"enemies":"Blue Slaver","floor":10,"turns":3},{"damage":0,"enemies":"Large Slime","floor":12,"turns":3},{"damage":6,"enemies":"2 Fungi Beasts","floor":13,"turns":3},{"damage":10,"enemies":"3 Sentries","floor":14,"turns":5},{"damage":0,"enemies":"Slime Boss","floor":16,"turns":5},{"damage":5,"enemies":"Spheric Guardian","floor":18,"turns":3},{"damage":29,"enemies":"2 Thieves","floor":20,"turns":4},{"damage":18,"enemies":"Shelled Parasite and Fungi","floor":22,"turns":4},{"damage":57,"enemies":"Slavers","floor":24,"turns":5},{"damage":0,"enemies":"Sentry and Sphere","floor":25,"turns":3}],"seed_played":"3120615155291636232","potions_obtained":[{"floor":1,"key":"FearPotion"},{"floor":10,"key":"Regen Potion"},{"floor":12,"key":"Ambrosia"},{"floor":16,"key":"BottledMiracle"},{"floor":24,"key":"Fire Potion"}],"is_trial":false,"path_per_floor":["M","M","$","?","?","R","?","M","T","M","R","M","M","E","R","B",null,"M","?","M","?","M","R","E","M"],"character_chosen":"WATCHER","items_purchased":[],"campfire_rested":1,"item_purchase_floors":[],"current_hp_per_floor":[72,72,72,72,77,77,77,77,77,73,73,73,67,57,57,57,77,72,53,24,49,31,54,27,27,27],"gold":453,"neow_bonus":"THREE_ENEMY_KILL","is_daily":false,"chose_seed":false,"campfire_upgraded":3,"win_rate":0.0,"timestamp":1609983929,"path_taken":["M","M","$","?","?","R","?","M","T","M","R","?","M","E","R","BOSS","M","?","M","?","M","R","E","M"],"items_purchased_type":[],"build_version":"2020-12-22","purchased_purges":0,"victory":false,"max_hp_per_floor":[72,72,72,72,77,77,77,77,77,77,77,77,77,77,77,77,77,77,77,77,77,77,77,77,77,77],"card_choices":[{"not_picked":["ClearTheMind","FollowUp"],"picked":"WindmillStrike","floor":1},{"not_picked":["ThirdEye","CutThroughFate"],"picked":"BattleHymn","floor":2},{"not_picked":["Worship","ClearTheMind"],"picked":"Tantrum","floor":8},{"not_picked":["CrushJoints","SashWhip"],"picked":"DeceiveReality","floor":10},{"not_picked":["Indignation","ThirdEye"],"picked":"EmptyBody","floor":12},{"not_picked":["LikeWater","Consecrate"],"picked":"DevaForm","floor":13},{"not_picked":["CrushJoints","JustLucky"],"picked":"FlyingSleeves","floor":14},{"not_picked":["Scrawl","Establishment"],"picked":"LessonLearned","floor":16},{"not_picked":["Protect","Evaluate"],"picked":"Crescendo+1","floor":18},{"not_picked":["infinitespire:Execution","infinitespire:Fortify"],"picked":"infinitespire:FutureSight","floor":19},{"not_picked":["Worship","Study","PathToVictory"],"picked":"SKIP","floor":20},{"not_picked":["WheelKick","Swivel","JustLucky"],"picked":"SKIP","floor":22},{"not_picked":["FollowUp","CrushJoints"],"picked":"DeceiveReality","floor":24}],"player_experience":102983,"relics_obtained":[{"floor":9,"key":"Kunai"},{"floor":14,"key":"infinitespire:CursedDice"},{"floor":24,"key":"Oddly Smooth Stone"}],"event_choices":[{"damage_healed":0,"gold_gain":0,"player_choice":"Take Wound","damage_taken":0,"relics_obtained":["Golden Idol"],"max_hp_gain":0,"max_hp_loss":0,"event_name":"Golden Idol","floor":4,"gold_loss":0,"cards_obtained":["Injury"]},{"damage_healed":0,"gold_gain":0,"player_choice":"Donut","damage_taken":0,"max_hp_gain":5,"max_hp_loss":0,"event_name":"Big Fish","floor":5,"gold_loss":0},{"cards_removed":["Injury"],"damage_healed":0,"gold_gain":0,"player_choice":"Purged","damage_taken":0,"max_hp_gain":0,"max_hp_loss":0,"event_name":"Purifier","floor":7,"gold_loss":0},{"damage_healed":25,"gold_gain":0,"player_choice":"Heal","damage_taken":0,"max_hp_gain":0,"max_hp_loss":0,"event_name":"The Library","floor":21,"gold_loss":0}],"is_beta":false,"boss_relics":[{"not_picked":["Pandora\u0027s Box","Calling Bell"],"picked":"Velvet Choker"}],"items_purged_floors":[],"is_endless":false,"potions_floor_spawned":[1,10,12,16,18,24],"killed_by":"Sentry and Sphere","ascension_level":0}}