{"host":"ig7tc0uedzltt2sr","time":1609989626,"event":{"mods":["BaseMod","Better Twitch Integration","Block Reminder","Colored Map","Colored Powertips","Communication Mod","Current Relic Mod","GifTheSpireLib","HexUI Lib","Minty Spire (QoL Compilation)","Quick Restart","Random Character Button","Rare Cards Sparkle","Relic Sorter","Relic Stats","Slay the Relics Exporter","StSLib","SuperFastMode","Synergy Search","Twitch Decklist","Twitch Utils","everything is the same but u backflip on backflip","slay the spire mod where everything is the same but ironclad has a cowboy hat"],"gold_per_floor":[113,113,129,149,167,167,21,21,46,56,11,11,11],"floor_reached":12,"playtime":72,"items_purged":[],"score":70,"play_id":"660b5e69-d5e5-42ae-be56-cf59b817b348","local_time":"20210106192026","is_ascension_mode":false,"campfire_choices":[{"data":"Rampage","floor":6,"key":"SMITH"}],"circlet_count":0,"master_deck":["Strike_R","Strike_R","Strike_R","Strike_R","Strike_R","Defend_R","Defend_R","Defend_R","Defend_R","Bash","Rampage+1","Rampage","Burning Pact","Evolve","Infernal Blade","Pain","Infernal Blade","True Grit"],"relics":["Burning Blood","NeowsBlessing","Happy Flower"],"acts_visited":["Exordium"],"potions_floor_usage":[],"damage_taken":[{"damage":1,"enemies":"Jaw Worm","floor":1,"turns":2},{"damage":0,"enemies":"2 Louse","floor":3,"turns":1},{"damage":0,"enemies":"Cultist","floor":4,"turns":1},{"damage":15,"enemies":"Blue Slaver","floor":5,"turns":10},{"damage":23,"enemies":"3 Louse","floor":10,"turns":4},{"damage":59,"enemies":"3 Sentries","floor":12,"turns":8}],"seed_played":"-4034034687066921835","potions_obtained":[{"floor":1,"key":"EntropicBrew"},{"floor":4,"key":"SteroidPotion"},{"floor":10,"key":"ElixirPotion"}],"is_trial":false,"path_per_floor":["M","?","M","M","M","R","$","?","T","M","$","E"],"character_chosen":"IRONCLAD","items_purchased":["Evolve","Infernal Blade","True Grit"],"campfire_rested":0,"item_purchase_floors":[7,7,11],"current_hp_per_floor":[80,80,80,80,71,71,71,71,71,54,54,0,0],"gold":11,"neow_bonus":"THREE_ENEMY_KILL","is_daily":false,"chose_seed":false,"campfire_upgraded":1,"win_rate":0.0,"timestamp":1609989626,"path_taken":["M","?","M","M","M","R","$","?","T","M","$","E"],"items_purchased_type":["Card","Card","Card"],"build_version":"2020-12-22","purchased_purges":0,"victory":false,"max_hp_per_floor":[80,80,80,80,80,80,80,80,80,80,80,80,80],"relic_stats":{"Happy Flower":[4],"counters":[6,26],"obtain_stats":[{"NeowsBlessing":0,"Happy Flower":9,"Burning Blood":0},{"NeowsBlessing":0,"Happy Flower":4,"Burning Blood":0},{"NeowsBlessing":0,"Happy Flower":14,"Burning Blood":0}],"Burning Blood":13},"card_choices":[{"not_picked":["Spot Weakness","Entrench"],"picked":"Rampage","floor":1},{"not_picked":["Twin Strike","Blood for Blood","Inflame"],"picked":"SKIP","floor":3},{"not_picked":["Searing Blow","Intimidate"],"picked":"Rampage","floor":4},{"not_picked":["True Grit","Heavy Blade"],"picked":"Burning Pact","floor":5},{"not_picked":["Body Slam","Shrug It Off"],"picked":"Infernal Blade","floor":10}],"player_experience":1442548,"relics_obtained":[{"floor":9,"key":"Happy Flower"}],"event_choices":[{"damage_healed":0,"gold_gain":0,"player_choice":"Ignored","damage_taken":0,"max_hp_gain":0,"max_hp_loss":0,"event_name":"Liars Game","floor":2,"gold_loss":0},{"damage_healed":0,"gold_gain":0,"player_choice":"1 cards matched","damage_taken":0,"max_hp_gain":0,"max_hp_loss":0,"event_name":"Match and Keep!","floor":8,"gold_loss":0,"cards_obtained":["Pain"]}],"is_beta":false,"boss_relics":[],"items_purged_floors":[],"is_endless":false,"potions_floor_spawned":[1,4,10],"killed_by":"3 Sentries","ascension_level":0}}