{"host":"9tch52zpouts7b2p","time":1609996918,"event":{"mods":["BaseMod","Colored Map","Minty Spire (QoL Compilation)","StSLib","UnlockEverythingMod"],"gold_per_floor":[366,366,379,554,189,189,253,328,328,328,338,338,348,39,39,135,135,148,68,80,80,80],"floor_reached":21,"playtime":730,"items_purged":["Regret"],"score":175,"play_id":"8ea3f01d-b378-47d4-bf6b-b0f52eb6319e","local_time":"20210107132158","is_ascension_mode":true,"campfire_choices":[{"data":"Hemokinesis","floor":6,"key":"SMITH"},{"floor":12,"key":"REST"},{"data":"Searing Blow","floor":15,"key":"SMITH"}],"circlet_count":0,"master_deck":["Strike_R","Defend_R","Defend_R","Defend_R","Defend_R","Bash","Entrench+1","Hemokinesis+1","Doubt","Spot Weakness","Dropkick","Iron Wave","Strike_B","Ghostly Armor+1","Searing Blow+1","Limit Break+1","Apotheosis+1","Feed","Dropkick+1","Inflame+1","Power Through+1","Seeing Red+1","Inflame"],"relics":["Burning Blood","PreservedInsect","Toxic Egg 2","Bottled Lightning","StrikeDummy","Astrolabe"],"acts_visited":["Exordium","TheCity"],"potions_floor_usage":[13,16,21],"damage_taken":[{"damage":12.0,"enemies":"2 Louse","floor":1.0,"turns":3.0},{"damage":7.0,"enemies":"Cultist","floor":3.0,"turns":4.0},{"damage":22,"enemies":"Lagavulin Event","floor":7,"turns":5},{"damage":13,"enemies":"Jaw Worm","floor":11,"turns":2},{"damage":5,"enemies":"Looter","floor":13,"turns":3},{"damage":56,"enemies":"Hexaghost","floor":16,"turns":9},{"damage":42,"enemies":"3 Byrds","floor":18,"turns":6},{"damage":10,"enemies":"Shell Parasite","floor":20,"turns":6},{"damage":50,"enemies":"Centurion and Healer","floor":21,"turns":5}],"seed_played":"2696765509121052293","potions_obtained":[{"floor":1.0,"key":"GamblersBrew"},{"floor":13,"key":"Fire Potion"},{"floor":20,"key":"LiquidBronze"}],"is_trial":false,"path_per_floor":["M","?","M","?","$","R","?","T","T","?","M","R","M","$","R","B",null,"M","$","M","M"],"character_chosen":"IRONCLAD","items_purchased":["Spot Weakness","PreservedInsect","Dropkick","Limit Break+1","Apotheosis+1","Inflame"],"campfire_rested":1,"item_purchase_floors":[5,5,5,14,14,19],"current_hp_per_floor":[74,74,73,73,73,73,57,57,57,57,50,74,75,75,75,25,80,44,44,40,0,0],"gold":80,"neow_bonus":"TWO_FIFTY_GOLD","is_daily":false,"chose_seed":false,"campfire_upgraded":2,"win_rate":0.0,"timestamp":1609996918,"path_taken":["M","?","?","?","$","R","?","?","T","?","M","R","M","$","R","BOSS","M","$","?","M"],"items_purchased_type":["Card","Relic","Card","Card","Card","Card"],"build_version":"2020-12-22","purchased_purges":1,"victory":false,"max_hp_per_floor":[80,80,80,80,80,80,80,80,80,80,80,80,80,80,80,80,80,80,80,80,80,80],"card_choices":[{"not_picked":["Pommel Strike","Flex"],"picked":"Entrench","floor":1.0},{"not_picked":["Shockwave","Clothesline"],"picked":"Hemokinesis","floor":3.0},{"not_picked":["Cleave","Perfected Strike"],"picked":"Iron Wave","floor":7},{"not_picked":["Heavy Blade","Clothesline"],"picked":"Ghostly Armor+1","floor":11},{"not_picked":["Carnage","Burning Pact+1"],"picked":"Searing Blow","floor":13},{"not_picked":["Immolate","Fiend Fire"],"picked":"Feed","floor":16},{"not_picked":["Sword Boomerang+1","Inflame+1"],"picked":"Seeing Red+1","floor":18},{"not_picked":["Sentinel+1","Thunderclap+1","Clothesline"],"picked":"SKIP","floor":20}],"player_experience":140347,"relics_obtained":[{"floor":8,"key":"Bottled Lightning"},{"floor":9,"key":"StrikeDummy"}],"event_choices":[{"damage_healed":0.0,"max_hp_gain":0.0,"max_hp_loss":0.0,"gold_gain":0.0,"event_name":"Upgrade Shrine","player_choice":"Upgraded","floor":2.0,"gold_loss":0.0,"damage_taken":0.0,"cards_upgraded":["Entrench"]},{"damage_healed":0.0,"max_hp_gain":0.0,"max_hp_loss":0.0,"gold_gain":175.0,"event_name":"Liars Game","player_choice":"AGREE","floor":4.0,"gold_loss":0.0,"damage_taken":0.0,"cards_obtained":["Doubt"]},{"damage_healed":0,"gold_gain":30,"player_choice":"Searched \u00273\u0027 times","damage_taken":0,"relics_obtained":["Toxic Egg 2"],"max_hp_gain":0,"max_hp_loss":0,"event_name":"Dead Adventurer","floor":7,"gold_loss":0},{"cards_removed":["Strike_R"],"damage_healed":0,"gold_gain":0,"player_choice":"Took Card","damage_taken":0,"max_hp_gain":0,"max_hp_loss":0,"event_name":"NoteForYourself","floor":10,"gold_loss":0,"cards_obtained":["Strike_B"]}],"is_beta":false,"boss_relics":[{"not_picked":["Empty Cage","Velvet Choker"],"picked":"Astrolabe"}],"items_purged_floors":[5],"is_endless":false,"potions_floor_spawned":[1,13,20],"killed_by":"Centurion and Healer","ascension_level":1}}