{"host":"ng8aq1q5gznbd93k","time":1609998489,"event":{"mods":["AchievementEnabler","BaseMod","Downfall","Duelist Mod","GifTheSpireLib","Googly Eyes","Minty Spire (QoL Compilation)","StSLib","SuperFastMode"],"gold_per_floor":[368,22,36,55,70,102,102,102,126,145,164,164,195,210,210,210,210],"floor_reached":16,"playtime":700,"items_purged":[],"score":120,"play_id":"c0d2c585-ac1c-42f3-bda2-ec630ecfcd1d","local_time":"20210106234809","is_ascension_mode":true,"campfire_choices":[{"floor":7,"key":"REST"},{"floor":15,"key":"REST"}],"circlet_count":0,"master_deck":["Strike_B","Strike_B","Strike_B","Strike_B","Defend_B","Defend_B","Defend_B","Zap","Dualcast","Ball Lightning","Reinforced Body+1","Lockon","Thunder Strike","Sunder","Gash","Genetic Algorithm","Streamline","Fission"],"relics":["Cracked Core","Lizard Tail","Bag of Preparation","Happy Flower","Oddly Smooth Stone"],"acts_visited":["Exordium"],"potions_floor_usage":[6,6,13,16],"damage_taken":[{"damage":11,"enemies":"Jaw Worm","floor":1,"turns":3},{"damage":0,"enemies":"Cultist","floor":3,"turns":3},{"damage":0,"enemies":"Small Slimes","floor":4,"turns":3},{"damage":6,"enemies":"2 Fungi Beasts","floor":5,"turns":3},{"damage":13,"enemies":"3 Sentries","floor":6,"turns":6},{"damage":9,"enemies":"Large Slime","floor":10,"turns":5},{"damage":3,"enemies":"Looter","floor":11,"turns":2},{"damage":21,"enemies":"Lagavulin","floor":13,"turns":5},{"damage":10,"enemies":"Exordium Wildlife","floor":14,"turns":4},{"damage":63,"enemies":"The Guardian","floor":16,"turns":9}],"seed_played":"8356629674035444329","potions_obtained":[{"floor":1,"key":"FearPotion"},{"floor":5,"key":"SkillPotion"},{"floor":10,"key":"ColorlessPotion"}],"is_trial":false,"path_per_floor":["M","$","M","M","M","E","R","?","T","M","M","?","E","M","R","B"],"character_chosen":"DEFECT","items_purchased":["Lizard Tail","BlessingOfTheForge"],"campfire_rested":2,"item_purchase_floors":[2,2],"current_hp_per_floor":[43,43,43,43,37,24,46,46,46,37,34,34,13,3,25,0,0],"gold":210,"neow_bonus":"TWO_FIFTY_GOLD","is_daily":false,"chose_seed":false,"campfire_upgraded":0,"win_rate":0.0,"timestamp":1609998489,"path_taken":["M","$","M","M","M","E","R","?","T","?","M","?","E","M","R","BOSS"],"items_purchased_type":["Relic","Potion"],"build_version":"2020-12-22","purchased_purges":0,"victory":false,"max_hp_per_floor":[75,75,75,75,75,75,75,75,75,75,75,75,75,75,75,75,75],"card_choices":[{"not_picked":["Sunder","Turbo"],"picked":"Ball Lightning","floor":1},{"not_picked":["Sweeping Beam","Heatsinks"],"picked":"Reinforced Body","floor":3},{"not_picked":["Streamline","Darkness"],"picked":"Lockon","floor":4},{"not_picked":["Compile Driver","Stack"],"picked":"Thunder Strike","floor":5},{"not_picked":["Streamline","Genetic Algorithm"],"picked":"Sunder","floor":6},{"not_picked":["Rebound","Sweeping Beam"],"picked":"Gash","floor":10},{"not_picked":["Leap","Rebound"],"picked":"Genetic Algorithm","floor":11},{"not_picked":["Compile Driver","Steam"],"picked":"Streamline","floor":13},{"not_picked":["Beam Cell","Aggregate"],"picked":"Fission","floor":14}],"player_experience":118342,"relics_obtained":[{"floor":6,"key":"Bag of Preparation"},{"floor":9,"key":"Happy Flower"},{"floor":13,"key":"Oddly Smooth Stone"}],"event_choices":[{"cards_removed":["Defend_B"],"damage_healed":0,"gold_gain":0,"player_choice":"Purged","damage_taken":0,"max_hp_gain":0,"max_hp_loss":0,"event_name":"Purifier","floor":8,"gold_loss":0},{"damage_healed":0,"gold_gain":0,"player_choice":"Grow","damage_taken":0,"max_hp_gain":0,"max_hp_loss":0,"event_name":"Living Wall","floor":12,"gold_loss":0,"cards_upgraded":["Reinforced Body"]}],"is_beta":false,"boss_relics":[],"items_purged_floors":[],"is_endless":false,"potions_floor_spawned":[1,5,10],"killed_by":"The Guardian","ascension_level":1}}