{"host":"SteinPartDos","time":1609986035,"event":{"mods":["BaseMod","Colored Map","Minty Spire (QoL Compilation)","StSLib"],"gold_per_floor":[17,31,49,49,49,59,75,100,153,188,188,215,231,331,331,428,428,413,191,266,278,307,307,307],"floor_reached":23,"playtime":1020,"items_purged":["Strike_B"],"score":232,"play_id":"8d1982d5-8d03-44f8-85e2-7183daeaebc1","local_time":"20210106212035","is_ascension_mode":true,"campfire_choices":[{"data":"Genetic Algorithm","floor":11.0,"key":"SMITH"},{"floor":15.0,"key":"REST"}],"circlet_count":0,"master_deck":["Strike_B","Strike_B","Strike_B","Defend_B","Defend_B","Defend_B","Defend_B","Zap","Dualcast","Echo Form","Rebound","Compile Driver","Conserve Battery","Genetic Algorithm+1","Ball Lightning","FTL","Core Surge","Echo Form","Gash","Genetic Algorithm","Heatsinks","Glacier","Defragment"],"relics":["Cracked Core","Ancient Tea Set","Potion Belt","Letter Opener","Centennial Puzzle","SlaversCollar","Bottled Lightning","Red Mask"],"acts_visited":["Exordium","TheCity"],"potions_floor_usage":[18,22,22,23],"damage_taken":[{"damage":2.0,"enemies":"Jaw Worm","floor":1.0,"turns":3.0},{"damage":9.0,"enemies":"Small Slimes","floor":2.0,"turns":4.0},{"damage":0.0,"enemies":"Cultist","floor":3.0,"turns":3.0},{"damage":0.0,"enemies":"Large Slime","floor":6.0,"turns":6.0},{"damage":17.0,"enemies":"Lots of Slimes","floor":7.0,"turns":5.0},{"damage":5.0,"enemies":"Lagavulin","floor":8.0,"turns":6.0},{"damage":9.0,"enemies":"3 Sentries","floor":10.0,"turns":5.0},{"damage":17.0,"enemies":"Gremlin Nob","floor":12.0,"turns":4.0},{"damage":12.0,"enemies":"Exordium Wildlife","floor":13.0,"turns":4.0},{"damage":12.0,"enemies":"Hexaghost","floor":16.0,"turns":8.0},{"damage":27,"enemies":"2 Thieves","floor":18,"turns":4},{"damage":0,"enemies":"Chosen","floor":21,"turns":5},{"damage":27,"enemies":"Masked Bandits","floor":22,"turns":5},{"damage":27,"enemies":"Slavers","floor":23,"turns":4}],"seed_played":"4147246256005151473","potions_obtained":[{"floor":3.0,"key":"DuplicationPotion"},{"floor":6.0,"key":"Fire Potion"},{"floor":7.0,"key":"Strength Potion"},{"floor":12.0,"key":"GamblersBrew"},{"floor":18,"key":"DistilledChaos"},{"floor":22,"key":"SkillPotion"}],"is_trial":false,"path_per_floor":["M","M","M","?","?","M","M","E","T","E","R","E","M","?","R","B",null,"M","$","T","M","?","E"],"character_chosen":"DEFECT","items_purchased":["Genetic Algorithm","Heatsinks"],"campfire_rested":1,"item_purchase_floors":[19,19],"current_hp_per_floor":[73,64,64,64,64,64,47,42,42,33,33,16,4,4,26,14,75,48,48,48,48,21,0,0],"gold":307,"neow_bonus":"THREE_RARE_CARDS","is_daily":false,"chose_seed":false,"campfire_upgraded":1,"win_rate":0.0,"timestamp":1609986035,"path_taken":["M","M","M","?","?","?","M","E","T","E","R","E","M","?","R","BOSS","M","$","?","M","?","E"],"items_purchased_type":["Card","Card"],"build_version":"2020-12-18","purchased_purges":1,"victory":false,"max_hp_per_floor":[75,75,75,75,75,75,75,75,75,75,75,75,75,75,75,75,75,75,75,75,75,75,75,75],"card_choices":[{"not_picked":["Electrodynamics","Multi-Cast"],"picked":"Echo Form","floor":0.0},{"not_picked":["Capacitor","Coolheaded"],"picked":"Rebound","floor":1.0},{"not_picked":["BootSequence","Loop"],"picked":"Compile Driver","floor":2.0},{"not_picked":["Leap","Cold Snap"],"picked":"Conserve Battery","floor":3.0},{"not_picked":["Rebound","Meteor Strike"],"picked":"Ball Lightning","floor":6.0},{"not_picked":["Rip and Tear","Ball Lightning","Turbo"],"picked":"SKIP","floor":7.0},{"not_picked":["Streamline","Rebound"],"picked":"FTL","floor":8.0},{"not_picked":["Stack","Turbo","Aggregate"],"picked":"SKIP","floor":10.0},{"not_picked":["Stack","Streamline","Sweeping Beam"],"picked":"SKIP","floor":12.0},{"not_picked":["Conserve Battery","Go for the Eyes"],"picked":"Core Surge","floor":13.0},{"not_picked":["Thunder Strike","Core Surge"],"picked":"Echo Form","floor":16.0},{"not_picked":["Ball Lightning+1","Auto Shields"],"picked":"Gash","floor":18},{"not_picked":["Hologram+1","Reinforced Body"],"picked":"Glacier","floor":21},{"not_picked":["Genetic Algorithm","Melter+1"],"picked":"Defragment","floor":22}],"player_experience":22064,"relics_obtained":[{"floor":8.0,"key":"Ancient Tea Set"},{"floor":9.0,"key":"Potion Belt"},{"floor":10.0,"key":"Letter Opener"},{"floor":12.0,"key":"Centennial Puzzle"},{"floor":20,"key":"Bottled Lightning"},{"floor":22,"key":"Red Mask"}],"event_choices":[{"damage_healed":0.0,"max_hp_gain":0.0,"max_hp_loss":0.0,"gold_gain":0.0,"event_name":"The Cleric","player_choice":"Leave","floor":4.0,"gold_loss":0.0,"damage_taken":0.0},{"damage_healed":0.0,"max_hp_gain":0.0,"max_hp_loss":0.0,"gold_gain":0.0,"event_name":"Match and Keep!","player_choice":"1 cards matched","floor":5.0,"gold_loss":0.0,"damage_taken":0.0,"cards_obtained":["Genetic Algorithm"]},{"damage_healed":0.0,"max_hp_gain":0.0,"max_hp_loss":0.0,"gold_gain":100.0,"event_name":"Golden Shrine","player_choice":"Pray","floor":14.0,"gold_loss":0.0,"damage_taken":0.0},{"damage_healed":0,"gold_gain":0,"player_choice":"Fought Bandits","damage_taken":0,"max_hp_gain":0,"max_hp_loss":0,"event_name":"Masked Bandits","floor":22,"gold_loss":0}],"is_beta":true,"boss_relics":[{"not_picked":["Calling Bell","Empty Cage"],"picked":"SlaversCollar"}],"items_purged_floors":[19],"is_endless":false,"potions_floor_spawned":[3,6,7,8,12,18,22],"killed_by":"Slavers","ascension_level":2}}