{"host":"ynimr9ugvc6f046i","time":1609993263,"event":{"mods":["2.2 Compatiblity","BaseMod","Colored Map","DeckTracker","Highlight Path","Keyboard Shortcuts","Minty Spire (QoL Compilation)","Permanent Neow","Quick Restart","StSLib","SuperFastMode"],"gold_per_floor":[367,367,367,367,123,123,23,57,57,57,82,96,96,109,109,200,200,216,239,262,262,283,283,321,321,321,352,377,411,425,425,425,523,523,548,562,562,577,75,114,126,159,171,222,234,579,591,636,648,660,672,684,696,81,114,114],"floor_reached":57,"playtime":2020,"items_purged":["Strike_R","Strike_R","Strike_R","Bash"],"score":3371,"play_id":"24e33a2b-0aed-4182-b0a2-400a1f8b05f1","local_time":"20210107132103","is_ascension_mode":true,"campfire_choices":[{"data":"Armaments","floor":6.0,"key":"SMITH"},{"data":"Immolate","floor":10.0,"key":"SMITH"},{"data":"Battle Trance","floor":13.0,"key":"SMITH"},{"data":"Dark Embrace","floor":15.0,"key":"SMITH"},{"data":"Corruption","floor":23.0,"key":"SMITH"},{"floor":25.0,"key":"RECALL"},{"data":"Offering","floor":32.0,"key":"SMITH"},{"data":"Master of Strategy","floor":45,"key":"SMITH"},{"data":"Ghostly","floor":49,"key":"SMITH"},{"data":"Ghostly","floor":53,"key":"SMITH"}],"circlet_count":0,"master_deck":["AscendersBane","Defend_R","Defend_R+1","Defend_R","Defend_R","Armaments+1","Inflame","Immolate+1","Disarm","Second Wind","Battle Trance+1","Dark Embrace+1","Corruption+1","Ghostly Armor","Body Slam","Ghostly+1","Ghostly+1","Ghostly+1","Offering+1","Exhume","Barricade","Warcry+1","Intimidate","Master of Strategy+1","Shrug It Off","Dark Embrace","Exhume","Burning Pact+1","Exhume"],"relics":["Burning Blood","Strawberry","Dead Branch","Coffee Dripper","War Paint","Bag of Preparation","PreservedInsect","Dream Catcher","Snecko Eye","Oddly Smooth Stone","MawBank","Boot","Red Skull","Lantern","Anchor","Lee\u0027s Waffle","Akabeko"],"acts_visited":["Exordium","TheCity","TheBeyond","TheEnding"],"potions_floor_usage":[56],"damage_taken":[{"damage":14.0,"enemies":"Jaw Worm","floor":1.0,"turns":6.0},{"damage":29.0,"enemies":"Lagavulin","floor":8.0,"turns":6.0},{"damage":0.0,"enemies":"2 Louse","floor":11.0,"turns":1.0},{"damage":2.0,"enemies":"Small Slimes","floor":12.0,"turns":3.0},{"damage":0.0,"enemies":"Blue Slaver","floor":14.0,"turns":4.0},{"damage":16.0,"enemies":"Hexaghost","floor":16.0,"turns":4.0},{"damage":0.0,"enemies":"Shell Parasite","floor":18.0,"turns":2.0},{"damage":23.0,"enemies":"2 Thieves","floor":19.0,"turns":2.0},{"damage":0.0,"enemies":"Shelled Parasite and Fungi","floor":20.0,"turns":3.0},{"damage":0.0,"enemies":"Centurion and Healer","floor":22.0,"turns":2.0},{"damage":5.0,"enemies":"Slavers","floor":24.0,"turns":3.0},{"damage":0.0,"enemies":"Gremlin Leader","floor":27.0,"turns":4.0},{"damage":4.0,"enemies":"Snake Plant","floor":28.0,"turns":3.0},{"damage":0.0,"enemies":"Slavers","floor":29.0,"turns":3.0},{"damage":2.0,"enemies":"Snecko","floor":30.0,"turns":2.0},{"damage":7.0,"enemies":"Champ","floor":33.0,"turns":3.0},{"damage":2.0,"enemies":"Orb Walker","floor":35.0,"turns":3.0},{"damage":1.0,"enemies":"3 Shapes","floor":36.0,"turns":1.0},{"damage":1.0,"enemies":"Transient","floor":38.0,"turns":6.0},{"damage":1.0,"enemies":"Reptomancer","floor":40.0,"turns":2.0},{"damage":2.0,"enemies":"3 Darklings","floor":42.0,"turns":3.0},{"damage":13.0,"enemies":"Giant Head","floor":44.0,"turns":2.0},{"damage":1,"enemies":"Reptomancer","floor":48,"turns":2},{"damage":11,"enemies":"Awakened One","floor":50,"turns":7},{"damage":12,"enemies":"Donu and Deca","floor":51,"turns":9},{"damage":2,"enemies":"Shield and Spear","floor":55,"turns":3},{"damage":6,"enemies":"The Heart","floor":56,"turns":6}],"seed_played":"7758338665041516549","potions_obtained":[{"floor":12.0,"key":"Regen Potion"},{"floor":14.0,"key":"ElixirPotion"},{"floor":20.0,"key":"FearPotion"},{"floor":22.0,"key":"PowerPotion"},{"floor":35.0,"key":"Swift Potion"}],"is_trial":false,"path_per_floor":["M","?","?","?","$","R","$","E","T","R","M","M","R","M","R","B",null,"M","M","M","?","M","R","E","R","T","E","M","E","M","?","R","B",null,"M","M","?","M","$","E","?","M","T","E","R","?","?","E","R","B","B",null,"R","$","E","B",null],"character_chosen":"IRONCLAD","items_purchased":["Immolate","Master of Strategy","Oddly Smooth Stone","Lantern","Anchor","Lee\u0027s Waffle"],"campfire_rested":0,"item_purchase_floors":[5,39,39,54,54,54],"current_hp_per_floor":[42,35,35,35,35,35,35,19,19,19,25,29,29,35,35,25,63,69,52,70,37,37,37,37,37,37,37,37,37,37,37,37,36,37,37,37,35,35,35,35,35,35,35,28,28,28,26,31,31,26,20,31,31,42,42,42],"gold":114,"neow_bonus":"TWO_FIFTY_GOLD","is_daily":false,"chose_seed":true,"campfire_upgraded":9,"win_rate":0.0,"timestamp":1609993263,"path_taken":["M","?","?","?","$","R","$","E","T","R","M","M","R","M","R","BOSS","M","?","M","?","M","R","E","R","T","E","M","E","M","?","R","BOSS","M","M","?","M","$","E","?","?","T","E","R","?","?","E","R","BOSS","BOSS","R","$","E","BOSS"],"items_purchased_type":["Card","Card","Relic","Relic","Relic","Relic"],"build_version":"2020-12-22","purchased_purges":4,"victory":true,"max_hp_per_floor":[75,75,68,68,68,68,68,75,75,75,75,75,75,75,75,75,75,75,75,75,37,37,37,37,37,37,37,37,37,37,37,37,37,37,37,37,35,35,35,35,35,35,35,35,35,35,35,35,35,35,35,35,35,42,42,42],"card_choices":[{"not_picked":["Iron Wave","Perfected Strike"],"picked":"Armaments","floor":1.0},{"not_picked":["Flame Barrier","Headbutt"],"picked":"Disarm","floor":8.0},{"not_picked":["Evolve","Battle Trance"],"picked":"Second Wind","floor":11.0},{"not_picked":["Ghostly Armor","True Grit"],"picked":"Battle Trance","floor":12.0},{"not_picked":["Armaments","Thunderclap"],"picked":"Dark Embrace","floor":14.0},{"not_picked":["Impervious","Limit Break"],"picked":"Corruption","floor":16.0},{"not_picked":["Fire Breathing","Anger+1"],"picked":"Ghostly Armor","floor":18.0},{"not_picked":["Anger","Heavy Blade","Cleave"],"picked":"SKIP","floor":19.0},{"not_picked":["Wild Strike","Clash"],"picked":"Body Slam","floor":20.0},{"not_picked":["Cleave","Warcry","Iron Wave"],"picked":"SKIP","floor":22.0},{"not_picked":["True Grit","Anger","Heavy Blade"],"picked":"SKIP","floor":24.0},{"not_picked":["Inflame","Infernal Blade"],"picked":"Offering","floor":27.0},{"not_picked":["Pommel Strike","Dropkick","Body Slam"],"picked":"SKIP","floor":28.0},{"not_picked":["Wild Strike","Thunderclap"],"picked":"Exhume","floor":29.0},{"not_picked":["True Grit+1","Spot Weakness","Anger"],"picked":"SKIP","floor":30.0},{"not_picked":["Exhume","Brutality"],"picked":"Barricade","floor":33.0},{"not_picked":["Thunderclap","Clash","Blood for Blood+1"],"picked":"SKIP","floor":35.0},{"not_picked":["Rampage+1","Perfected Strike"],"picked":"Warcry+1","floor":36.0},{"not_picked":["Clash","Pommel Strike"],"picked":"Intimidate","floor":38.0},{"not_picked":["Cleave","Seeing Red+1"],"picked":"Shrug It Off","floor":40.0},{"not_picked":["Wild Strike","Sever Soul","Clothesline+1"],"picked":"SKIP","floor":42.0},{"not_picked":["Armaments","Metallicize+1"],"picked":"Burning Pact+1","floor":44.0},{"not_picked":["Havoc","Uppercut","Hemokinesis"],"picked":"SKIP","floor":48},{"not_picked":["Perfected Strike","Clash"],"picked":"Exhume","floor":55}],"player_experience":365319,"relics_obtained":[{"floor":8.0,"key":"Strawberry"},{"floor":9.0,"key":"Dead Branch"},{"floor":24.0,"key":"War Paint"},{"floor":26.0,"key":"Bag of Preparation"},{"floor":27.0,"key":"PreservedInsect"},{"floor":29.0,"key":"Dream Catcher"},{"floor":40.0,"key":"MawBank"},{"floor":44.0,"key":"Boot"},{"floor":48,"key":"Red Skull"},{"floor":55,"key":"Akabeko"}],"event_choices":[{"cards_removed":["Strike_R"],"damage_healed":0.0,"max_hp_gain":0.0,"max_hp_loss":0.0,"gold_gain":0.0,"event_name":"Golden Wing","player_choice":"Card Removal","floor":2.0,"gold_loss":0.0,"damage_taken":7.0},{"damage_healed":0.0,"max_hp_gain":0.0,"max_hp_loss":7.0,"gold_gain":0.0,"event_name":"Golden Idol","player_choice":"Lose Max HP","floor":3.0,"gold_loss":0.0,"damage_taken":0.0,"relics_obtained":["Golden Idol"]},{"damage_healed":0.0,"max_hp_gain":0.0,"max_hp_loss":0.0,"gold_gain":0.0,"cards_transformed":["Strike_R"],"event_name":"Transmorgrifier","player_choice":"Transformed","floor":4.0,"gold_loss":0.0,"damage_taken":0.0,"cards_obtained":["Inflame"]},{"damage_healed":0.0,"max_hp_gain":0.0,"max_hp_loss":38.0,"gold_gain":0.0,"event_name":"Ghosts","player_choice":"Became a Ghost","floor":21.0,"gold_loss":0.0,"damage_taken":0.0,"cards_obtained":["Ghostly","Ghostly","Ghostly"]},{"damage_healed":0.0,"max_hp_gain":0.0,"max_hp_loss":0.0,"gold_gain":0.0,"event_name":"The Mausoleum","player_choice":"Ignored","floor":31.0,"gold_loss":0.0,"damage_taken":0.0},{"damage_healed":0.0,"max_hp_gain":0.0,"max_hp_loss":2.0,"gold_gain":0.0,"event_name":"Winding Halls","player_choice":"Max HP","floor":37.0,"gold_loss":0.0,"damage_taken":0.0},{"damage_healed":0.0,"max_hp_gain":0.0,"max_hp_loss":0.0,"gold_gain":0.0,"event_name":"Match and Keep!","player_choice":"1 cards matched","floor":41.0,"gold_loss":0.0,"damage_taken":0.0,"cards_obtained":["Dark Embrace"]},{"damage_healed":0,"gold_gain":333,"player_choice":"Gave Idol","damage_taken":0,"max_hp_gain":0,"max_hp_loss":0,"event_name":"The Moai Head","floor":46,"relics_lost":["Golden Idol"],"gold_loss":0},{"damage_healed":0,"gold_gain":0,"player_choice":"Bought 0 Potions","damage_taken":0,"max_hp_gain":0,"max_hp_loss":0,"event_name":"The Woman in Blue","floor":47,"gold_loss":0}],"is_beta":false,"boss_relics":[{"not_picked":["Empty Cage","Runic Cube"],"picked":"Coffee Dripper"},{"not_picked":["Velvet Choker","Tiny House"],"picked":"Snecko Eye"}],"items_purged_floors":[5,7,39,54],"is_endless":false,"potions_floor_spawned":[12,14,16,20,22,27,28,30,35,40,44,55],"ascension_level":20}}