{"host":"sav7uxregyirlf69","time":1609983373,"event":{"mods":["AchievementEnabler","BaseMod","Colored Map","DeckTracker","Keyboard Shortcuts","Minty Spire (QoL Compilation)","READ ME - Guardian Mod","StSLib","SuperFastMode"],"gold_per_floor":[115,127,139,159,174,203,203,228,228,228,244,244,262,275,275,352,352,364,364,375,90,90,90,101,101,101],"floor_reached":25,"playtime":540,"items_purged":["Strike_G"],"score":434,"play_id":"8ad8d47f-3ce2-441a-878b-6c7c9ca4bfdf","local_time":"20210107103613","is_ascension_mode":true,"campfire_choices":[{"floor":7,"key":"REST"},{"floor":10,"key":"REST"},{"data":"Tactician","floor":12,"key":"SMITH"},{"data":"Eviscerate","floor":15,"key":"SMITH"},{"data":"Acrobatics","floor":23,"key":"SMITH"}],"circlet_count":0,"master_deck":["AscendersBane","Strike_G","Strike_G","Strike_G","Strike_G","Defend_G","Defend_G","Defend_G","Defend_G","Defend_G","Survivor","Neutralize","Dagger Throw","Leg Sweep","Eviscerate+1","Corpse Explosion","Tactician+1","Acrobatics+1","Acrobatics","Well Laid Plans","Reflex"],"relics":["Ring of the Snake","Bronze Scales","Oddly Smooth Stone","StrikeDummy","Philosopher\u0027s Stone","TheAbacus"],"acts_visited":["Exordium","TheCity"],"potions_floor_usage":[6,6,16,25,25],"damage_taken":[{"damage":3,"enemies":"Cultist","floor":1,"turns":4},{"damage":4,"enemies":"Small Slimes","floor":2,"turns":3},{"damage":2,"enemies":"2 Louse","floor":3,"turns":4},{"damage":3,"enemies":"Blue Slaver","floor":4,"turns":4},{"damage":6,"enemies":"Large Slime","floor":5,"turns":7},{"damage":42,"enemies":"Gremlin Nob","floor":6,"turns":6},{"damage":19,"enemies":"3 Sentries","floor":8,"turns":6},{"damage":7,"enemies":"Exordium Thugs","floor":11,"turns":3},{"damage":0,"enemies":"3 Louse","floor":13,"turns":1},{"damage":4,"enemies":"Blue Slaver","floor":14,"turns":3},{"damage":9,"enemies":"Hexaghost","floor":16,"turns":9},{"damage":9,"enemies":"2 Thieves","floor":18,"turns":2},{"damage":5,"enemies":"Spheric Guardian","floor":20,"turns":5},{"damage":12,"enemies":"Snake Plant","floor":24,"turns":4},{"damage":16,"enemies":"Chosen and Byrds","floor":25,"turns":5}],"seed_played":"8219659086820161644","potions_obtained":[{"floor":1,"key":"SkillPotion"},{"floor":4,"key":"SpeedPotion"},{"floor":11,"key":"LiquidBronze"},{"floor":14,"key":"Strength Potion"},{"floor":24,"key":"ColorlessPotion"}],"is_trial":false,"path_per_floor":["M","M","M","M","M","E","R","E","T","R","M","R","M","M","R","B",null,"M","?","M","$","?","R","M","M"],"character_chosen":"THE_SILENT","items_purchased":["TheAbacus","Well Laid Plans"],"campfire_rested":2,"item_purchase_floors":[21,21],"current_hp_per_floor":[62,58,56,53,47,5,26,7,7,28,21,21,21,17,17,8,56,47,47,42,42,22,22,10,0,0],"gold":101,"neow_bonus":"TEN_PERCENT_HP_BONUS","is_daily":false,"chose_seed":false,"campfire_upgraded":3,"win_rate":0.0,"timestamp":1609983373,"path_taken":["M","M","M","M","?","E","R","E","T","R","M","R","M","M","R","BOSS","M","?","M","$","?","R","M","M"],"items_purchased_type":["Relic","Card"],"build_version":"2020-12-22","purchased_purges":1,"victory":false,"max_hp_per_floor":[72,72,72,72,72,72,72,72,72,72,72,72,72,72,72,72,72,72,72,72,72,77,77,77,77,77],"card_choices":[{"not_picked":["Quick Slash","Deflect"],"picked":"Dagger Throw","floor":1},{"not_picked":["Setup","Flying Knee"],"picked":"Leg Sweep","floor":2},{"not_picked":["Deflect","Underhanded Strike"],"picked":"Eviscerate","floor":3},{"not_picked":["Flying Knee","Blade Dance","Bouncing Flask"],"picked":"SKIP","floor":4},{"not_picked":["Cloak And Dagger","Masterful Stab"],"picked":"Corpse Explosion","floor":5},{"not_picked":["Flying Knee","Slice","Bane"],"picked":"SKIP","floor":6},{"not_picked":["Expertise","Terror"],"picked":"Tactician","floor":8},{"not_picked":["Leg Sweep","Terror","Setup"],"picked":"SKIP","floor":11},{"not_picked":["Dagger Throw","Masterful Stab","Blade Dance"],"picked":"SKIP","floor":13},{"not_picked":["Dagger Throw","Prepared"],"picked":"Acrobatics","floor":14},{"not_picked":["Dash","Slice+1","Underhanded Strike"],"picked":"SKIP","floor":18},{"not_picked":["All Out Attack","Blade Dance","Finisher"],"picked":"SKIP","floor":20},{"not_picked":["Acrobatics","Prepared"],"picked":"Reflex","floor":24}],"player_experience":1165980,"relics_obtained":[{"floor":6,"key":"Bronze Scales"},{"floor":8,"key":"Oddly Smooth Stone"},{"floor":9,"key":"StrikeDummy"}],"event_choices":[{"damage_healed":0,"gold_gain":0,"player_choice":"Read","damage_taken":0,"max_hp_gain":0,"max_hp_loss":0,"event_name":"The Library","floor":19,"gold_loss":0,"cards_obtained":["Acrobatics"]},{"damage_healed":0,"gold_gain":0,"player_choice":"Shed Blood","damage_taken":25,"max_hp_gain":5,"max_hp_loss":0,"event_name":"Forgotten Altar","floor":22,"gold_loss":0}],"is_beta":false,"boss_relics":[{"not_picked":["Ring of the Serpent","Calling Bell"],"picked":"Philosopher\u0027s Stone"}],"items_purged_floors":[21],"is_endless":false,"potions_floor_spawned":[1,4,11,14,24],"killed_by":"Chosen and Byrds","ascension_level":20}}