{"host":"9tch52zpouts7b2p","time":1609993717,"event":{"mods":["BaseMod","Colored Map","Minty Spire (QoL Compilation)","StSLib","UnlockEverythingMod"],"gold_per_floor":[114,126,96,110,130,130,158,173,226,226,251,251,251,271,271,271,271],"floor_reached":16,"playtime":681,"items_purged":[],"score":118,"play_id":"0414e6c6-73d8-4746-990d-5bc316ff5d84","local_time":"20210107122837","is_ascension_mode":true,"campfire_choices":[{"data":"Searing Blow","floor":6,"key":"SMITH"},{"floor":10,"key":"REST"},{"floor":15,"key":"REST"}],"circlet_count":0,"master_deck":["Strike_R","Strike_R","Strike_R","Strike_R","Defend_R","Defend_R","Defend_R","Defend_R","Bash","Berserk","Disarm","Searing Blow+1","Shrug It Off","Fire Breathing","Juggernaut","Rage","Armaments","Injury","Seeing Red"],"relics":["Burning Blood","Lantern","Smiling Mask","InkBottle","Golden Idol"],"acts_visited":["Exordium"],"potions_floor_usage":[4,7,7,11,16,16,16,16],"damage_taken":[{"damage":0,"enemies":"Small Slimes","floor":1,"turns":3},{"damage":10,"enemies":"Cultist","floor":2,"turns":5},{"damage":10,"enemies":"Jaw Worm","floor":4,"turns":4},{"damage":0,"enemies":"2 Fungi Beasts","floor":5,"turns":4},{"damage":21,"enemies":"3 Sentries","floor":7,"turns":5},{"damage":29,"enemies":"Gremlin Gang","floor":8,"turns":6},{"damage":52,"enemies":"Lagavulin","floor":11,"turns":7},{"damage":7,"enemies":"Exordium Wildlife","floor":14,"turns":5},{"damage":42,"enemies":"The Guardian","floor":16,"turns":6}],"seed_played":"-4725493109204205528","potions_obtained":[{"floor":1,"key":"Dexterity Potion"},{"floor":3,"key":"DistilledChaos"},{"floor":3,"key":"SteroidPotion"},{"floor":5,"key":"DistilledChaos"},{"floor":8,"key":"FearPotion"},{"floor":11,"key":"EntropicBrew"}],"is_trial":false,"path_per_floor":["M","M","?","M","M","R","E","M","T","R","E","?","?","M","R","B"],"character_chosen":"IRONCLAD","items_purchased":[],"campfire_rested":2,"item_purchase_floors":[],"current_hp_per_floor":[80,76,76,72,78,78,63,40,40,64,18,18,18,17,41,0,0],"gold":271,"neow_bonus":"ONE_RANDOM_RARE_CARD","is_daily":false,"chose_seed":false,"campfire_upgraded":1,"win_rate":0.0,"timestamp":1609993717,"path_taken":["M","M","?","M","?","R","E","M","T","R","E","?","?","M","R","BOSS"],"items_purchased_type":[],"build_version":"2020-12-22","purchased_purges":0,"victory":false,"max_hp_per_floor":[80,80,80,80,80,80,80,80,80,80,80,80,80,80,80,80,80],"card_choices":[{"not_picked":["Havoc","Twin Strike"],"picked":"Disarm","floor":1},{"not_picked":["Shockwave","Armaments"],"picked":"Searing Blow","floor":2},{"not_picked":["Headbutt","Twin Strike"],"picked":"Shrug It Off","floor":4},{"not_picked":["Combust","Warcry"],"picked":"Fire Breathing","floor":5},{"not_picked":["Thunderclap","Armaments"],"picked":"Juggernaut","floor":7},{"not_picked":["Evolve","Rampage"],"picked":"Rage","floor":8},{"not_picked":["Exhume","Thunderclap"],"picked":"Armaments","floor":11},{"not_picked":["Sword Boomerang","Ghostly Armor"],"picked":"Seeing Red","floor":14}],"player_experience":137448,"relics_obtained":[{"floor":7,"key":"Lantern"},{"floor":9,"key":"Smiling Mask"},{"floor":11,"key":"InkBottle"}],"event_choices":[{"damage_healed":0,"gold_gain":0,"player_choice":"Bought 2 Potions","damage_taken":0,"max_hp_gain":0,"max_hp_loss":0,"event_name":"The Woman in Blue","floor":3,"gold_loss":0},{"damage_healed":0,"gold_gain":0,"player_choice":"Take Wound","damage_taken":0,"relics_obtained":["Golden Idol"],"max_hp_gain":0,"max_hp_loss":0,"event_name":"Golden Idol","floor":12,"gold_loss":0,"cards_obtained":["Injury"]},{"cards_removed":["Strike_R"],"damage_healed":0,"gold_gain":0,"player_choice":"Purged","damage_taken":0,"max_hp_gain":0,"max_hp_loss":0,"event_name":"Purifier","floor":13,"gold_loss":0}],"is_beta":false,"boss_relics":[],"items_purged_floors":[],"is_endless":false,"potions_floor_spawned":[1,5,8,11],"killed_by":"The Guardian","ascension_level":1}}