{"host":"jl15pmpb41l0mhji","time":1609985016,"event":{"mods":["2.2 Compatiblity","AchievementEnabler","BaseMod","Better Altar","Better Match","Better Note","Better Sensory Stone","Better Skull","Better Third Choice","Better Vampires","Colored Map","Displayed Cursed Tome","Emptier Cage","Hermit","Highlight Path","Minty Spire (QoL Compilation)","Permanent Neow","Random Character Button","Relic Stats","StSLib","The Hierophant"],"gold_per_floor":[115,0,0,17,36,36,71,71,97,122,107,107,107,120,120,120,120],"floor_reached":16,"playtime":781,"items_purged":[],"score":182,"play_id":"c53cd84c-8e26-4329-b189-8726c010f09f","local_time":"20210106200336","is_ascension_mode":true,"campfire_choices":[{"data":"Enlightenment","floor":6,"key":"SMITH"},{"data":"hierophant:Smite","floor":8,"key":"SMITH"},{"data":"hierophant:ChurchCoffers","floor":15,"key":"SMITH"}],"circlet_count":0,"master_deck":["AscendersBane","hierophant:Strike_Hierophant","hierophant:Strike_Hierophant","hierophant:Strike_Hierophant","hierophant:Strike_Hierophant","hierophant:Punish","hierophant:Defend_Hierophant","hierophant:Defend_Hierophant","hierophant:Defend_Hierophant","hierophant:Defend_Hierophant","hierophant:ChurchCoffers+1","hierophant:Anathema","hierophant:PristineSoul","Enlightenment+1","hierophant:Zeal","hierophant:Encroach","hierophant:Smite+1","hierophant:Alms","hierophant:MorningPrayer"],"relics":["hierophant:PropheticMaskRelic","Vajra","Centennial Puzzle","Tiny Chest"],"acts_visited":["Exordium"],"potions_floor_usage":[7,10,16],"damage_taken":[{"damage":10,"enemies":"Jaw Worm","floor":1,"turns":6},{"damage":9,"enemies":"2 Louse","floor":4,"turns":2},{"damage":0,"enemies":"Small Slimes","floor":5,"turns":3},{"damage":15,"enemies":"3 Sentries","floor":7,"turns":8},{"damage":16,"enemies":"Gremlin Nob","floor":10,"turns":3},{"damage":6,"enemies":"Looter","floor":11,"turns":3},{"damage":7,"enemies":"Exordium Thugs","floor":14,"turns":3},{"damage":16,"enemies":"The Guardian","floor":16,"turns":9}],"seed_played":"8578116640324997895","potions_obtained":[{"floor":4,"key":"DuplicationPotion"},{"floor":7,"key":"ColorlessPotion"},{"floor":10,"key":"SteroidPotion"}],"is_trial":false,"path_per_floor":["M","?","$","M","M","R","E","R","T","E","M","?","?","M","R","B"],"character_chosen":"HIEROPHANT","items_purchased":[],"campfire_rested":0,"item_purchase_floors":[],"current_hp_per_floor":[58,64,64,55,55,55,40,40,40,24,18,18,23,16,16,0,0],"gold":120,"neow_bonus":"ONE_RANDOM_RARE_CARD","is_daily":false,"chose_seed":false,"campfire_upgraded":3,"win_rate":0.0,"timestamp":1609985016,"path_taken":["M","?","$","M","M","R","E","R","T","E","M","?","?","M","R","BOSS"],"items_purchased_type":[],"build_version":"2020-12-22","purchased_purges":0,"victory":false,"max_hp_per_floor":[75,81,81,81,81,81,81,81,81,81,81,81,86,86,86,86,86],"relic_stats":{"Centennial Puzzle":[12],"counters":[8,37],"Tiny Chest":0,"obtain_stats":[{"Centennial Puzzle":9,"hierophant:PropheticMaskRelic":0,"Vajra":7,"Tiny Chest":10},{"Centennial Puzzle":4,"hierophant:PropheticMaskRelic":0,"Vajra":4,"Tiny Chest":5},{"Centennial Puzzle":19,"hierophant:PropheticMaskRelic":0,"Vajra":19,"Tiny Chest":22}]},"card_choices":[{"not_picked":["hierophant:HammerAndAnvil","hierophant:ConvertCurrency"],"picked":"hierophant:PristineSoul","floor":1},{"not_picked":["hierophant:HammerAndAnvil","hierophant:FieryStrike"],"picked":"hierophant:Zeal","floor":4},{"not_picked":["hierophant:Purify","hierophant:MirrorShield"],"picked":"hierophant:Encroach","floor":5},{"not_picked":["hierophant:MintersHammer","hierophant:AuricBeam"],"picked":"hierophant:Smite","floor":7},{"not_picked":["hierophant:FieryStrike","hierophant:DisplayOfPower","hierophant:Charity"],"picked":"SKIP","floor":10},{"not_picked":["hierophant:SolarFlare","hierophant:Refuge"],"picked":"hierophant:Alms","floor":11},{"not_picked":["hierophant:ArchangelShield","hierophant:FieryStrike"],"picked":"hierophant:MorningPrayer","floor":14}],"player_experience":1670028,"relics_obtained":[{"floor":7,"key":"Vajra"},{"floor":9,"key":"Centennial Puzzle"},{"floor":10,"key":"Tiny Chest"}],"event_choices":[{"damage_healed":0,"gold_gain":0,"player_choice":"RENOUNCE","damage_taken":115,"max_hp_gain":0,"max_hp_loss":0,"event_name":"betterThird:BetterSerpent","floor":2,"gold_loss":115,"cards_obtained":["Enlightenment"]},{"damage_healed":0,"gold_gain":1,"player_choice":"1","damage_taken":0,"max_hp_gain":0,"max_hp_loss":0,"event_name":"betterStone:BetterStone","floor":12,"gold_loss":0},{"damage_healed":0,"gold_gain":0,"player_choice":"Donut","damage_taken":0,"max_hp_gain":5,"max_hp_loss":0,"event_name":"Big Fish","floor":13,"gold_loss":0}],"is_beta":false,"boss_relics":[],"items_purged_floors":[],"is_endless":false,"potions_floor_spawned":[4,7,10],"killed_by":"The Guardian","ascension_level":13}}