{"host":"m6aaltr68g9tvoay","time":1609997562,"event":{"mods":["AchievementEnabler","BaseMod","Colored Map","Minty Spire (QoL Compilation)","StSLib"],"gold_per_floor":[110,129,143,103,103,103,113,126,126,144,164,164,164],"floor_reached":12,"playtime":297,"items_purged":[],"score":141,"play_id":"076375da-876c-450b-abde-37a7d167d80a","local_time":"20210106213242","is_ascension_mode":true,"campfire_choices":[{"data":"Rampage","floor":6,"key":"SMITH"}],"circlet_count":0,"master_deck":["AscendersBane","Strike_R","Strike_R","Strike_R","Strike_R","Strike_R","Defend_R","Defend_R","Defend_R","Defend_R","Bash","Bludgeon+1","Ghostly Armor","Seeing Red","Flex","Rampage+1","Cleave","Iron Wave","Thunderclap","Carnage"],"relics":["Burning Blood","Paper Frog"],"acts_visited":["Exordium"],"potions_floor_usage":[],"damage_taken":[{"damage":0,"enemies":"Cultist","floor":1,"turns":2},{"damage":12,"enemies":"Jaw Worm","floor":2,"turns":2},{"damage":1,"enemies":"2 Louse","floor":3,"turns":3},{"damage":13,"enemies":"Large Slime","floor":7,"turns":4},{"damage":14,"enemies":"Red Slaver","floor":8,"turns":2},{"damage":7,"enemies":"2 Fungi Beasts","floor":10,"turns":3},{"damage":17,"enemies":"Large Slime","floor":11,"turns":5},{"damage":28,"enemies":"Gremlin Nob","floor":12,"turns":4}],"seed_played":"-5407006388192544913","potions_obtained":[{"floor":3,"key":"BlessingOfTheForge"},{"floor":8,"key":"Regen Potion"}],"is_trial":false,"path_per_floor":["M","M","M","$","?","R","M","M","T","M","M","E"],"character_chosen":"IRONCLAD","items_purchased":["Rampage"],"campfire_rested":0,"item_purchase_floors":[4],"current_hp_per_floor":[74,68,73,73,73,73,66,58,58,57,46,18,18],"gold":164,"neow_bonus":"ONE_RANDOM_RARE_CARD","is_daily":false,"chose_seed":false,"campfire_upgraded":1,"win_rate":0.0,"timestamp":1609997562,"path_taken":["M","?","M","$","?","R","?","M","T","M","M","E"],"items_purchased_type":["Card"],"build_version":"2020-12-22","purchased_purges":0,"victory":false,"max_hp_per_floor":[75,75,75,75,75,75,75,75,75,75,75,75,75],"card_choices":[{"not_picked":["Cleave","Perfected Strike"],"picked":"Ghostly Armor","floor":1},{"not_picked":["Clothesline","Warcry"],"picked":"Seeing Red","floor":2},{"not_picked":["Inflame","True Grit"],"picked":"Flex","floor":3},{"not_picked":["Second Wind","Sword Boomerang"],"picked":"Cleave","floor":7},{"not_picked":["Seeing Red","Sword Boomerang"],"picked":"Iron Wave","floor":8},{"not_picked":["Metallicize","Rampage"],"picked":"Thunderclap","floor":10},{"not_picked":["Demon Form","Cleave"],"picked":"Carnage","floor":11}],"player_experience":1343334,"relics_obtained":[{"floor":9,"key":"Paper Frog"}],"event_choices":[{"damage_healed":0,"gold_gain":0,"player_choice":"Forge","damage_taken":0,"max_hp_gain":0,"max_hp_loss":0,"event_name":"Accursed Blacksmith","floor":5,"gold_loss":0,"cards_upgraded":["Bludgeon"]}],"is_beta":false,"boss_relics":[],"items_purged_floors":[],"is_endless":false,"potions_floor_spawned":[3,8,10],"killed_by":"Gremlin Nob","ascension_level":18}}