{"host":"bvr4vhlu71s3njyz","time":1609994870,"event":{"mods":["2.2 Compatiblity","AchievementEnabler","Act Like it!","Aspiration","Astrologer","Bard","BaseMod","Beaked The Cultist","Better Altar","Better Match","Better Note","Better Sensory Stone","Better Skull","Better Third Choice","CCEM","Conjunction","Downfall","Fiend Mod","Friendly Minions","Gremlin Mod","Hallownest","Hermit","Hubris","Infinite Spire","Jorbs\u0027s Wanderer Trilogy","Mad Scientist","Mimic Mod","Minty Spire (QoL Compilation)","Potionbrewer","Quarter Circle Forward PUNCH!","QueenMod","Replay The Spire","Robot Space Explorer","Shade Mod","Shedinja","Slumbering Mod","StSLib","The Blackbeard","The Bladedancer","The Bug Knight","The Caster","The Clintock","The Construct","The Cursed","The Dragon Tamer","The Exalted","The Forsaken","The Hayseed","The Hierophant","The Judge","The Mystic","The Necromancer","The Poker Player","The Runesmith","The Sage","The Showman","TheArtist","TheFirefly","TheLocksmith","Trackpad","Wandering Minibosses","thorton","vexMod"],"gold_per_floor":[112,160,34,34,53,53,78,78,78,79,130,174,189,217,283,403,423,429,465,600,549,571,594,594],"floor_reached":23,"playtime":1648,"items_purged":["ReplayTheSpireMod:Splinters"],"score":322,"play_id":"60a5f8d0-5599-47b2-a2f0-afbd2e17dda0","local_time":"20210106234750","is_ascension_mode":false,"campfire_choices":[{"data":"caster:MeteorStorm","floor":6,"key":"SMITH"},{"data":"caster:PyroclasticTide","floor":10,"key":"SMITH"},{"floor":15,"key":"REST"}],"circlet_count":0,"master_deck":["caster:Meteor","caster:DivertFocus","caster:strike","caster:strike","caster:strike","caster:strike","caster:defend","caster:defend","caster:defend","caster:defend","caster:defend","caster:PyroclasticTide+1","caster:Sandstorm","caster:WallOfThorns","caster:WallOfThorns","caster:MeteorStorm+1","caster:Ramuh","caster:Thundara+1","Regret","caster:GlacialShield","caster:Charge","Shame","sneckomod:Bewildered","caster:Explosion","caster:BookThrow","caster:MegaloSpark","hubris:Sloth","caster:Sultry","caster:FrostDriver+1","ReplayTheSpireMod:Faulty Equipment"],"relics":["caster:MagicBook","aspiration:Nostalgia","hubris:SphereOfDissonance","Blue Doll","trackpad:IceCube","thethorton:BankDeed","Ring of Greed","MawBank","hubris:MobiusCoin","Ring of Fangs","trackpad:ByrdBGone","vexMod:EndlessSickness","MealTicket"],"acts_visited":["Exordium","TheCity"],"potions_floor_usage":[12],"damage_taken":[{"damage":0,"enemies":"theSlumbering:NewCultist","floor":1,"turns":6},{"damage":0,"enemies":"Small Slimes","floor":5,"turns":4},{"damage":4,"enemies":"3 Sentries","floor":7,"turns":9},{"damage":1,"enemies":"Gremlin Nob","floor":12,"turns":5},{"damage":14,"enemies":"infinitespire:Voidling","floor":14,"turns":5},{"damage":31,"enemies":"Fading Forest","floor":16,"turns":11},{"damage":12,"enemies":"2 Thieves","floor":18,"turns":4},{"damage":12,"enemies":"Chosen","floor":19,"turns":6},{"damage":28,"enemies":"Snecko","floor":20,"turns":6},{"damage":19,"enemies":"Nightmare","floor":23,"turns":2}],"seed_played":"-3719492123584308229","potions_obtained":[{"floor":1,"key":"potionbrewer:BarricadePotion"},{"floor":2,"key":"potionbrewer:CleansingPotion"},{"floor":7,"key":"PowerPotion"},{"floor":12,"key":"Dexterity Potion"},{"floor":19,"key":"SkillPotion"}],"is_trial":false,"path_per_floor":["M","?","$","?","M","R","E","?","T","R","?","E","?","M","R","B",null,"M","M","M","?","T","NM"],"character_chosen":"THE_CASTER","items_purchased":["caster:WallOfThorns"],"campfire_rested":1,"item_purchase_floors":[3],"current_hp_per_floor":[64,64,64,64,64,64,60,60,60,60,60,59,59,54,64,53,64,52,40,12,12,12,0,0],"gold":594,"neow_bonus":"NOSTALGIA","is_daily":false,"chose_seed":false,"campfire_upgraded":2,"win_rate":0.0,"timestamp":1609994870,"path_taken":["M","?","$","?","?","R","E","?","T","R","?","E","?","M","R","BOSS","M","M","M","?","?","NM"],"items_purchased_type":["Card"],"build_version":"2020-12-22","purchased_purges":1,"victory":false,"max_hp_per_floor":[64,64,64,64,64,64,64,64,64,64,64,64,64,64,64,64,64,64,64,64,64,64,64,64],"card_choices":[{"not_picked":["caster:ShivasGrace","caster:Fireball"],"picked":"caster:PyroclasticTide","floor":1},{"not_picked":["caster:FireWall","caster:Sleet"],"picked":"caster:Sandstorm","floor":2},{"not_picked":["caster:Sandstorm","caster:DiablosFlame"],"picked":"caster:MeteorStorm","floor":5},{"not_picked":["caster:LAZER","caster:WallOfThorns"],"picked":"caster:Ramuh","floor":7},{"not_picked":["caster:FrigidBeam","caster:FlashSpeed"],"picked":"caster:GlacialShield","floor":12},{"not_picked":["caster:Surge","caster:FireWall"],"picked":"caster:Charge","floor":14},{"not_picked":["caster:Focusyn","caster:Demi"],"picked":"caster:Explosion","floor":16},{"not_picked":["caster:FrigidBeam","caster:Sleet"],"picked":"caster:BookThrow","floor":18},{"not_picked":["caster:BloodRitual","caster:FrigidBeam"],"picked":"caster:MegaloSpark","floor":19},{"not_picked":["caster:MeteorStorm+1","caster:Sandstorm"],"picked":"caster:Sultry","floor":20},{"not_picked":["caster:Fireball+1","caster:DiablosFlame+1"],"picked":"caster:FrostDriver+1","floor":21}],"player_experience":1258234,"relics_obtained":[{"floor":2,"key":"hubris:SphereOfDissonance"},{"floor":7,"key":"trackpad:IceCube"},{"floor":9,"key":"thethorton:BankDeed"},{"floor":11,"key":"Ring of Greed"},{"floor":11,"key":"MawBank"},{"floor":11,"key":"hubris:MobiusCoin"},{"floor":11,"key":"Ring of Fangs"},{"floor":12,"key":"trackpad:ByrdBGone"},{"floor":22,"key":"MealTicket"}],"event_choices":[{"damage_healed":0,"gold_gain":0,"player_choice":"Gave Potion","damage_taken":0,"relics_obtained":["Blue Doll"],"max_hp_gain":0,"max_hp_loss":0,"event_name":"WeMeetAgain","floor":4,"gold_loss":0},{"damage_healed":0,"gold_gain":0,"player_choice":"Ignored","damage_taken":189,"max_hp_gain":0,"max_hp_loss":0,"event_name":"betterThird:BetterSerpent","floor":13,"gold_loss":0},{"damage_healed":0,"gold_gain":0,"player_choice":"2","damage_taken":0,"max_hp_gain":0,"max_hp_loss":0,"event_name":"betterMatch:BetterMatch","floor":21,"gold_loss":0,"cards_obtained":["betterMatch:CommonCard"]}],"is_beta":false,"boss_relics":[{"not_picked":["Velvet Choker","aspiration:RunicSpoon"],"picked":"vexMod:EndlessSickness"}],"items_purged_floors":[3],"is_endless":false,"potions_floor_spawned":[1,7,12,19,20],"killed_by":"Nightmare","ascension_level":0}}