{"host":"fxh4234sf5pb3xr6","time":1609997843,"event":{"mods":["BaseMod","Colored Map","Colored Powertips","Minty Spire (QoL Compilation)","StSLib"],"gold_per_floor":[118,133,58,58,58,58,69,96,122,122,122,122,142,162,162,267,267,277,277,295,210,264,264,97,111,111,61,61,61,61,74,74,74,74],"floor_reached":33,"playtime":878,"items_purged":["Strike_B","Defend_B","Defend_B"],"score":366,"play_id":"38ea91db-f1cc-48c6-b2e8-cea1f8ca40ea","local_time":"20210107003723","is_ascension_mode":true,"campfire_choices":[{"data":"Cold Snap","floor":6,"key":"SMITH"},{"data":"Electrodynamics","floor":10,"key":"SMITH"},{"floor":15,"key":"REST"},{"floor":23,"key":"REST"},{"floor":28,"key":"REST"},{"data":"Creative AI","floor":30,"key":"SMITH"},{"floor":32,"key":"REST"}],"circlet_count":0,"master_deck":["Strike_B+1","Strike_B+1","Strike_B+1","Defend_B","Zap","Dualcast","Cold Snap+1","Defragment+1","Static Discharge+1","Electrodynamics+1","Loop","Creative AI+1","Beam Cell+1"],"relics":["Cracked Core","Whetstone","Smiling Mask","Pen Nib","Busted Crown","Nilry\u0027s Codex","The Courier","Toy Ornithopter","ClockworkSouvenir","Darkstone Periapt","FaceOfCleric"],"acts_visited":["Exordium","TheCity"],"potions_floor_usage":[20,33,33],"damage_taken":[{"damage":0,"enemies":"Cultist","floor":1,"turns":3},{"damage":0,"enemies":"Jaw Worm","floor":2,"turns":4},{"damage":8,"enemies":"Small Slimes","floor":7,"turns":2},{"damage":16,"enemies":"Lagavulin","floor":8,"turns":6},{"damage":9,"enemies":"3 Louse","floor":13,"turns":2},{"damage":9,"enemies":"Large Slime","floor":14,"turns":3},{"damage":0,"enemies":"Slime Boss","floor":16,"turns":5},{"damage":14,"enemies":"Shell Parasite","floor":18,"turns":3},{"damage":23,"enemies":"2 Thieves","floor":20,"turns":3},{"damage":1,"enemies":"3 Cultists","floor":25,"turns":2},{"damage":44,"enemies":"Snake Plant","floor":31,"turns":3},{"damage":44,"enemies":"Champ","floor":33,"turns":6}],"seed_played":"8877309242171893867","potions_obtained":[{"floor":2,"key":"FocusPotion"},{"floor":13,"key":"EssenceOfSteel"},{"floor":31,"key":"DistilledChaos"}],"is_trial":false,"path_per_floor":["M","M","$","?","?","R","M","E","T","R","?","?","M","M","R","B",null,"M","?","M","?","T","R","$","M","T","$","R","?","R","M","R","B"],"character_chosen":"DEFECT","items_purchased":["ClockworkSouvenir"],"campfire_rested":4,"item_purchase_floors":[24],"current_hp_per_floor":[75,75,75,60,60,60,52,36,36,36,29,29,20,11,33,33,65,51,35,12,12,12,34,34,33,33,33,55,55,55,12,34,0,0],"gold":74,"neow_bonus":"RANDOM_COMMON_RELIC","is_daily":false,"chose_seed":false,"campfire_upgraded":3,"win_rate":0.0,"timestamp":1609997843,"path_taken":["M","?","$","?","?","R","M","E","T","R","?","?","?","M","R","BOSS","M","?","M","?","?","R","?","?","T","$","R","?","R","?","R","BOSS"],"items_purchased_type":["Relic"],"build_version":"2020-12-22","purchased_purges":3,"victory":false,"max_hp_per_floor":[75,75,75,75,75,75,75,75,75,75,75,75,75,75,75,75,75,75,75,75,75,75,75,75,75,75,75,75,75,75,76,76,76,76],"card_choices":[{"not_picked":["Heatsinks","Compile Driver"],"picked":"Cold Snap","floor":1},{"not_picked":["Ball Lightning","Compile Driver"],"picked":"Defragment","floor":2},{"not_picked":["Sweeping Beam","Amplify"],"picked":"Static Discharge","floor":7},{"not_picked":["Hologram","Redo"],"picked":"Electrodynamics","floor":8},{"not_picked":["Turbo","Lockon","Leap"],"picked":"SKIP","floor":13},{"not_picked":["Gash","Aggregate"],"picked":"Loop","floor":14},{"not_picked":["Buffer","All For One"],"picked":"Creative AI","floor":16},{"not_picked":["Leap"],"picked":"SKIP","floor":18},{"not_picked":["Blizzard"],"picked":"SKIP","floor":20},{"not_picked":["Gash+1"],"picked":"SKIP","floor":25},{"not_picked":[],"picked":"Beam Cell+1","floor":31}],"player_experience":320629,"relics_obtained":[{"floor":8,"key":"Smiling Mask"},{"floor":9,"key":"Pen Nib"},{"floor":19,"key":"Nilry\u0027s Codex"},{"floor":22,"key":"Toy Ornithopter"},{"floor":26,"key":"Darkstone Periapt"}],"event_choices":[{"damage_healed":0,"gold_gain":0,"player_choice":"Entered Light","damage_taken":15,"max_hp_gain":0,"max_hp_loss":0,"event_name":"Shining Light","floor":4,"gold_loss":0,"cards_upgraded":["Strike_B","Defragment"]},{"damage_healed":0,"gold_gain":0,"player_choice":"Ignored","damage_taken":0,"max_hp_gain":0,"max_hp_loss":0,"event_name":"Liars Game","floor":5,"gold_loss":0},{"cards_removed":["Defend_B"],"damage_healed":0,"gold_gain":0,"player_choice":"Card Removal","damage_taken":7,"max_hp_gain":0,"max_hp_loss":0,"event_name":"Golden Wing","floor":11,"gold_loss":0},{"damage_healed":0,"gold_gain":0,"player_choice":"Grow","damage_taken":0,"max_hp_gain":0,"max_hp_loss":0,"event_name":"Living Wall","floor":12,"gold_loss":0,"cards_upgraded":["Static Discharge"]},{"damage_healed":0,"gold_gain":0,"player_choice":"Obtained Book","damage_taken":16,"max_hp_gain":0,"max_hp_loss":0,"event_name":"Cursed Tome","floor":19,"gold_loss":0},{"damage_healed":0,"gold_gain":0,"player_choice":"Obtained Relic","damage_taken":0,"relics_obtained":["The Courier"],"max_hp_gain":0,"max_hp_loss":0,"event_name":"Addict","floor":21,"gold_loss":85},{"damage_healed":0,"gold_gain":0,"player_choice":"Trade","damage_taken":0,"relics_obtained":["FaceOfCleric"],"max_hp_gain":0,"max_hp_loss":0,"event_name":"FaceTrader","floor":29,"gold_loss":0}],"is_beta":false,"boss_relics":[{"not_picked":["Snecko Eye","Fusion Hammer"],"picked":"Busted Crown"}],"items_purged_floors":[3,24,27],"is_endless":false,"potions_floor_spawned":[2,13,31],"killed_by":"Champ","ascension_level":5}}