{"host":"pno9h1fupbyz205f","time":1609980577,"event":{"mods":["Aspiration","BaseMod","Better Altar","Better Match","Better Note","Better Sensory Stone","Better Skull","Better Third Choice","Colored Map","Colored Powertips","Hubris","Infinite Spire","Jedi Mod","Mad Scientist","Marisa????????","Minty Spire (QoL Compilation)","Permanent Neow","Potionbrewer","Replay The Spire","Shop Mod","StSLib","Td1madao Mod","The Blackbeard","The Gatherer","The Hierophant","The Poker Player","The Runesmith","The Servant 0.9.4","thorton","vexMod"],"gold_per_floor":[110,35,35,10,59,59,107,154,177,220,220,220,220,263,263,395,395,443,443,484,484,484,484,530,530,608,608,673,716,742,817,817,950,1000,1049,1049,1049,1049,1090,1105,1105,1105],"floor_reached":40,"playtime":1154,"items_purged":["blackbeard:BlackbeardStrike","blackbeard:Cutlass+1","blackbeard:BlackbeardStrike"],"score":471,"play_id":"9468e883-fe13-46e0-b55a-b5c4bde6293b","local_time":"20210106164937","is_ascension_mode":false,"campfire_choices":[{"data":"blackbeard:Cutlass","floor":6,"key":"SMITH"},{"data":"blackbeard:ReapersScythe","floor":11,"key":"SMITH"},{"floor":13,"key":"REST"},{"data":"blackbeard:Fencing","floor":15,"key":"SMITH"},{"data":"Black Contract","floor":23,"key":"SMITH"},{"floor":32,"key":"REST"}],"circlet_count":0,"master_deck":["blackbeard:BlackbeardStrike","blackbeard:BlackbeardStrike","blackbeard:IntimidatingStrike","blackbeard:BlackbeardDefend","blackbeard:BlackbeardDefend","blackbeard:BlackbeardDefend","blackbeard:ReapersScythe+1","blackbeard:BuriedTreasure","blackbeard:ArmorUp+1","blackbeard:Fencing+1","blackbeard:BeatUp+1","blackbeard:FieryDefense","blackbeard:SmithingHammer+1","blackbeard:TacticalRetreat","blackbeard:Eyepatch+1","Black Contract+1","blackbeard:SwordDance+1","infinitespire:Starlight","blackbeard:WiseDefense","blackbeard:Shrapnel","blackbeard:MegaUpgrade","blackbeard:Fencing+1","blackbeard:Salvager"],"relics":["blackbeard:LoadTheCannons","blackbeard:TreasureChest","MealTicket","Bag of Preparation","aspiration:MobileForge","vexMod:PaidLearning","SlaversCollar","Quantum Egg","Juzu Bracelet","hubris:MobiusCoin","vexMod:MysteryBossChallenge","ReplayTheSpireMod:DimensionalGlitch","hubris:Towel","Toy Ornithopter"],"acts_visited":["Exordium","TheCity","TheBeyond"],"potions_floor_usage":[28,33,33,40],"damage_taken":[{"damage":6,"enemies":"Jaw Worm","floor":1,"turns":2},{"damage":7,"enemies":"Small Slimes","floor":5,"turns":2},{"damage":1,"enemies":"2 Louse","floor":7,"turns":2},{"damage":0,"enemies":"Large Slime","floor":8,"turns":3},{"damage":13,"enemies":"Red Slaver","floor":10,"turns":4},{"damage":0,"enemies":"2 Fungi Beasts","floor":14,"turns":2},{"damage":28,"enemies":"Slime Boss","floor":16,"turns":5},{"damage":32,"enemies":"2 Thieves","floor":18,"turns":4},{"damage":0,"enemies":"Shell Parasite","floor":20,"turns":3},{"damage":18,"enemies":"Snake Plant","floor":24,"turns":3},{"damage":10,"enemies":"Book of Stabbing","floor":28,"turns":4},{"damage":11,"enemies":"Shelled Parasite and Fungi","floor":29,"turns":5},{"damage":0,"enemies":"Snecko","floor":30,"turns":1},{"damage":0,"enemies":"Automaton","floor":33,"turns":5},{"damage":30,"enemies":"3 Darklings","floor":35,"turns":4},{"damage":16,"enemies":"3 Shapes","floor":39,"turns":4},{"damage":49,"enemies":"Nightmare","floor":40,"turns":5}],"seed_played":"1388668537211012420","potions_obtained":[{"floor":7,"key":"CultistPotion"},{"floor":10,"key":"potionbrewer:AcidPotion"},{"floor":20,"key":"potionbrewer:ToxicPotion"},{"floor":24,"key":"Swift Potion"},{"floor":29,"key":"AttackPotion"},{"floor":30,"key":"Elixir"},{"floor":39,"key":"Fire Potion"}],"is_trial":false,"path_per_floor":["M","$","?","?","M","R","M","M","T","M","R","?","R","M","R","B",null,"M","?","M","?","?","R","M","AVR","T","?","E","M","M","?","R","B",null,"M","?","?","AVR","M","NM"],"character_chosen":"BLACKBEARD_CLASS","items_purchased":[],"campfire_rested":2,"item_purchase_floors":[],"current_hp_per_floor":[69,69,69,69,62,62,61,61,61,48,48,36,58,58,58,30,75,43,43,43,43,43,43,25,25,25,25,15,19,19,12,34,44,75,50,50,50,50,39,0,0,0],"gold":1105,"neow_bonus":"ONE_RANDOM_RARE_CARD","is_daily":false,"chose_seed":false,"campfire_upgraded":4,"win_rate":0.0,"timestamp":1609980577,"path_taken":["M","$","?","?","M","R","M","M","T","M","R","?","R","M","R","BOSS","M","?","M","?","?","R","M","AVR","T","?","E","M","M","?","R","BOSS","M","?","?","AVR","M","NM"],"items_purchased_type":[],"build_version":"2020-12-22","purchased_purges":3,"victory":false,"max_hp_per_floor":[75,75,75,75,75,75,75,75,75,75,75,75,75,75,75,75,75,75,75,75,75,75,75,75,75,75,75,75,75,75,75,75,75,75,75,75,75,75,75,75,75,75],"card_choices":[{"not_picked":["blackbeard:GoldenDefense","blackbeard:SwordDance"],"picked":"blackbeard:BuriedTreasure","floor":1},{"not_picked":["blackbeard:Toast","blackbeard:ArmorUp"],"picked":"blackbeard:Fencing","floor":5},{"not_picked":["blackbeard:CloakAndCannonball","blackbeard:Spear"],"picked":"blackbeard:BeatUp","floor":7},{"not_picked":["blackbeard:CloakAndCannonball","blackbeard:ChaoticDefense","blackbeard:Sword"],"picked":"SKIP","floor":8},{"not_picked":["blackbeard:CloakAndCannonball","blackbeard:FishingNets"],"picked":"blackbeard:FieryDefense","floor":10},{"not_picked":["blackbeard:Anchor","blackbeard:GoldenCannonball"],"picked":"blackbeard:SmithingHammer","floor":14},{"not_picked":["blackbeard:BeatUp+1","blackbeard:VengefulSpirit+1"],"picked":"blackbeard:TacticalRetreat","floor":18},{"not_picked":["blackbeard:DeadlyArsenal","blackbeard:Spear"],"picked":"blackbeard:Eyepatch","floor":20},{"not_picked":["blackbeard:BeatUp","blackbeard:Rum"],"picked":"blackbeard:SwordDance+1","floor":24},{"not_picked":["blackbeard:CloakAndCannonball","blackbeard:Murder"],"picked":"blackbeard:WiseDefense","floor":28},{"not_picked":["blackbeard:Fencing","blackbeard:Toast+1","blackbeard:CannonBarrage"],"picked":"SKIP","floor":29},{"not_picked":["blackbeard:Dagger","blackbeard:GoldenDefense"],"picked":"blackbeard:Shrapnel","floor":30},{"not_picked":["blackbeard:Intoxication","blackbeard:GoldenGuillotine"],"picked":"blackbeard:MegaUpgrade","floor":33},{"not_picked":["blackbeard:TerrorOfTheSeas+1","blackbeard:CaptainsCabin"],"picked":"blackbeard:Fencing+1","floor":35},{"not_picked":["blackbeard:Dagger","blackbeard:PirateHook"],"picked":"blackbeard:Salvager","floor":39}],"player_experience":108598,"relics_obtained":[{"floor":9,"key":"MealTicket"},{"floor":26,"key":"Quantum Egg"},{"floor":28,"key":"hubris:MobiusCoin"}],"event_choices":[{"damage_healed":0,"gold_gain":0,"player_choice":"Relic ","damage_taken":12,"max_hp_gain":0,"max_hp_loss":0,"event_name":"betterThird:BetterScrap","floor":12,"gold_loss":0,"cards_obtained":["jedi:sharpshooter"]},{"damage_healed":0,"gold_gain":0,"player_choice":"Upgraded","damage_taken":0,"max_hp_gain":0,"max_hp_loss":0,"event_name":"Upgrade Shrine","floor":19,"gold_loss":0,"cards_upgraded":["blackbeard:BeatUp"]},{"cards_removed":["blackbeard:Cutlass"],"damage_healed":0,"gold_gain":0,"player_choice":"Take \u0026 Give","damage_taken":0,"max_hp_gain":0,"max_hp_loss":0,"event_name":"betterNote:BetterNote","floor":21,"gold_loss":0,"cards_obtained":["Black Contract"]},{"damage_healed":0,"gold_gain":75,"player_choice":"Touch","damage_taken":7,"max_hp_gain":0,"max_hp_loss":0,"event_name":"FaceTrader","floor":31,"gold_loss":0},{"damage_healed":0,"gold_gain":0,"player_choice":"Ignored","damage_taken":0,"max_hp_gain":0,"max_hp_loss":0,"event_name":"Tomb of Lord Red Mask","floor":36,"gold_loss":0}],"is_beta":false,"boss_relics":[{"not_picked":["vexMod:DeviousBotling","hubris:BlackHole"],"picked":"aspiration:MobileForge"},{"not_picked":["vexMod:RockOfEvil","Replay:Drink Me"],"picked":"vexMod:MysteryBossChallenge"}],"items_purged_floors":[2,25,38],"is_endless":false,"potions_floor_spawned":[7,10,20,24,29,30,39],"killed_by":"Nightmare","ascension_level":0}}