{"host":"5e0jz0sn42a2vhx9","time":1609999520,"event":{"mods":["ATMod(°¢èªMod)","Act Like it!","BaseMod","Downfall","Hallownest","Lobotomy","Minty Spire (QoL Compilation)","Replay The Spire","StSLib","The Bug Knight","The Cursed","The Hierophant"],"gold_per_floor":[99,112,112,127,143,143,172,184,9999,8992,9009,9009,9009],"floor_reached":12,"playtime":620,"items_purged":["Redo+1"],"score":260,"play_id":"304c2b74-adf0-40e8-a8b7-aa7d46419572","local_time":"20210107140520","daily_mods":["Shiny","Heirloom","Time Dilation","downfall:Jewelcrafting"],"is_ascension_mode":true,"campfire_choices":[],"circlet_count":0,"master_deck":["AscendersBane","Hyperbeam","Buffer","All For One","Core Surge","Multi-Cast","Thunder Strike","Electrodynamics","ReplayTheSpireMod:Omega Cannon","Rainbow","ReplayTheSpireMod:Fabricate Wheel","Mirror Shield","AT_RightCognition","Seek","Echo Form","AT_WaterDrop","Reboot","Fission","Biased Cognition","ReplayRNGCard","Meteor Strike","Amplify","Creative AI","Guardian:ExploitGems","Guardian:ExploitGems","AT_FamilyPortrait","Conserve Battery","Loop","Guardian:Gem_Purple","Guardian:Gem_Orange","Capacitor","expansioncontent:DashGenerateEvil","Consume","FIFO Queue"],"relics":["Cracked Core","AT_ATBox","Guardian:PickAxe","HollowMod:QueensCombRelic","NlothsMask","Garlic","AT_RabadonDeathcap","Blood Vial","BargainBundle"],"acts_visited":["Exordium"],"potions_floor_usage":[8,11],"damage_taken":[{"damage":0,"enemies":"2 Louse","floor":2,"turns":1},{"damage":0,"enemies":"Small Slimes","floor":4,"turns":1},{"damage":0,"enemies":"Cultist","floor":5,"turns":3},{"damage":10,"enemies":"3 Sentries","floor":7,"turns":2},{"damage":13,"enemies":"Large Slime","floor":8,"turns":2},{"damage":1,"enemies":"Blue Slaver","floor":11,"turns":3},{"damage":59,"enemies":"Gremlin Nob","floor":12,"turns":5}],"seed_played":"4626576729602081804","potions_obtained":[{"floor":5,"key":"SteroidPotion"},{"floor":7,"key":"Adrenaline Potion"},{"floor":8,"key":"Cursed Concoction"}],"is_trial":true,"path_per_floor":["?","M","?","M","M","R","E","M","T","$","M","E"],"character_chosen":"DEFECT","items_purchased":["AT_RabadonDeathcap","Capacitor","expansioncontent:DashGenerateEvil","Blood Vial","BargainBundle","Consume","SkillPotion"],"campfire_rested":0,"item_purchase_floors":[10,10,10,10,10,10,10],"current_hp_per_floor":[46,46,46,46,46,46,36,27,27,27,39,0,0],"gold":9009,"neow_bonus":"","is_daily":false,"chose_seed":false,"campfire_upgraded":0,"win_rate":0.0,"timestamp":1609999520,"path_taken":["?","M","?","M","M","R","E","?","T","$","M","E"],"items_purchased_type":["Relic","Card","Card","Relic","Relic","Card","Potion"],"build_version":"2020-12-22","purchased_purges":1,"victory":false,"max_hp_per_floor":[46,46,46,46,46,46,46,46,46,46,46,46,46],"card_choices":[{"not_picked":["ReplayTheSpireMod:Repulse","Redo"],"picked":"Conserve Battery","floor":2},{"not_picked":["Rebound","AT_WarpDrive","AT_HeatAcrobatics"],"picked":"SKIP","floor":4},{"not_picked":["AT_WarpDrive","Conserve Battery"],"picked":"Loop","floor":5},{"not_picked":["ReplayTheSpireMod:Reroute Power","Gash","Hologram"],"picked":"SKIP","floor":7},{"not_picked":["Panic Button","Scrape","AT_EMC2"],"picked":"SKIP","floor":8},{"not_picked":["Scrape","Panic Button"],"picked":"FIFO Queue","floor":11}],"player_experience":364535,"relics_obtained":[{"floor":7,"key":"Garlic"}],"event_choices":[{"damage_healed":0,"gold_gain":0,"player_choice":"Trade","damage_taken":0,"relics_obtained":["NlothsMask"],"max_hp_gain":0,"max_hp_loss":0,"event_name":"FaceTrader","floor":3,"gold_loss":0}],"is_beta":false,"boss_relics":[],"items_purged_floors":[10],"is_endless":true,"potions_floor_spawned":[5,7,8],"killed_by":"Gremlin Nob","ascension_level":20}}