{"host":"qy7jow5usmjkdnnq","time":1609977919,"event":{"mods":["BaseMod","Colored Map","Downfall","Minty Spire (QoL Compilation)","Permanent Neow","Relic Stats","StSLib"],"gold_per_floor":[99,115,126,145,156,188,212,226,226,254,154,173,204,139,149,252,252,252,272,272,285,285,300,300,312,337,237,266,266,48,62,80,184,184,184,197,197,217,217,217,217,245,259,259,275,287,187,213,225,225,225,259,8,8,8,8,8],"floor_reached":55,"playtime":6776,"items_purged":["champ:Defend","champ:Defend","Pain"],"score":1023,"play_id":"fe554dde-88a9-466e-bf34-32f761a4d0b3","local_time":"20210107010519","is_ascension_mode":true,"campfire_choices":[{"data":"champ:ArenaPreparation","floor":1.0,"key":"SMITH"},{"data":"champ:Circumvent","floor":9.0,"key":"SMITH"},{"data":"champ:SkillfulDodge","floor":11.0,"key":"SMITH"},{"floor":18.0,"key":"RECALL"},{"floor":27.0,"key":"REST"},{"floor":35.0,"key":"REST"},{"floor":40.0,"key":"REST"},{"floor":47.0,"key":"REST"},{"floor":54,"key":"REST"}],"circlet_count":0,"master_deck":["champ:Strike","champ:Strike","champ:Strike","champ:Defend+1","champ:Execute","champ:Taunt+1","champ:ArenaPreparation+1","champ:PreemptiveStrike+1","champ:SwordSigil","champ:Circumvent+1","champ:EnGarde","champ:FlashCut","champ:DefensiveShout","champ:SkillfulDodge+1","champ:StanceDance","champ:IgnorePain","champ:ShieldWall","champ:GladiatorForm+1","champ:ShieldWall+1","champ:StanceDance+1","champ:PreemptiveStrike+1","champ:MurderStrike","champ:BringItOn","champ:EnchantCrown","downfall:Bewildered","Pain","champ:FalseCounter+1","downfall:Aged","champ:Circumvent+1","champ:Backstep+1","champ:ArenaPreparation+1","champ:DefensiveShout+1"],"relics":["champ:ChampionCrown","MealTicket","Centennial Puzzle","Smiling Mask","downfall:HeartBlessingGreen","White Beast Statue","Fusion Hammer","Frozen Egg 2","Nunchaku","downfall:HeartBlessingRed","HornCleat","Nilry\u0027s Codex","Membership Card","Busted Crown","Du-Vu Doll","Toxic Egg 2","WarpedTongs","downfall:HeartBlessingBlue","hexamod:CandleOfCauterizing","War Paint","Kunai"],"acts_visited":["Exordium","TheCity","TheBeyond","TheEnding"],"potions_floor_usage":[48,49,50,55,55,55],"damage_taken":[{"damage":29.0,"enemies":"Cultist","floor":2.0,"turns":3.0},{"damage":32.0,"enemies":"Jaw Worm","floor":3.0,"turns":4.0},{"damage":0.0,"enemies":"Small Slimes","floor":4.0,"turns":2.0},{"damage":5.0,"enemies":"2 Fungi Beasts","floor":5.0,"turns":3.0},{"damage":80.0,"enemies":"Lagavulin","floor":6.0,"turns":9.0},{"damage":34.0,"enemies":"Exordium Thugs","floor":8.0,"turns":3.0},{"damage":38.0,"enemies":"Gremlin Nob","floor":10.0,"turns":4.0},{"damage":19.0,"enemies":"Gremlin Gang","floor":12.0,"turns":5.0},{"damage":20.0,"enemies":"Lagavulin","floor":13.0,"turns":6.0},{"damage":19.0,"enemies":"downfall:FleeingMerchant","floor":14.0,"turns":4.0},{"damage":8.0,"enemies":"Exordium Wildlife","floor":15.0,"turns":3.0},{"damage":18.0,"enemies":"downfall:Silent","floor":16.0,"turns":6.0},{"damage":17.0,"enemies":"3 Byrds","floor":19.0,"turns":5.0},{"damage":5.0,"enemies":"Shell Parasite","floor":21.0,"turns":4.0},{"damage":20.0,"enemies":"3 Cultists","floor":23.0,"turns":6.0},{"damage":15.0,"enemies":"Centurion and Healer","floor":25.0,"turns":4.0},{"damage":14.0,"enemies":"Book of Stabbing","floor":26.0,"turns":6.0},{"damage":16.0,"enemies":"Slavers","floor":28.0,"turns":3.0},{"damage":1.0,"enemies":"downfall:FleeingMerchant","floor":30.0,"turns":4.0},{"damage":21.0,"enemies":"Cultist and Chosen","floor":31.0,"turns":3.0},{"damage":9.0,"enemies":"Snecko","floor":32.0,"turns":4.0},{"damage":49.0,"enemies":"downfall:Defect","floor":33.0,"turns":7.0},{"damage":8.0,"enemies":"Orb Walker","floor":36.0,"turns":3.0},{"damage":5.0,"enemies":"3 Shapes","floor":38.0,"turns":3.0},{"damage":32.0,"enemies":"Giant Head","floor":42.0,"turns":7.0},{"damage":10.0,"enemies":"Spire Growth","floor":43.0,"turns":4.0},{"damage":12.0,"enemies":"Sphere and 2 Shapes","floor":45.0,"turns":3.0},{"damage":17.0,"enemies":"Maw","floor":46.0,"turns":6.0},{"damage":10,"enemies":"Nemesis","floor":48,"turns":5},{"damage":33,"enemies":"4 Shapes","floor":49,"turns":4},{"damage":21,"enemies":"downfall:Watcher","floor":50,"turns":14},{"damage":63,"enemies":"downfall:CharBossMerchant","floor":52,"turns":10},{"damage":105,"enemies":"downfall:NeowBoss","floor":55,"turns":4}],"seed_played":"-1789411545446883064","potions_obtained":[{"floor":3.0,"key":"Guardian:BlockOnCardUsePotion"},{"floor":4.0,"key":"sneckomod:MuddlingPotion"},{"floor":10.0,"key":"Weak Potion"},{"floor":14.0,"key":"ColorlessPotion"},{"floor":15.0,"key":"LiquidMemories"},{"floor":16.0,"key":"champ:OpenerPotion"},{"floor":19.0,"key":"champ:CounterPotion"},{"floor":21.0,"key":"DuplicationPotion"},{"floor":23.0,"key":"FairyPotion"},{"floor":25.0,"key":"DistilledChaos"},{"floor":26.0,"key":"BlessingOfTheForge"},{"floor":28.0,"key":"ColorlessPotion"},{"floor":30.0,"key":"Strength Potion"},{"floor":33.0,"key":"Guardian:BlockOnCardUsePotion"},{"floor":42.0,"key":"sneckomod:MuddlingPotion"},{"floor":43.0,"key":"Fruit Juice"},{"floor":45.0,"key":"SpeedPotion"},{"floor":48,"key":"Slimebound:ThreeZeroPotion"},{"floor":49,"key":"champ:OpenerPotion"},{"floor":52,"key":"LiquidMemories"}],"is_trial":false,"path_per_floor":["R","M","M","M","M","E","T","M","R","E","R","M","E","$","M","B",null,"R","M","?","M","?","M","T","M","E","R","E","?","$","M","M","B",null,"R","M","?","M","?","R","T","E","M","?","M","M","R","E","M","B",null,"E","$","R","B"],"character_chosen":"THE_CHAMP","items_purchased":["Membership Card","Kunai","champ:ArenaPreparation+1","DistilledChaos","champ:DefensiveShout+1"],"campfire_rested":5,"item_purchase_floors":[30,53,53,53,53],"current_hp_per_floor":[81,81,79,79,79,74,74,57,57,37,37,32,17,32,29,19,66,66,66,66,66,66,66,66,56,56,80,64,48,62,59,59,23,67,81,78,78,78,78,81,81,60,55,55,56,44,82,77,44,23,78,35,50,78,0,0,0],"gold":8,"neow_bonus":"TRANSFORM_TWO_CARDS","is_daily":false,"chose_seed":false,"campfire_upgraded":3,"win_rate":0.0,"timestamp":1609977919,"path_taken":["R","M","M","M","?","E","T","M","R","E","R","M","E","$","M","BOSS","R","M","?","M","?","?","T","M","E","R","E","?","$","M","M","BOSS","R","M","?","M","?","R","T","E","?","?","?","?","R","E","M","BOSS","E","$","R","BOSS"],"items_purchased_type":["Relic","Relic","Card","Potion","Card"],"build_version":"2020-12-22","purchased_purges":3,"victory":false,"max_hp_per_floor":[81,81,81,81,81,81,81,81,81,81,81,81,81,81,81,81,81,81,81,81,81,81,81,81,81,81,81,81,81,81,81,81,81,81,81,81,81,81,81,81,81,81,81,81,86,86,96,96,96,96,96,96,96,96,96,96,96],"relic_stats":{"Centennial Puzzle":[84],"Nunchaku":[15],"Busted Crown":18,"counters":[33,161],"MealTicket":45,"Kunai":[0],"War Paint":["champ:Defend","champ:Taunt"],"Smiling Mask":38,"obtain_stats":[{"hexamod:CandleOfCauterizing":48,"downfall:HeartBlessingRed":27,"Nilry\u0027s Codex":29,"champ:ChampionCrown":0,"downfall:HeartBlessingGreen":11,"Frozen Egg 2":24,"War Paint":52,"Smiling Mask":10,"White Beast Statue":13,"WarpedTongs":44,"Du-Vu Doll":37,"Centennial Puzzle":7,"Nunchaku":26,"HornCleat":28,"Busted Crown":34,"downfall:HeartBlessingBlue":47,"MealTicket":6,"Fusion Hammer":17,"Membership Card":30,"Kunai":53,"Toxic Egg 2":42},{"hexamod:CandleOfCauterizing":29,"downfall:HeartBlessingRed":17,"Nilry\u0027s Codex":18,"champ:ChampionCrown":0,"downfall:HeartBlessingGreen":7,"Frozen Egg 2":15,"War Paint":32,"Smiling Mask":7,"White Beast Statue":9,"WarpedTongs":26,"Du-Vu Doll":23,"Centennial Puzzle":5,"Nunchaku":17,"HornCleat":18,"Busted Crown":22,"downfall:HeartBlessingBlue":28,"MealTicket":5,"Fusion Hammer":12,"Membership Card":19,"Kunai":32,"Toxic Egg 2":25},{"hexamod:CandleOfCauterizing":129,"downfall:HeartBlessingRed":77,"Nilry\u0027s Codex":80,"champ:ChampionCrown":0,"downfall:HeartBlessingGreen":28,"Frozen Egg 2":67,"War Paint":157,"Smiling Mask":28,"White Beast Statue":39,"WarpedTongs":115,"Du-Vu Doll":101,"Centennial Puzzle":21,"Nunchaku":77,"HornCleat":80,"Busted Crown":98,"downfall:HeartBlessingBlue":124,"MealTicket":21,"Fusion Hammer":52,"Membership Card":84,"Kunai":157,"Toxic Egg 2":111}],"WarpedTongs":[45]},"card_choices":[{"not_picked":["champ:DefensiveShout","champ:FanOfKnives"],"picked":"champ:PreemptiveStrike","floor":2.0},{"not_picked":["champ:RecklessLeap","champ:TornadoPunch"],"picked":"champ:SwordSigil","floor":3.0},{"not_picked":["champ:CrownThrow","champ:Backstep"],"picked":"champ:Circumvent","floor":4.0},{"not_picked":["champ:Parry","champ:CrookedStrike"],"picked":"champ:EnGarde","floor":5.0},{"not_picked":["champ:Circumvent","champ:EnchantSword"],"picked":"champ:FlashCut","floor":6.0},{"not_picked":["champ:BladeFlurry","champ:Encircle"],"picked":"champ:DefensiveShout","floor":8.0},{"not_picked":["champ:DefensiveShout","champ:RapidStrikes"],"picked":"champ:SkillfulDodge","floor":10.0},{"not_picked":["champ:BerserkersShout","champ:SetATrap"],"picked":"champ:StanceDance","floor":12.0},{"not_picked":["champ:ShieldSlam","champ:PerfectedStrike"],"picked":"champ:IgnorePain","floor":13.0},{"not_picked":["champ:PreciseThrust","champ:PerfectedStrike"],"picked":"champ:ShieldWall","floor":14.0},{"not_picked":["champ:BladeFlurry","champ:Duel","champ:BerserkerStyle"],"picked":"SKIP","floor":15.0},{"not_picked":["champ:UltimateStance","champ:HeavySlash"],"picked":"champ:GladiatorForm","floor":16.0},{"not_picked":["champ:HeartStrike","champ:BerserkersShout"],"picked":"champ:ShieldWall+1","floor":19.0},{"not_picked":["champ:AdrenalArmor","champ:Encircle"],"picked":"champ:StanceDance+1","floor":21.0},{"not_picked":["champ:Haymaker+1","champ:EnragedBash","champ:FanOfKnives+1"],"picked":"SKIP","floor":23.0},{"not_picked":["champ:GutPunch+1","champ:PreciseThrust"],"picked":"champ:PreemptiveStrike+1","floor":25.0},{"not_picked":["champ:PreciseThrust","champ:FlashCut"],"picked":"champ:MurderStrike","floor":26.0},{"not_picked":["champ:CrownThrow","champ:BladeFlurry","champ:EnchantShield"],"picked":"SKIP","floor":28.0},{"not_picked":["champ:FalseCounter","champ:TornadoPunch"],"picked":"champ:BringItOn","floor":30.0},{"not_picked":["champ:Shatter","champ:RecklessLeap","champ:Backstep"],"picked":"SKIP","floor":31.0},{"not_picked":["champ:IgnorePain","champ:GutPunch","champ:FanOfKnives"],"picked":"SKIP","floor":32.0},{"not_picked":["champ:EnchantSword","champ:MurderStrike"],"picked":"champ:EnchantCrown","floor":33.0},{"not_picked":["champ:IronFortress+1"],"picked":"SKIP","floor":36.0},{"not_picked":[],"picked":"champ:FalseCounter+1","floor":38.0},{"not_picked":[],"picked":"champ:Circumvent+1","floor":42.0},{"not_picked":[],"picked":"champ:Backstep+1","floor":43.0},{"not_picked":["champ:ShieldSigil+1"],"picked":"SKIP","floor":45.0},{"not_picked":["champ:Haymaker"],"picked":"SKIP","floor":46.0},{"not_picked":["champ:RecklessLeap"],"picked":"SKIP","floor":48},{"not_picked":["champ:Encircle"],"picked":"SKIP","floor":49},{"not_picked":["champ:GutPunch"],"picked":"SKIP","floor":52}],"player_experience":608952,"relics_obtained":[{"floor":6.0,"key":"MealTicket"},{"floor":7.0,"key":"Centennial Puzzle"},{"floor":10.0,"key":"Smiling Mask"},{"floor":13.0,"key":"White Beast Statue"},{"floor":24.0,"key":"Frozen Egg 2"},{"floor":26.0,"key":"Nunchaku"},{"floor":28.0,"key":"HornCleat"},{"floor":29.0,"key":"Nilry\u0027s Codex"},{"floor":42.0,"key":"Toxic Egg 2"},{"floor":48,"key":"hexamod:CandleOfCauterizing"},{"floor":52,"key":"War Paint"}],"event_choices":[{"damage_healed":0.0,"max_hp_gain":0.0,"max_hp_loss":0.0,"gold_gain":0.0,"event_name":"Accursed Blacksmith","player_choice":"Rummage","floor":44.0,"gold_loss":0.0,"damage_taken":0.0,"relics_obtained":["WarpedTongs"],"cards_obtained":["Pain"]}],"is_beta":false,"boss_relics":[{"not_picked":["Runic Pyramid","Tiny House"],"picked":"Fusion Hammer"},{"not_picked":["Velvet Choker","Sozu"],"picked":"Busted Crown"}],"items_purged_floors":[14,30,53],"is_endless":false,"potions_floor_spawned":[3,4,10,14,15,16,19,21,23,25,26,28,30,31,32,33,36,38,42,43,45,46,48,49,52],"killed_by":"downfall:NeowBoss","ascension_level":5}}