{"host":"ashh977dctw2auk3","time":1609993337,"event":{"mods":["Act Like it!","BaseMod","Elementarium","Friendly Minions","Hubris","Infinite Spire","Marisa????????","Minty Spire (QoL Compilation)","Potionbrewer","Replay The Spire","Ruin Mod","Shade Mod","Shop Mod","StSLib","The Caster","The Cursed","The Marked","The Sage","The Servant 0.9.4","The Spell Scribe","Transform Curses","Waifu the Spire","Wandering Minibosses"],"gold_per_floor":[117,131,143,143,159,159,15,15,41,41,60,74,74,85,85,187,187,206,100,150,5,5,5,17,117,117,187,187,187],"floor_reached":28,"playtime":3859,"items_purged":[],"score":210,"play_id":"57a7ea69-5592-4127-a219-f2d6dfe27c5b","local_time":"20210106202216","is_ascension_mode":false,"campfire_choices":[{"data":"caster:Meteor","floor":6,"key":"SMITH"},{"data":"caster:GaiasBlessing","floor":13,"key":"SMITH"},{"data":"caster:Sleet","floor":15,"key":"SMITH"},{"data":"caster:Focusyn","floor":23,"key":"SMITH"}],"circlet_count":0,"master_deck":["caster:Meteor+1","caster:DivertFocus","caster:strike","caster:strike","caster:strike","caster:strike","caster:defend","caster:defend","caster:defend","caster:defend","caster:defend","caster:FrostDriver","caster:FlashFrost","caster:Sleet+1","caster:Grimoire","caster:GaiasBlessing+1","caster:Slick+1","caster:Incinerate","caster:MagicBarrier+1","caster:Focusyn+1","caster:BurnItDown+1","caster:GateOfBabylon+1","caster:LightningBolt"],"relics":["caster:MagicBook","hubris:SlimyHat","CultistMask","Busted Crown","Lee\u0027s Waffle","hubris:MobiusCoin"],"acts_visited":["Exordium","TheCity"],"potions_floor_usage":[11,16,16,18],"damage_taken":[{"damage":0,"enemies":"Small Slimes","floor":1,"turns":4},{"damage":15,"enemies":"Cultist","floor":2,"turns":7},{"damage":7,"enemies":"2 Louse","floor":3,"turns":2},{"damage":11,"enemies":"2 Fungi Beasts","floor":5,"turns":4},{"damage":14,"enemies":"Gremlin Gang","floor":11,"turns":6},{"damage":0,"enemies":"Large Slime","floor":12,"turns":7},{"damage":0,"enemies":"Exordium Thugs","floor":14,"turns":4},{"damage":30,"enemies":"Slime Boss","floor":16,"turns":10},{"damage":10,"enemies":"Spheric Guardian","floor":18,"turns":7},{"damage":21,"enemies":"2 Thieves","floor":24,"turns":4},{"damage":11,"enemies":"Snake Plant","floor":27,"turns":4},{"damage":12,"enemies":"Chosen and Byrds","floor":28,"turns":5}],"seed_played":"5099779471355507697","potions_obtained":[{"floor":3,"key":"Weak Potion"},{"floor":11,"key":"LiquidMemories"},{"floor":12,"key":"Languid Potion"},{"floor":16,"key":"GamblersBrew"},{"floor":18,"key":"potionbrewer:BlacksmithPotion"},{"floor":24,"key":"DuplicationPotion"},{"floor":27,"key":"SpeedPotion"}],"is_trial":false,"path_per_floor":["M","M","M","?","M","R","$","?","T","?","M","M","R","M","R","B",null,"M","$","?","$","?","R","M","?","T","M","M"],"character_chosen":"THE_CASTER","items_purchased":["caster:Grimoire","caster:GaiasBlessing","caster:GateOfBabylon+1","Lee\u0027s Waffle"],"campfire_rested":0,"item_purchase_floors":[7,7,19,21],"current_hp_per_floor":[70,55,48,48,37,37,37,37,37,37,29,35,35,42,42,20,70,61,61,61,77,77,77,62,62,62,51,39,39],"gold":187,"neow_bonus":"TEN_PERCENT_HP_BONUS","is_daily":false,"chose_seed":false,"campfire_upgraded":4,"win_rate":0.0,"timestamp":1609993336,"path_taken":["M","M","M","?","?","R","?","?","T","?","?","M","R","M","R","BOSS","M","$","?","?","?","R","?","?","T","M","?"],"items_purchased_type":["Card","Card","Card","Relic"],"build_version":"2020-12-22","purchased_purges":0,"victory":false,"max_hp_per_floor":[70,70,70,70,70,70,70,70,70,70,70,70,70,70,70,70,70,70,70,70,77,77,77,77,77,77,77,77,77],"card_choices":[{"not_picked":["caster:Fissure","caster:Surge"],"picked":"caster:FrostDriver","floor":1},{"not_picked":["caster:Incinerate","caster:Charge"],"picked":"caster:FlashFrost","floor":2},{"not_picked":["caster:Sandstorm","caster:Surge"],"picked":"caster:MagicResonance","floor":3},{"not_picked":["caster:MagicBarrier","caster:WallOfSwords"],"picked":"caster:Sleet","floor":5},{"not_picked":["caster:FrigidBeam","caster:MagicResonance","caster:GlacialShield"],"picked":"SKIP","floor":11},{"not_picked":["caster:FireWall","caster:LAZER"],"picked":"caster:Incinerate","floor":12},{"not_picked":["caster:Charge","caster:MegaloSpark"],"picked":"caster:MagicBarrier","floor":14},{"not_picked":["caster:Demi","caster:Susanoo"],"picked":"caster:Focusyn","floor":16},{"not_picked":[],"picked":"caster:BurnItDown+1","floor":18},{"not_picked":[],"picked":"caster:LightningBolt","floor":24},{"not_picked":["caster:Eruption+1"],"picked":"SKIP","floor":27}],"player_experience":302873,"relics_obtained":[{"floor":9,"key":"hubris:SlimyHat"},{"floor":26,"key":"hubris:MobiusCoin"}],"event_choices":[{"damage_healed":0,"gold_gain":0,"player_choice":"Bought 0 Potions","damage_taken":0,"max_hp_gain":0,"max_hp_loss":0,"event_name":"The Woman in Blue","floor":4,"gold_loss":0},{"damage_healed":0,"gold_gain":0,"player_choice":"Trade","damage_taken":0,"relics_obtained":["CultistMask"],"max_hp_gain":0,"max_hp_loss":0,"event_name":"FaceTrader","floor":10,"gold_loss":0},{"damage_healed":0,"gold_gain":100,"player_choice":"Bet on Murderer","damage_taken":0,"max_hp_gain":0,"max_hp_loss":0,"event_name":"The Joust","floor":20,"gold_loss":50},{"cards_removed":["caster:MagicResonance"],"damage_healed":0,"gold_gain":0,"player_choice":"Purged","damage_taken":0,"max_hp_gain":0,"max_hp_loss":0,"event_name":"Purifier","floor":22,"gold_loss":0},{"damage_healed":0,"gold_gain":100,"player_choice":"Pray","damage_taken":0,"max_hp_gain":0,"max_hp_loss":0,"event_name":"Golden Shrine","floor":25,"gold_loss":0}],"is_beta":false,"boss_relics":[{"not_picked":["Snecko Eye","Black Star"],"picked":"Busted Crown"}],"items_purged_floors":[],"is_endless":false,"potions_floor_spawned":[3,11,12,16,18,24,27],"killed_by":"Chosen and Byrds","ascension_level":0}}