{"host":"qxeepl7ydvsgmfdb","time":1609987041,"event":{"mods":["AchievementEnabler","BaseMod","Colored Powertips","Minty Spire (QoL Compilation)","Quick Restart","slay the spire mod where everything is the same but ironclad has a cowboy hat"],"gold_per_floor":[117,117,134,85,85,85,123,152,152,152,171,171,214,179,179,299,299,319,3,3,26,26,26,61,61,61,76,76,76],"floor_reached":28,"playtime":673,"items_purged":[],"score":278,"play_id":"2dcaa4e3-5eb0-4aea-8f0f-fb4d16fd2082","local_time":"20210106213721","is_ascension_mode":true,"campfire_choices":[{"floor":6.0,"key":"REST"},{"floor":10.0,"key":"REST"},{"floor":12.0,"key":"REST"},{"data":"Zap","floor":15.0,"key":"SMITH"},{"data":"Rainbow","floor":23,"key":"SMITH"}],"circlet_count":0,"master_deck":["Strike_B+1","Strike_B+1","Strike_B+1","Strike_B+1","Defend_B+1","Defend_B+1","Defend_B+1","Defend_B+1","Zap+1","Dualcast","BootSequence","Ball Lightning","Cold Snap","Melter","Ball Lightning","Lockon","Rainbow+1","Defragment","Writhe","Ball Lightning+1","Fusion"],"relics":["Cracked Core","Juzu Bracelet","Golden Idol","Cables","Odd Mushroom","Darkstone Periapt","Du-Vu Doll","Membership Card","Kunai","Dead Branch","Toy Ornithopter","PreservedInsect"],"acts_visited":["Exordium","TheCity"],"potions_floor_usage":[24,24,28],"damage_taken":[{"damage":7.0,"enemies":"Jaw Worm","floor":1.0,"turns":3.0},{"damage":2.0,"enemies":"Small Slimes","floor":3.0,"turns":2.0},{"damage":26.0,"enemies":"Gremlin Nob","floor":7.0,"turns":4.0},{"damage":17.0,"enemies":"The Mushroom Lair","floor":8.0,"turns":3.0},{"damage":0.0,"enemies":"2 Louse","floor":11.0,"turns":2.0},{"damage":10.0,"enemies":"Lagavulin","floor":13.0,"turns":3.0},{"damage":14,"enemies":"Slime Boss","floor":16,"turns":6},{"damage":12,"enemies":"3 Byrds","floor":18,"turns":4},{"damage":16,"enemies":"Spheric Guardian","floor":21,"turns":4},{"damage":23,"enemies":"Slavers","floor":24,"turns":8},{"damage":18,"enemies":"Snecko","floor":27,"turns":4},{"damage":18,"enemies":"Book of Stabbing","floor":28,"turns":3}],"seed_played":"8476511331807254122","potions_obtained":[{"floor":1.0,"key":"DuplicationPotion"},{"floor":8.0,"key":"Weak Potion"},{"floor":13.0,"key":"Dexterity Potion"},{"floor":16,"key":"SkillPotion"},{"floor":21,"key":"DuplicationPotion"}],"is_trial":false,"path_per_floor":["M","?","M","$","?","R","E","?","T","R","M","R","E","?","R","B",null,"M","$","?","M","?","R","E","$","T","M","E"],"character_chosen":"DEFECT","items_purchased":["Cold Snap","Membership Card","Defragment","Kunai"],"campfire_rested":3,"item_purchase_floors":[4,19,19,19],"current_hp_per_floor":[68,53,51,51,33,55,29,12,12,34,34,56,46,64,64,50,75,63,63,69,53,53,53,30,30,30,12,0,0],"gold":76,"neow_bonus":"RANDOM_COMMON_RELIC","is_daily":false,"chose_seed":false,"campfire_upgraded":2,"win_rate":0.0,"timestamp":1609987041,"path_taken":["M","?","M","$","?","R","E","?","T","R","M","R","E","?","R","BOSS","M","$","?","M","?","R","E","$","T","M","E"],"items_purchased_type":["Card","Relic","Card","Relic"],"build_version":"2020-12-22","purchased_purges":0,"victory":false,"max_hp_per_floor":[75,75,75,75,75,75,75,75,75,75,75,75,75,75,75,75,75,75,75,81,81,81,81,81,81,81,81,81,81],"card_choices":[{"not_picked":["Chill","Sweeping Beam"],"picked":"BootSequence","floor":1.0},{"not_picked":["Blizzard","Go for the Eyes"],"picked":"Ball Lightning","floor":3.0},{"not_picked":["Heatsinks","Barrage","Hello World"],"picked":"SKIP","floor":7.0},{"not_picked":["Multi-Cast","Leap"],"picked":"Melter","floor":8.0},{"not_picked":["Leap","Undo"],"picked":"Ball Lightning","floor":11.0},{"not_picked":["Go for the Eyes","Coolheaded"],"picked":"Lockon","floor":13.0},{"not_picked":["Core Surge","Fission"],"picked":"Rainbow","floor":16},{"not_picked":["Go for the Eyes","Melter","Hologram"],"picked":"SKIP","floor":18},{"not_picked":["Scrape","Rebound","Glacier"],"picked":"SKIP","floor":21},{"not_picked":["Compile Driver","Streamline"],"picked":"Ball Lightning+1","floor":24},{"not_picked":["Hello World","Barrage"],"picked":"Fusion","floor":27}],"player_experience":378221,"relics_obtained":[{"floor":7.0,"key":"Cables"},{"floor":8.0,"key":"Odd Mushroom"},{"floor":9.0,"key":"Darkstone Periapt"},{"floor":13.0,"key":"Du-Vu Doll"},{"floor":24,"key":"Toy Ornithopter"},{"floor":26,"key":"PreservedInsect"}],"event_choices":[{"damage_healed":0.0,"max_hp_gain":0.0,"max_hp_loss":0.0,"gold_gain":0.0,"event_name":"Shining Light","player_choice":"Entered Light","floor":2.0,"gold_loss":0.0,"damage_taken":15.0,"cards_upgraded":["Strike_B","Strike_B"]},{"damage_healed":0.0,"max_hp_gain":0.0,"max_hp_loss":0.0,"gold_gain":0.0,"event_name":"Golden Idol","player_choice":"Take Damage","floor":5.0,"gold_loss":0.0,"damage_taken":18.0,"relics_obtained":["Golden Idol"]},{"damage_healed":0.0,"max_hp_gain":0.0,"max_hp_loss":0.0,"gold_gain":0.0,"event_name":"Mushrooms","player_choice":"Fought Mushrooms","floor":8.0,"gold_loss":0.0,"damage_taken":0.0},{"damage_healed":18.0,"max_hp_gain":0.0,"max_hp_loss":0.0,"gold_gain":0.0,"event_name":"The Cleric","player_choice":"Healed","floor":14.0,"gold_loss":35.0,"damage_taken":0.0},{"damage_healed":0,"gold_gain":0,"player_choice":"Opened","damage_taken":0,"relics_obtained":["Dead Branch"],"max_hp_gain":0,"max_hp_loss":0,"event_name":"The Mausoleum","floor":20,"gold_loss":0,"cards_obtained":["Writhe"]},{"damage_healed":0,"gold_gain":0,"player_choice":"Simplicity","damage_taken":0,"max_hp_gain":0,"max_hp_loss":0,"event_name":"Back to Basics","floor":22,"gold_loss":0,"cards_upgraded":["Strike_B","Strike_B","Defend_B","Defend_B","Defend_B","Defend_B"]}],"is_beta":false,"boss_relics":[{"not_picked":["Snecko Eye","Runic Pyramid","Coffee Dripper"]}],"items_purged_floors":[],"is_endless":false,"potions_floor_spawned":[1,8,13,16,21],"killed_by":"Book of Stabbing","ascension_level":3}}