{"host":"tknto047uabgu3zm","time":1609995181,"event":{"mods":["AchievementEnabler","BaseMod","Bestiary","Block Reminder","Colored Map","Colored Powertips","Highlight Path","Minty Spire (QoL Compilation)","MonsterHotkey","Permanent Neow","Random Character Button","Rare Cards Sparkle","Relic Sorter","Relic Stats","StSLib"],"gold_per_floor":[112,131,131,46,66,66,82,5,5,5,16,16,49,69,69,147,147,165,184,16,16,16,49,99,99,167,167,198,198,198],"floor_reached":29,"playtime":1245,"items_purged":[],"score":508,"play_id":"854c7a56-6ae5-42f3-8574-1a4c6141a800","local_time":"20210106205301","is_ascension_mode":true,"campfire_choices":[{"data":"Neutralize","floor":6.0,"key":"SMITH"},{"data":"Dagger Spray","floor":10.0,"key":"SMITH"},{"floor":12.0,"key":"REST"},{"data":"Catalyst","floor":15.0,"key":"SMITH"},{"data":"Sucker Punch","floor":25.0,"key":"SMITH"},{"data":"Cloak And Dagger","floor":27.0,"key":"SMITH"}],"circlet_count":0,"master_deck":["AscendersBane","Defend_G+1","Defend_G+1","Defend_G+1","Defend_G+1","Defend_G+1","Survivor+1","Neutralize+1","Heel Hook","Noxious Fumes","Flying Knee","Dagger Spray+1","Catalyst+1","Cloak And Dagger+1","Sucker Punch+1","Dodge and Roll","Adrenaline","Accuracy","Bouncing Flask+1","Bite","Bite","Bite","Bite","Bite","Doubt","Distraction"],"relics":["SacredBark","Paper Crane","Kunai","Matryoshka","Cursed Key","TwistedFunnel","Letter Opener","War Paint","Mummified Hand","PreservedInsect"],"acts_visited":["Exordium","TheCity"],"potions_floor_usage":[28],"damage_taken":[{"damage":8.0,"enemies":"Cultist","floor":1.0,"turns":5.0},{"damage":3.0,"enemies":"Small Slimes","floor":2.0,"turns":6.0},{"damage":9.0,"enemies":"Jaw Worm","floor":5.0,"turns":5.0},{"damage":7.0,"enemies":"Large Slime","floor":7.0,"turns":6.0},{"damage":1.0,"enemies":"Blue Slaver","floor":11.0,"turns":3.0},{"damage":11.0,"enemies":"Lagavulin","floor":13.0,"turns":7.0},{"damage":10.0,"enemies":"2 Fungi Beasts","floor":14.0,"turns":3.0},{"damage":3.0,"enemies":"The Guardian","floor":16.0,"turns":14.0},{"damage":13.0,"enemies":"2 Thieves","floor":18.0,"turns":4.0},{"damage":1.0,"enemies":"Shell Parasite","floor":19.0,"turns":7.0},{"damage":3.0,"enemies":"Slavers","floor":23.0,"turns":5.0},{"damage":42,"enemies":"Gremlin Leader","floor":28,"turns":7},{"damage":23,"enemies":"Snake Plant","floor":29,"turns":2}],"seed_played":"7540605661847422320","potions_obtained":[{"floor":2.0,"key":"Ancient Potion"},{"floor":5.0,"key":"EssenceOfSteel"},{"floor":11.0,"key":"DistilledChaos"},{"floor":14.0,"key":"Ancient Potion"},{"floor":16.0,"key":"GamblersBrew"},{"floor":18.0,"key":"Dexterity Potion"},{"floor":23.0,"key":"Ancient Potion"}],"is_trial":false,"path_per_floor":["M","M","?","$","M","R","M","$","T","R","M","R","E","M","R","B",null,"M","M","$","?","?","E","?","R","T","R","E","M"],"character_chosen":"THE_SILENT","items_purchased":["Noxious Fumes","Catalyst","TwistedFunnel"],"campfire_rested":1,"item_purchase_floors":[4,8,20],"current_hp_per_floor":[51,48,48,48,39,39,32,32,32,32,31,50,39,29,29,26,56,43,42,42,42,42,46,46,46,46,46,14,0,0],"gold":198,"neow_bonus":"BOSS_RELIC","is_daily":false,"chose_seed":false,"campfire_upgraded":5,"win_rate":0.0,"timestamp":1609995181,"path_taken":["M","M","?","$","M","R","M","$","T","R","?","R","E","M","R","BOSS","M","M","$","?","?","E","?","R","T","R","E","M"],"items_purchased_type":["Card","Card","Relic"],"build_version":"2020-12-22","purchased_purges":0,"victory":false,"max_hp_per_floor":[66,66,66,66,66,66,66,66,66,66,66,66,66,66,66,66,66,66,66,66,46,46,46,46,46,46,46,46,46,46],"relic_stats":{"counters":[13,74],"Mummified Hand":[2],"PreservedInsect":0,"Kunai":[24],"Letter Opener":[11],"War Paint":["Survivor","Bouncing Flask"],"Cursed Key":1,"obtain_stats":[{"TwistedFunnel":20,"Matryoshka":13,"Mummified Hand":26,"SacredBark":0,"PreservedInsect":28,"Kunai":9,"Letter Opener":23,"Paper Crane":3,"War Paint":26,"Cursed Key":17,"Ring of the Snake":0},{"TwistedFunnel":10,"Matryoshka":6,"Mummified Hand":11,"SacredBark":0,"PreservedInsect":12,"Kunai":4,"Letter Opener":11,"Paper Crane":2,"War Paint":11,"Cursed Key":8,"Ring of the Snake":0},{"TwistedFunnel":60,"Matryoshka":32,"Mummified Hand":65,"SacredBark":0,"PreservedInsect":72,"Kunai":22,"Letter Opener":65,"Paper Crane":11,"War Paint":65,"Cursed Key":49,"Ring of the Snake":0}]},"card_choices":[{"not_picked":["Dodge and Roll","Deflect"],"picked":"Backflip","floor":1.0},{"not_picked":["Reflex","Underhanded Strike"],"picked":"Heel Hook","floor":2.0},{"not_picked":["Concentrate","Flechettes"],"picked":"Flying Knee","floor":5.0},{"not_picked":["Poisoned Stab","Backflip"],"picked":"Dagger Spray","floor":7.0},{"not_picked":["Underhanded Strike","Slice"],"picked":"Cloak And Dagger","floor":11.0},{"not_picked":["Dash","Riddle With Holes"],"picked":"Sucker Punch","floor":13.0},{"not_picked":["Distraction","Dagger Throw"],"picked":"Dodge and Roll","floor":14.0},{"not_picked":["A Thousand Cuts","Glass Knife"],"picked":"Adrenaline","floor":16.0},{"not_picked":["Flying Knee+1","Predator"],"picked":"Accuracy","floor":18.0},{"not_picked":["Blur","Heel Hook+1"],"picked":"Bouncing Flask","floor":19.0},{"not_picked":["Underhanded Strike+1","Dagger Throw","All Out Attack"],"picked":"SKIP","floor":23.0},{"not_picked":["Poisoned Stab","Choke"],"picked":"Distraction","floor":28}],"player_experience":493265,"relics_obtained":[{"floor":9.0,"key":"Kunai"},{"floor":13.0,"key":"Matryoshka"},{"floor":23.0,"key":"Letter Opener"},{"floor":26.0,"key":"War Paint"},{"floor":26.0,"key":"Mummified Hand"},{"floor":28,"key":"PreservedInsect"}],"event_choices":[{"cards_removed":["Backflip"],"damage_healed":0.0,"max_hp_gain":0.0,"max_hp_loss":0.0,"gold_gain":0.0,"event_name":"WeMeetAgain","player_choice":"Gave Card","floor":3.0,"gold_loss":0.0,"damage_taken":0.0,"relics_obtained":["Paper Crane"]},{"damage_healed":0.0,"max_hp_gain":0.0,"max_hp_loss":20.0,"gold_gain":0.0,"event_name":"Vampires","player_choice":"Became a vampire","floor":21.0,"gold_loss":0.0,"damage_taken":0.0,"cards_obtained":["Bite","Bite","Bite","Bite","Bite"]},{"damage_healed":0.0,"max_hp_gain":0.0,"max_hp_loss":0.0,"gold_gain":0.0,"event_name":"Back to Basics","player_choice":"Simplicity","floor":22.0,"gold_loss":0.0,"damage_taken":0.0,"cards_upgraded":["Defend_G","Defend_G","Defend_G","Defend_G","Defend_G"]},{"damage_healed":0.0,"max_hp_gain":0.0,"max_hp_loss":0.0,"gold_gain":50.0,"event_name":"Nest","player_choice":"Stole From Cult","floor":24.0,"gold_loss":0.0,"damage_taken":0.0}],"is_beta":false,"boss_relics":[{"not_picked":["Sozu","Tiny House"],"picked":"Cursed Key"}],"items_purged_floors":[],"is_endless":false,"potions_floor_spawned":[2,5,11,14,16,18,23],"killed_by":"Snake Plant","ascension_level":17}}