{"host":"s1w56g1unzkm3idu","time":1609986531,"event":{"mods":["AchievementEnabler","Astrologer","BaseMod","Better Match","Better Vampires","BetterRewards","Clockwork Mod","Colored Powertips","Defuse TimeMaze Blight","Downfall","Friendly Minions","Hermit","Hubris","Infinite Spire","Kiyohime????","Koishi","Marisa????????","Minty Spire (QoL Compilation)","Prisma Mod","Random Character Button","Rare Cards Sparkle","Remilia??????","Replay The Spire","Shop Mod","Somnambulant","StSLib","SuperFastMode","Td1madao Mod","The Administrix","The Cursed","The Factory","The Hierophant","The Jungle","The Necromancer","The Servant 0.9.4","Unceasing Turn Reminder","slay the spire mod where everything is the same but ironclad has a cowboy hat"],"gold_per_floor":[99,110,124,124,143,143,170,325,413,413,526,580,505,580,621,651,651,651],"floor_reached":16,"playtime":873,"items_purged":[],"score":118,"play_id":"ee89d35d-69b2-4f2f-a756-f343728d6e66","local_time":"20210106202851","is_ascension_mode":true,"campfire_choices":[{"data":"CommonCold","floor":1.0,"key":"PURGE"},{"data":"champ:Strike","floor":6.0,"key":"PURGE"},{"data":"champ:ShieldWall","floor":10.0,"key":"SMITH"},{"data":"champ:FalseCounter","floor":13.0,"key":"SMITH"}],"circlet_count":0,"master_deck":["champ:Strike","champ:Strike","champ:Strike","champ:Defend","champ:Defend","champ:Defend","champ:Defend","champ:Execute","champ:Taunt","champ:Control","champ:Aggression","champ:FanOfKnives","champ:ShieldWall+1","champ:FalseCounter+1","champ:TornadoPunch","champ:Aggression","champ:Control"],"relics":["champ:ChampionCrown","Peace Pipe","Replay:Bandana","downfall:GremlinWheel","infinitespire:BottledMercury","infinitespire:Beetle Shell","downfall:HeartBlessingGreen"],"acts_visited":["Exordium"],"potions_floor_usage":[16],"damage_taken":[{"damage":5.0,"enemies":"Small Slimes","floor":2.0,"turns":3.0},{"damage":10.0,"enemies":"Cultist","floor":3.0,"turns":3.0},{"damage":4.0,"enemies":"2 Louse","floor":5.0,"turns":2.0},{"damage":39.0,"enemies":"2 Louse","floor":8.0,"turns":4.0},{"damage":19.0,"enemies":"Gremlin Nob","floor":9.0,"turns":3.0},{"damage":22.0,"enemies":"3 Sentries","floor":11.0,"turns":4.0},{"damage":0.0,"enemies":"2 Fungi Beasts","floor":12.0,"turns":2.0},{"damage":30.0,"enemies":"Gremlin Gang","floor":14.0,"turns":3.0},{"damage":26.0,"enemies":"Large Slime","floor":15.0,"turns":6.0},{"damage":23,"enemies":"downfall:Silent","floor":16,"turns":4}],"seed_played":"-2041035628495015866","potions_obtained":[{"floor":2.0,"key":"Weak Potion"},{"floor":4.0,"key":"Slimebound:ThreeZeroPotion"},{"floor":4.0,"key":"EssenceOfSteel"},{"floor":5.0,"key":"BlessingOfTheForge"},{"floor":9.0,"key":"champ:TechniquePotion"},{"floor":12.0,"key":"Elixir"},{"floor":14.0,"key":"Explosive Potion"}],"is_trial":false,"path_per_floor":["R","M","M","?","M","R","T","?","E","R","E","M","R","M","M","B"],"character_chosen":"THE_CHAMP","items_purchased":[],"campfire_rested":0,"item_purchase_floors":[],"current_hp_per_floor":[90,90,90,90,90,90,90,71,61,61,49,49,49,30,16,0,0,0],"gold":651,"neow_bonus":"ONE_RARE_RELIC","is_daily":false,"chose_seed":false,"campfire_upgraded":2,"win_rate":0.0,"timestamp":1609986531,"path_taken":["R","M","M","?","?","R","T","?","E","R","E","M","R","M","M","BOSS"],"items_purchased_type":[],"build_version":"2020-12-22","purchased_purges":0,"victory":false,"max_hp_per_floor":[90,90,90,90,90,90,90,90,90,90,90,90,90,90,90,90,90,90],"card_choices":[{"not_picked":["champ:PerfectedStrike","champ:GutPunch"],"picked":"champ:Control","floor":2.0},{"not_picked":["champ:GladiatorsShout","champ:AdrenalArmor"],"picked":"champ:Aggression","floor":3.0},{"not_picked":["champ:ShieldWall","champ:Circumvent"],"picked":"champ:FanOfKnives","floor":5.0},{"not_picked":["champ:Control","champ:BerserkersShout"],"picked":"champ:ShieldWall","floor":9.0},{"not_picked":["champ:StanceDance","champ:ShieldThrow"],"picked":"champ:FalseCounter","floor":11.0},{"not_picked":["champ:RecklessLeap","champ:BerserkersShout"],"picked":"champ:TornadoPunch","floor":12.0},{"not_picked":["champ:Backstep","champ:TornadoPunch"],"picked":"champ:Aggression","floor":14.0},{"not_picked":["champ:FocusedBerserking","champ:BladeFlurry"],"picked":"champ:Control","floor":15.0}],"player_experience":1516569,"relics_obtained":[{"floor":7.0,"key":"Replay:Bandana"},{"floor":8.0,"key":"downfall:GremlinWheel"},{"floor":9.0,"key":"infinitespire:BottledMercury"},{"floor":11.0,"key":"infinitespire:Beetle Shell"}],"event_choices":[{"damage_healed":0.0,"max_hp_gain":0.0,"max_hp_loss":0.0,"gold_gain":0.0,"event_name":"Lab","player_choice":"Got Potions","floor":4.0,"gold_loss":0.0,"damage_taken":0.0}],"is_beta":false,"boss_relics":[],"items_purged_floors":[],"is_endless":false,"potions_floor_spawned":[2,5,9,12,14],"killed_by":"downfall:Silent","ascension_level":1}}