{"host":"3po7ngt2j61s4rmj","time":1609988578,"event":{"mods":["Act Like it!","BaseMod","Elementarium","Hermit","JesterMod","Minty Spire (QoL Compilation)","Relic Stats","Shade Mod","StSLib"],"gold_per_floor":[119,137,137,147,147,180,180,194,194,219,233,250,274,300,300,399,399,411,411,423,437,456,456,483,5,5,51,63,85,115,145,157,267,279,306,1,1,11,11,11,41,41,41,54,64,93,93,130,130,130],"floor_reached":51,"playtime":7765,"items_purged":["jesterMod:Strike"],"score":900,"play_id":"61b59c26-992e-4947-bb88-6cba47c256ba","local_time":"20210106200258","is_ascension_mode":true,"campfire_choices":[{"floor":7,"key":"REST"},{"floor":15,"key":"REST"},{"floor":23,"key":"REST"},{"floor":32,"key":"REST"},{"data":"jesterMod:Strike","floor":40,"key":"PURGE"},{"data":"jesterMod:Defend","floor":42,"key":"PURGE"},{"data":"jesterMod:Defend","floor":47,"key":"PURGE"},{"floor":49,"key":"REST"}],"circlet_count":0,"master_deck":["jesterMod:Strike","jesterMod:Sickle","jesterMod:Defend","jesterMod:Defend","jesterMod:Dodge","jesterMod:OblivionStrike","jesterMod:Hide","jesterMod:RecklessStrike","jesterMod:Squander","jesterMod:Precipitation","jesterMod:Prankster","jesterMod:RecklessStrike","jesterMod:Overthink","jesterMod:Momentum","CurseOfTheBell","jesterMod:Exasperation","jesterMod:Prankster+1","jesterMod:SelfMockery+1","jesterMod:FlameDance+1","Forethought+1","jesterMod:Disposophobia+1","jesterMod:Illness+1","jesterMod:Swiftness","jesterMod:Prankster+1","jesterMod:Pause+1","jesterMod:Exasperation+1","Panache","jesterMod:Mending","jesterMod:TrickyDodge+1","jesterMod:Prankster+1","Parasite","jesterMod:Patience+1"],"relics":["Fusion Hammer","Calipers","CultistMask","Pocketwatch","Dead Branch","jesterMod:JesterMask","Mummified Hand","Calling Bell","MealTicket","Letter Opener","TungstenRod","Peace Pipe","Toxic Egg 2","MawBank","Kunai","Elementarium:ElementariumTrophy","jesterMod:HauntedLute","Toy Ornithopter","Vajra","Pear","Darkstone Periapt","Regal Pillow"],"acts_visited":["Exordium","Elementarium:Elementarium","TheBeyond"],"potions_floor_usage":[16,20,24,27,41,50,50,50,50,50],"damage_taken":[{"damage":0,"enemies":"2 Louse","floor":1,"turns":4},{"damage":0,"enemies":"Cultist","floor":2,"turns":2},{"damage":7,"enemies":"Small Slimes","floor":4,"turns":4},{"damage":19,"enemies":"Gremlin Nob","floor":6,"turns":4},{"damage":0,"enemies":"Looter","floor":8,"turns":2},{"damage":18,"enemies":"3 Sentries","floor":10,"turns":5},{"damage":6,"enemies":"Lots of Slimes","floor":11,"turns":4},{"damage":8,"enemies":"Blue Slaver","floor":12,"turns":3},{"damage":7,"enemies":"Exordium Thugs","floor":13,"turns":4},{"damage":10,"enemies":"Lagavulin","floor":14,"turns":4},{"damage":37,"enemies":"The Guardian","floor":16,"turns":8},{"damage":2,"enemies":"Elementarium:2_ELEMENTALS","floor":18,"turns":3},{"damage":8,"enemies":"Elementarium:Cyclone","floor":20,"turns":6},{"damage":10,"enemies":"Elementarium:STONE_GOLEMS","floor":21,"turns":4},{"damage":7,"enemies":"Elementarium:VoidBeast","floor":22,"turns":3},{"damage":20,"enemies":"Elementarium:FIRE_NOBILITY","floor":24,"turns":6},{"damage":9,"enemies":"Elementarium:WarGolem","floor":27,"turns":4},{"damage":8,"enemies":"Elementarium:CYCLONE_AND_LIVING_STORMCLOUD","floor":29,"turns":4},{"damage":14,"enemies":"Elementarium:STONE_GOLEMS","floor":30,"turns":3},{"damage":24,"enemies":"Elementarium:Hydrostalker","floor":31,"turns":3},{"damage":18,"enemies":"Elementarium:GoldenDragon","floor":33,"turns":6},{"damage":29,"enemies":"3 Darklings","floor":35,"turns":4},{"damage":20,"enemies":"Orb Walker","floor":38,"turns":3},{"damage":7,"enemies":"Reptomancer","floor":41,"turns":3},{"damage":15,"enemies":"Jaw Worm Horde","floor":44,"turns":2},{"damage":0,"enemies":"Writhing Mass","floor":45,"turns":3},{"damage":0,"enemies":"Giant Head","floor":46,"turns":5},{"damage":27,"enemies":"Reptomancer","floor":48,"turns":4},{"damage":113,"enemies":"Awakened One","floor":50,"turns":12}],"seed_played":"6058441501305484847","potions_obtained":[{"floor":4,"key":"LiquidBronze"},{"floor":10,"key":"FairyPotion"},{"floor":12,"key":"SteroidPotion"},{"floor":16,"key":"Fire Potion"},{"floor":18,"key":"GamblersBrew"},{"floor":20,"key":"Explosive Potion"},{"floor":24,"key":"Regen Potion"},{"floor":31,"key":"EntropicBrew"},{"floor":33,"key":"SteroidPotion"},{"floor":38,"key":"Swift Potion"},{"floor":41,"key":"GamblersBrew"}],"is_trial":false,"path_per_floor":["M","M","?","M","?","E","R","M","T","E","M","M","M","E","R","B",null,"M","?","M","M","M","R","E","$","T","E","?","M","M","M","R","B",null,"M","$","?","M","$","R","E","R","T","M","M","E","R","E","R","B",null],"character_chosen":"THE_JESTER","items_purchased":["Toxic Egg 2","jesterMod:FlameDance+1","Forethought+1","Panache","Toy Ornithopter"],"campfire_rested":5,"item_purchase_floors":[25,25,25,36,36],"current_hp_per_floor":[70,70,63,56,56,37,58,58,58,40,35,28,23,15,36,3,70,69,58,53,44,38,60,43,58,58,63,63,56,42,19,41,24,75,47,62,62,42,57,57,56,56,66,51,51,53,53,27,67,21],"gold":130,"neow_bonus":"BOSS_RELIC","is_daily":false,"chose_seed":false,"campfire_upgraded":0,"win_rate":0.0,"timestamp":1609988578,"path_taken":["M","M","?","M","?","E","R","?","T","E","?","M","M","E","R","BOSS","M","?","?","M","M","R","E","$","T","E","?","M","M","M","R","BOSS","M","?","?","M","$","R","E","R","T","M","M","E","R","E","R","BOSS"],"items_purchased_type":["Relic","Card","Card","Card","Relic"],"build_version":"2020-12-22","purchased_purges":1,"victory":true,"max_hp_per_floor":[70,70,70,70,70,70,70,70,70,70,70,70,70,70,70,70,70,70,75,75,75,75,75,75,75,75,75,75,75,75,75,75,75,75,75,75,75,75,75,75,75,75,85,85,85,85,85,85,85,85],"relic_stats":{"Darkstone Periapt":0,"Regal Pillow":15,"counters":[29,122],"Dead Branch":[219],"Letter Opener":[539],"MawBank":120,"Peace Pipe":3,"Mummified Hand":[154],"MealTicket":45,"Kunai":[13],"obtain_stats":[{"Darkstone Periapt":46,"Regal Pillow":48,"Calipers":3,"Pear":43,"Dead Branch":9,"jesterMod:JesterMask":10,"Vajra":41,"jesterMod:JesterCap":0,"Letter Opener":17,"MawBank":26,"Calling Bell":17,"Peace Pipe":24,"Elementarium:ElementariumTrophy":33,"Mummified Hand":14,"MealTicket":17,"Fusion Hammer":0,"CultistMask":5,"Kunai":27,"Toxic Egg 2":25,"TungstenRod":17,"jesterMod:HauntedLute":34,"Toy Ornithopter":36,"Pocketwatch":6},{"Darkstone Periapt":27,"Regal Pillow":28,"Calipers":2,"Pear":24,"Dead Branch":5,"jesterMod:JesterMask":6,"Vajra":24,"jesterMod:JesterCap":0,"Letter Opener":11,"MawBank":16,"Calling Bell":11,"Peace Pipe":16,"Elementarium:ElementariumTrophy":21,"Mummified Hand":10,"MealTicket":11,"Fusion Hammer":0,"CultistMask":3,"Kunai":17,"Toxic Egg 2":16,"TungstenRod":11,"jesterMod:HauntedLute":21,"Toy Ornithopter":22,"Pocketwatch":4},{"Darkstone Periapt":106,"Regal Pillow":110,"Calipers":6,"Pear":96,"Dead Branch":16,"jesterMod:JesterMask":21,"Vajra":96,"jesterMod:JesterCap":0,"Letter Opener":44,"MawBank":66,"Calling Bell":44,"Peace Pipe":66,"Elementarium:ElementariumTrophy":86,"Mummified Hand":36,"MealTicket":44,"Fusion Hammer":0,"CultistMask":10,"Kunai":70,"Toxic Egg 2":66,"TungstenRod":44,"jesterMod:HauntedLute":86,"Toy Ornithopter":90,"Pocketwatch":14}],"TungstenRod":55,"Toy Ornithopter":30,"Pocketwatch":[32]},"card_choices":[{"not_picked":["jesterMod:DancingMad","jesterMod:JugglerBlade"],"picked":"jesterMod:OblivionStrike","floor":1},{"not_picked":["jesterMod:Loot","jesterMod:Anticipation"],"picked":"jesterMod:Hide","floor":2},{"not_picked":["jesterMod:SmokeScreen","jesterMod:Patience"],"picked":"jesterMod:RecklessStrike","floor":4},{"not_picked":["jesterMod:Hide","jesterMod:SwiftDodge"],"picked":"jesterMod:Squander","floor":6},{"not_picked":["jesterMod:Pause","jesterMod:ButterKnife"],"picked":"jesterMod:Precipitation","floor":8},{"not_picked":["jesterMod:JackInTheBox","jesterMod:SwiftDodge"],"picked":"jesterMod:Prankster","floor":10},{"not_picked":["jesterMod:ButterKnife","jesterMod:Patience"],"picked":"jesterMod:RecklessStrike","floor":11},{"not_picked":["jesterMod:Tinker","jesterMod:Rebuff"],"picked":"jesterMod:Overthink","floor":12},{"not_picked":["jesterMod:Rebuff","jesterMod:Tinker","jesterMod:ButterKnife"],"picked":"SKIP","floor":13},{"not_picked":["jesterMod:Arrythmia","jesterMod:Taunt","jesterMod:Talion"],"picked":"SKIP","floor":14},{"not_picked":["jesterMod:Overthink","jesterMod:ExperimentalTreatment"],"picked":"jesterMod:Momentum","floor":16},{"not_picked":["jesterMod:RecklessStrike","jesterMod:ButterKnife"],"picked":"jesterMod:Exasperation","floor":18},{"not_picked":["jesterMod:QuickStrike+1","jesterMod:DancingMad"],"picked":"jesterMod:Prankster+1","floor":20},{"not_picked":["jesterMod:Hide","jesterMod:Rebuff+1"],"picked":"jesterMod:SelfMockery+1","floor":21},{"not_picked":["jesterMod:SmokeScreen","jesterMod:Prankster","jesterMod:QuickStrike"],"picked":"SKIP","floor":22},{"not_picked":["jesterMod:Pillage","jesterMod:PerfectDodge","jesterMod:QuickStrike"],"picked":"SKIP","floor":24},{"not_picked":["jesterMod:Tinker+1","jesterMod:Loot+1"],"picked":"jesterMod:Disposophobia+1","floor":27},{"not_picked":["jesterMod:SwiftDodge+1","jesterMod:Anticipation+1"],"picked":"jesterMod:Swiftness","floor":29},{"not_picked":["jesterMod:Precipitation","jesterMod:Schizophrenia"],"picked":"jesterMod:Prankster+1","floor":30},{"not_picked":["jesterMod:Rebuff","jesterMod:Talion"],"picked":"jesterMod:Pause+1","floor":31},{"not_picked":["jesterMod:Hide+1","jesterMod:DancingMad+1"],"picked":"jesterMod:Exasperation+1","floor":35},{"not_picked":["jesterMod:Dilapidation","jesterMod:BouncingKnife+1","jesterMod:ButterKnife+1"],"picked":"SKIP","floor":38},{"not_picked":["jesterMod:Trance","jesterMod:Anticipation+1"],"picked":"jesterMod:TrickyDodge+1","floor":41},{"not_picked":["jesterMod:OblivionStrike","jesterMod:Procrastination+1"],"picked":"jesterMod:Prankster+1","floor":44},{"not_picked":["jesterMod:Precipitation+1","jesterMod:RecklessStrike","jesterMod:BouncingKnife"],"picked":"SKIP","floor":45},{"not_picked":["jesterMod:Anticipation+1","jesterMod:JugglerBlade+1"],"picked":"jesterMod:Patience+1","floor":46},{"not_picked":["jesterMod:OblivionStrike+1","jesterMod:Hide+1","jesterMod:Juggler"],"picked":"SKIP","floor":48}],"player_experience":1088957,"relics_obtained":[{"floor":6,"key":"Pocketwatch"},{"floor":9,"key":"Dead Branch"},{"floor":10,"key":"jesterMod:JesterMask"},{"floor":14,"key":"Mummified Hand"},{"floor":17,"key":"MealTicket"},{"floor":17,"key":"Letter Opener"},{"floor":17,"key":"TungstenRod"},{"floor":24,"key":"Peace Pipe"},{"floor":26,"key":"MawBank"},{"floor":27,"key":"Kunai"},{"floor":41,"key":"Vajra"},{"floor":43,"key":"Pear"},{"floor":46,"key":"Darkstone Periapt"},{"floor":48,"key":"Regal Pillow"}],"event_choices":[{"damage_healed":0,"gold_gain":0,"player_choice":"Success","damage_taken":7,"relics_obtained":["Calipers"],"max_hp_gain":0,"max_hp_loss":0,"event_name":"Scrap Ooze","floor":3,"gold_loss":0},{"damage_healed":0,"gold_gain":0,"player_choice":"Trade","damage_taken":0,"relics_obtained":["CultistMask"],"max_hp_gain":0,"max_hp_loss":0,"event_name":"FaceTrader","floor":5,"gold_loss":0},{"damage_healed":0,"gold_gain":0,"player_choice":"Sacrifice","damage_taken":17,"max_hp_gain":5,"max_hp_loss":0,"event_name":"Elementarium:RadiantAltar","floor":19,"gold_loss":0},{"damage_healed":0,"gold_gain":0,"player_choice":"Read","damage_taken":0,"max_hp_gain":0,"max_hp_loss":0,"event_name":"Elementarium:LostScrolls","floor":28,"gold_loss":0,"cards_obtained":["jesterMod:Illness"]},{"damage_healed":0,"gold_gain":0,"cards_transformed":["jesterMod:Strike"],"player_choice":"Transformed","damage_taken":0,"max_hp_gain":0,"max_hp_loss":0,"event_name":"Transmorgrifier","floor":37,"gold_loss":0,"cards_obtained":["jesterMod:Mending"]}],"is_beta":false,"boss_relics":[{"not_picked":["Empty Cage","Coffee Dripper"],"picked":"Calling Bell"},{"not_picked":["SlaversCollar","Sozu"],"picked":"jesterMod:HauntedLute"}],"items_purged_floors":[25],"is_endless":false,"potions_floor_spawned":[4,10,12,16,18,20,24,31,33,38,41],"ascension_level":2}}