{"host":"3twtdwjpiqhvvn5s","time":1609985009,"event":{"mods":["AchievementEnabler","Act Like it!","BaseMod","BetterRewards","Colored Map","Colored Powertips","Downfall","Duelist Mod","Friendly Minions","GifTheSpireLib","Hallownest","Hermit","Hubris","Infinite Spire","Jorbs\u0027s Wanderer Trilogy","Koishi","KomeijiMod","Marisa????????","Minty Spire (QoL Compilation)","Random Character Mod","Rare Cards Sparkle","Replay The Spire","Shop Mod","StSLib","Td1madao Mod","The Administrix","The Animator","The Bug Knight","The Caster","The Cursed","The Disciple","The Hierophant","The Necromancer","The Poker Player","The Runesmith","The Servant 0.9.4","TheFirefly"],"gold_per_floor":[119,131,151,162,181,215,228,228,278,318,327,349,375,402,402,402,402],"floor_reached":16,"playtime":3430,"items_purged":[],"score":118,"play_id":"d11f22ab-318f-4e9f-8f2d-627bbf296d8f","local_time":"20210106200329","is_ascension_mode":false,"campfire_choices":[{"floor":8,"key":"REST"},{"floor":15,"key":"REST"}],"circlet_count":0,"master_deck":["hubris:Hubris","AdministrixMod:Strike_Administrix","AdministrixMod:Strike_Administrix","AdministrixMod:Strike_Administrix","AdministrixMod:Strike_Administrix","AdministrixMod:RedCloak","AdministrixMod:Defend_Administrix","AdministrixMod:Defend_Administrix","AdministrixMod:Defend_Administrix","AdministrixMod:Defend_Administrix","AdministrixMod:BlueCloak","AdministrixMod:ShadowPlay","Reflection Mechanism","AdministrixMod:GuanyinBlessing","Reinforcement Parts","Rupture","AdministrixMod:Convergence","AdministrixMod:Untouchable","Pain","Perfect Defend","AdministrixMod:BegetEternity","Provocative"],"relics":["Unceasing Top","Blood Vial","Smiling Mask","CeramicFish","WarpedTongs"],"acts_visited":["Exordium"],"potions_floor_usage":[4,6,16],"damage_taken":[{"damage":5,"enemies":"Small Slimes","floor":1,"turns":5},{"damage":0,"enemies":"Cultist","floor":2,"turns":4},{"damage":1,"enemies":"Jaw Worm","floor":3,"turns":3},{"damage":0,"enemies":"2 Fungi Beasts","floor":4,"turns":3},{"damage":3,"enemies":"Blue Slaver","floor":5,"turns":4},{"damage":13,"enemies":"Gremlin Nob","floor":6,"turns":4},{"damage":3,"enemies":"Lots of Slimes","floor":7,"turns":3},{"damage":19,"enemies":"3 Sentries","floor":10,"turns":7},{"damage":5,"enemies":"Red Slaver","floor":12,"turns":3},{"damage":13,"enemies":"Blue Slaver","floor":13,"turns":4},{"damage":17,"enemies":"2 Fungi Beasts","floor":14,"turns":3},{"damage":38,"enemies":"Hexaghost","floor":16,"turns":4}],"seed_played":"-2392108333578820477","potions_obtained":[{"floor":2,"key":"Fire Potion"},{"floor":5,"key":"Adrenaline Potion"},{"floor":10,"key":"DuplicationPotion"},{"floor":12,"key":"AdministrixMod:AttunementTonic"}],"is_trial":true,"path_per_floor":["M","M","M","M","M","E","M","R","T","E","?","M","M","M","R","B"],"character_chosen":"TheAdministrix","items_purchased":[],"campfire_rested":2,"item_purchase_floors":[],"current_hp_per_floor":[60,60,59,59,56,43,42,61,61,44,44,41,30,15,34,0,0],"gold":402,"neow_bonus":"","is_daily":false,"chose_seed":false,"campfire_upgraded":0,"win_rate":0.0,"timestamp":1609985009,"path_taken":["M","M","M","M","M","E","M","R","T","E","?","M","?","M","R","BOSS"],"items_purchased_type":[],"build_version":"2020-12-22","purchased_purges":0,"victory":false,"max_hp_per_floor":[65,65,65,65,65,65,65,65,65,65,65,65,65,65,65,65,65],"card_choices":[{"not_picked":["Cursed Blade","Lunge"],"picked":"AdministrixMod:ShadowPlay","floor":1},{"not_picked":["AdministrixMod:RegentEdict","Transfer Energy"],"picked":"Reflection Mechanism","floor":2},{"not_picked":["AdministrixMod:DreamsMausoleum","AdministrixMod:Transition"],"picked":"AdministrixMod:GuanyinBlessing","floor":3},{"not_picked":["Fire Up","Sudden Beat"],"picked":"Reinforcement Parts","floor":4},{"not_picked":["Provocative","AdministrixMod:RebukeDesires"],"picked":"Rupture","floor":5},{"not_picked":["Judgment","AdministrixMod:QuietConspiracy"],"picked":"AdministrixMod:Convergence","floor":6},{"not_picked":["Three Hit","Judgment","AdministrixMod:ExtolVirtue"],"picked":"SKIP","floor":7},{"not_picked":["AdministrixMod:MixOfMercury","Black Hand"],"picked":"AdministrixMod:Untouchable","floor":10},{"not_picked":["AdministrixMod:CenturiesAscent","Afterwards"],"picked":"Perfect Defend","floor":12},{"not_picked":["AdministrixMod:TenDesires","Oblique Hack"],"picked":"AdministrixMod:BegetEternity","floor":13},{"not_picked":["AdministrixMod:ImmortalGrace","Break Into"],"picked":"Provocative","floor":14}],"player_experience":1299460,"relics_obtained":[{"floor":6,"key":"Blood Vial"},{"floor":9,"key":"Smiling Mask"},{"floor":10,"key":"CeramicFish"}],"event_choices":[{"damage_healed":0,"gold_gain":0,"player_choice":"Rummage","damage_taken":0,"relics_obtained":["WarpedTongs"],"max_hp_gain":0,"max_hp_loss":0,"event_name":"Accursed Blacksmith","floor":11,"gold_loss":0,"cards_obtained":["Pain"]}],"is_beta":false,"boss_relics":[],"items_purged_floors":[],"is_endless":false,"potions_floor_spawned":[2,5,10,12],"killed_by":"Hexaghost","ascension_level":0}}