{"host":"b7j598ve05halrwk","time":1609981553,"event":{"mods":["2.2 Compatiblity","BaseMod","Block Reminder","DeckTracker","Minty Spire (QoL Compilation)","Relic Stats","Slay the Relics Exporter","StSLib","ojb\u0027s Better Paths Mod","ojb\u0027s Info Mod"],"gold_per_floor":[20,40,57,107,125,159,159,190,217,237,237,237],"floor_reached":11,"playtime":533,"items_purged":[],"score":170,"play_id":"6904c03d-04d4-4f3b-8532-f8b1a257d9af","local_time":"20210106200553","is_ascension_mode":true,"campfire_choices":[{"floor":7,"key":"REST"}],"circlet_count":0,"master_deck":["AscendersBane","Strike_B","Strike_B","Defend_B","Defend_B","Defend_B","Defend_B","Zap","Dualcast","Reboot","Heatsinks","Rip and Tear","Rebound","Rebound","Static Discharge","Amplify","Storm"],"relics":["Cracked Core","Regal Pillow","Toy Ornithopter","Lantern"],"acts_visited":["Exordium"],"potions_floor_usage":[5,6,11],"damage_taken":[{"damage":11,"enemies":"Small Slimes","floor":1,"turns":3},{"damage":1,"enemies":"Cultist","floor":2,"turns":3},{"damage":2,"enemies":"Jaw Worm","floor":3,"turns":4},{"damage":1,"enemies":"2 Fungi Beasts","floor":5,"turns":2},{"damage":30,"enemies":"3 Sentries","floor":6,"turns":6},{"damage":20,"enemies":"Lagavulin","floor":8,"turns":7},{"damage":8,"enemies":"Blue Slaver","floor":10,"turns":3},{"damage":40,"enemies":"3 Sentries","floor":11,"turns":5}],"seed_played":"-2118158867585439568","potions_obtained":[{"floor":1,"key":"Fire Potion"},{"floor":2,"key":"SmokeBomb"},{"floor":3,"key":"Strength Potion"},{"floor":6,"key":"Strength Potion"}],"is_trial":false,"path_per_floor":["M","M","M","?","M","E","R","E","T","M","E"],"character_chosen":"DEFECT","items_purchased":[],"campfire_rested":1,"item_purchase_floors":[],"current_hp_per_floor":[53,52,50,50,49,19,55,35,35,27,0,0],"gold":237,"neow_bonus":"TRANSFORM_TWO_CARDS","is_daily":false,"chose_seed":false,"campfire_upgraded":0,"win_rate":0.0,"timestamp":1609981553,"path_taken":["M","M","M","?","M","E","R","E","T","?","E"],"items_purchased_type":[],"build_version":"2020-12-22","purchased_purges":0,"victory":false,"max_hp_per_floor":[71,71,71,71,71,71,71,71,71,71,71,71],"relic_stats":{"Regal Pillow":15,"counters":[8,33],"obtain_stats":[{"Regal Pillow":6,"Lantern":9,"Cracked Core":0,"Toy Ornithopter":8},{"Regal Pillow":5,"Lantern":6,"Cracked Core":0,"Toy Ornithopter":6},{"Regal Pillow":18,"Lantern":25,"Cracked Core":0,"Toy Ornithopter":25}],"Toy Ornithopter":5},"card_choices":[{"not_picked":["White Noise","Conserve Battery"],"picked":"Rip and Tear","floor":1},{"not_picked":["Beam Cell","Genetic Algorithm"],"picked":"Rebound","floor":2},{"not_picked":["Consume","Steam Power"],"picked":"Rebound","floor":3},{"not_picked":["Steam Power","Recycle","Redo"],"picked":"SKIP","floor":5},{"not_picked":["Steam Power","Darkness"],"picked":"Static Discharge","floor":6},{"not_picked":["Double Energy","Static Discharge"],"picked":"Amplify","floor":8},{"not_picked":["Cold Snap","Sweeping Beam"],"picked":"Storm","floor":10}],"player_experience":840380,"relics_obtained":[{"floor":6,"key":"Regal Pillow"},{"floor":8,"key":"Toy Ornithopter"},{"floor":9,"key":"Lantern"}],"event_choices":[{"damage_healed":0,"gold_gain":50,"player_choice":"Pray","damage_taken":0,"max_hp_gain":0,"max_hp_loss":0,"event_name":"Golden Shrine","floor":4,"gold_loss":0}],"is_beta":false,"boss_relics":[],"items_purged_floors":[],"is_endless":false,"potions_floor_spawned":[1,2,3,6],"killed_by":"3 Sentries","ascension_level":20}}