{"host":"x4juqxtivqd4pvh0","time":1609998344,"event":{"mods":["AchievementEnabler","BaseMod","Colored Map","Colored Powertips","Googly Eyes","Minty Spire (QoL Compilation)","Rare Cards Sparkle","Shop Mod","SuperFastMode"],"gold_per_floor":[113,113,126,74,74,74,90,44,44,44,103,118,118,138,138,235,285,302,42,104,154,222,222,272,272,272,340,390,406,423,72,72,72,72],"floor_reached":33,"playtime":2157,"items_purged":[],"score":287,"play_id":"336fcf83-9daf-42c9-95c9-5f6e6dc57809","local_time":"20210107161544","is_ascension_mode":false,"campfire_choices":[{"data":"Anger","floor":6,"key":"SMITH"},{"data":"Flex","floor":10,"key":"SMITH"},{"floor":15,"key":"REST"},{"floor":23,"key":"REST"},{"floor":25,"key":"REST"},{"floor":32,"key":"REST"}],"circlet_count":0,"master_deck":["Strike_R","Strike_R","Strike_R","Strike_R","Strike_R","Defend_R","Defend_R","Defend_R+1","Defend_R+1","Cleave","Rupture","Perfected Strike","Anger+1","Twin Strike","Flex+1","Clash","Intimidate+1","Impervious+1","Hemokinesis","Intimidate+1","Seeing Red+1","Armaments+1","Anger","Flex+1","Rage+1","Anger","Ghostly Armor+1"],"relics":["Burning Blood","Ice Cream","Strawberry","SsserpentHead","Tiny House","Toxic Egg 2","War Paint","Sundial","Bottled Tornado","Red Skull","Vajra"],"acts_visited":["Exordium","TheCity"],"potions_floor_usage":[11,14,20,22,33,33],"damage_taken":[{"damage":0,"enemies":"2 Louse","floor":1,"turns":3},{"damage":5,"enemies":"Cultist","floor":3,"turns":4},{"damage":1,"enemies":"Jaw Worm","floor":7,"turns":3},{"damage":28,"enemies":"Lagavulin Event","floor":11,"turns":5},{"damage":6,"enemies":"Large Slime","floor":12,"turns":3},{"damage":14,"enemies":"Blue Slaver","floor":14,"turns":3},{"damage":84,"enemies":"The Guardian","floor":16,"turns":12},{"damage":21,"enemies":"Spheric Guardian","floor":18,"turns":4},{"damage":9,"enemies":"2 Thieves","floor":20,"turns":4},{"damage":65,"enemies":"Cultist and Chosen","floor":22,"turns":8},{"damage":17,"enemies":"Snake Plant","floor":27,"turns":5},{"damage":25,"enemies":"Sentry and Sphere","floor":29,"turns":6},{"damage":62,"enemies":"Cultist and Chosen","floor":30,"turns":7},{"damage":73,"enemies":"Automaton","floor":33,"turns":6}],"seed_played":"7554032358888746923","potions_obtained":[{"floor":3,"key":"DistilledChaos"},{"floor":11,"key":"FairyPotion"},{"floor":14,"key":"Fruit Juice"},{"floor":17,"key":"SneckoOil"},{"floor":18,"key":"EssenceOfSteel"},{"floor":20,"key":"Ancient Potion"},{"floor":29,"key":"Ancient Potion"}],"is_trial":false,"path_per_floor":["M","?","M","$","?","R","M","$","T","R","?","M","?","M","R","B",null,"M","$","M","?","M","R","T","R","T","M","T","M","M","$","R","B"],"character_chosen":"IRONCLAD","items_purchased":["Anger","Flex","Toxic Egg 2","Intimidate+1","Anger","Ghostly Armor+1","Red Skull","Vajra"],"campfire_rested":4,"item_purchase_floors":[4,8,19,19,31,31,31,31],"current_hp_per_floor":[80,80,80,80,85,85,85,85,85,85,70,70,70,67,96,18,102,87,87,84,84,25,55,55,85,85,74,74,55,29,29,59,0,0],"gold":72,"neow_bonus":"TRANSFORM_CARD","is_daily":false,"chose_seed":false,"campfire_upgraded":2,"win_rate":0.0,"timestamp":1609998344,"path_taken":["M","?","?","?","?","R","M","$","T","R","?","?","?","M","R","BOSS","M","?","?","?","?","R","?","R","T","?","?","M","M","?","R","BOSS"],"items_purchased_type":["Card","Card","Relic","Card","Card","Card","Relic","Relic"],"build_version":"2020-12-22","purchased_purges":0,"victory":false,"max_hp_per_floor":[80,80,80,80,85,85,85,85,85,85,92,92,92,97,97,97,102,102,102,102,102,102,102,102,102,102,102,102,102,102,102,102,102,102],"card_choices":[{"not_picked":["True Grit","Wild Strike"],"picked":"Cleave","floor":1},{"not_picked":["Wild Strike","Cleave"],"picked":"Perfected Strike","floor":3},{"not_picked":["Pummel","Armaments"],"picked":"Twin Strike","floor":7},{"not_picked":["Shrug It Off","Uppercut"],"picked":"Clash","floor":12},{"not_picked":["Barricade","Pummel"],"picked":"Intimidate","floor":14},{"not_picked":["Limit Break","Barricade"],"picked":"Impervious","floor":16},{"not_picked":["True Grit","Iron Wave"],"picked":"Hemokinesis","floor":17},{"not_picked":["Havoc+1","True Grit","Dark Embrace+1"],"picked":"SKIP","floor":18},{"not_picked":["Dropkick","Thunderclap+1"],"picked":"Seeing Red+1","floor":20},{"not_picked":["Havoc+1","Whirlwind+1"],"picked":"Armaments+1","floor":22},{"not_picked":["Rage+1","Perfected Strike"],"picked":"Anger","floor":27},{"not_picked":["Clash","True Grit+1"],"picked":"Flex+1","floor":29},{"not_picked":["Cleave","Thunderclap+1"],"picked":"Rage+1","floor":30}],"player_experience":59417,"relics_obtained":[{"floor":9,"key":"Ice Cream"},{"floor":11,"key":"Strawberry"},{"floor":24,"key":"War Paint"},{"floor":26,"key":"Sundial"},{"floor":28,"key":"Bottled Tornado"}],"event_choices":[{"damage_healed":0,"gold_gain":0,"cards_transformed":["Thunderclap"],"player_choice":"Transformed","damage_taken":0,"max_hp_gain":0,"max_hp_loss":0,"event_name":"Transmorgrifier","floor":2,"gold_loss":0,"cards_obtained":["Rupture"]},{"damage_healed":0,"gold_gain":0,"player_choice":"Donut","damage_taken":0,"max_hp_gain":5,"max_hp_loss":0,"event_name":"Big Fish","floor":5,"gold_loss":0},{"damage_healed":0,"gold_gain":0,"player_choice":"Searched \u00271\u0027 times","damage_taken":0,"max_hp_gain":0,"max_hp_loss":0,"event_name":"Dead Adventurer","floor":11,"gold_loss":0},{"damage_healed":0,"gold_gain":0,"player_choice":"Trade","damage_taken":0,"relics_obtained":["SsserpentHead"],"max_hp_gain":0,"max_hp_loss":0,"event_name":"FaceTrader","floor":13,"gold_loss":0},{"damage_healed":0,"gold_gain":0,"player_choice":"Forge","damage_taken":0,"max_hp_gain":0,"max_hp_loss":0,"event_name":"Accursed Blacksmith","floor":21,"gold_loss":0,"cards_upgraded":["Impervious"]}],"is_beta":false,"boss_relics":[{"not_picked":["Snecko Eye","Mark of Pain"],"picked":"Tiny House"}],"items_purged_floors":[],"is_endless":false,"potions_floor_spawned":[3,11,14,18,20,29],"killed_by":"Automaton","ascension_level":0}}