{"host":"2pt9f5ojqg0apn28","time":1609984478,"event":{"mods":["AchievementEnabler","BaseMod","Better Altar","Better Match","Better Note","Better Sensory Stone","Better Skull","Better Third Choice","Colored Map","Colored Powertips","Downfall","Hubris","Infinite Spire","Minty Spire (QoL Compilation)","Replay The Spire","StSLib"],"gold_per_floor":[115,115,115,115,132,161,177,177,177,177,198,198,233,83,83,204,204,222,242,242,142,142,142,173,173,173,213,213,231,231,247,247,367,367,391,391,452,465,484,520,103,117,117,152,218,256,256,274,274,274],"floor_reached":51,"playtime":2140,"items_purged":["Regret","Languid","Shame"],"score":789,"play_id":"8c15d31b-65d6-470e-b900-e349d5ffb2e7","local_time":"20210107065438","is_ascension_mode":true,"campfire_choices":[{"data":"Armaments","floor":10,"key":"SMITH"},{"data":"Bludgeon","floor":15,"key":"SMITH"},{"data":"Berserk","floor":23,"key":"SMITH"},{"data":"Sword Boomerang","floor":25,"key":"SMITH"},{"floor":30,"key":"REST"},{"data":"Demon Form","floor":32,"key":"SMITH"},{"floor":47,"key":"REST"},{"data":"TalkToTheHand","floor":49,"key":"SMITH"}],"circlet_count":0,"master_deck":["Strike_R","Strike_R+1","Strike_R","Strike_R","Defend_R+1","Defend_R+1","Defend_R+1","Defend_R+1","Bash","Twin Strike","TalkToTheHand+1","Bludgeon+1","Armaments+1","Flex","Sword Boomerang+1","Sword Boomerang","Infernal Blade","Berserk+1","Overencumbered","ReplayTheSpireMod:Muscle Training","Iron Wave+1","Demon Form+1","ReplayTheSpireMod:Haul","Pummel+1","Twin Strike"],"relics":["Burning Blood","NeowsBlessing","Oddly Smooth Stone","Anchor","hubris:CuriousFeather","Golden Idol","infinitespire:EmpoweringShard","Replay:Bottled Snecko","Chameleon Ring","Replay:Ancient Bell","King of Hearts","Snack Pack","Thread and Needle","hubris:Towel","hubris:Icosahedron","infinitespire:BottledMercury","Pen Nib","Replay:Bottled Eggs","Busted Crown","Onion Ring","hubris:Metronome","Another Sword","Letter Opener","Whetstone","Du-Vu Doll","hubris:DeckOfHolding"],"acts_visited":["Exordium","TheCity","TheBeyond"],"potions_floor_usage":[16,50,50,50],"damage_taken":[{"damage":0,"enemies":"Jaw Worm","floor":1,"turns":1},{"damage":0,"enemies":"Cultist","floor":5,"turns":1},{"damage":0,"enemies":"Replay:BlueRogue","floor":6,"turns":1},{"damage":2,"enemies":"2 Louse","floor":7,"turns":3},{"damage":16,"enemies":"Large Slime","floor":11,"turns":5},{"damage":4,"enemies":"Gremlin Nob","floor":13,"turns":4},{"damage":9,"enemies":"The Guardian","floor":16,"turns":6},{"damage":0,"enemies":"Chosen","floor":18,"turns":3},{"damage":6,"enemies":"Shell Parasite","floor":19,"turns":3},{"damage":36,"enemies":"Slavers","floor":24,"turns":5},{"damage":9,"enemies":"Replay:Snechameleon","floor":27,"turns":5},{"damage":20,"enemies":"Centurion and Healer","floor":29,"turns":4},{"damage":1,"enemies":"Sentry and Sphere","floor":31,"turns":3},{"damage":13,"enemies":"Champ","floor":33,"turns":8},{"damage":0,"enemies":"Orb Walker","floor":35,"turns":2},{"damage":4,"enemies":"3 Shapes","floor":38,"turns":2},{"damage":0,"enemies":"Transient","floor":39,"turns":5},{"damage":0,"enemies":"R_Hoarder","floor":40,"turns":4},{"damage":5,"enemies":"Jaw Worm Horde","floor":42,"turns":4},{"damage":20,"enemies":"Nemesis","floor":44,"turns":3},{"damage":12,"enemies":"2 Orb Walkers","floor":45,"turns":3},{"damage":6,"enemies":"R_Hoarder","floor":46,"turns":4},{"damage":0,"enemies":"Sphere and 2 Shapes","floor":48,"turns":3},{"damage":35,"enemies":"Replay:Hell Engine","floor":50,"turns":6}],"seed_played":"7919215744846317655","potions_obtained":[{"floor":5,"key":"Strength Potion"},{"floor":11,"key":"DistilledChaos"},{"floor":16,"key":"champ:CounterPotion"},{"floor":24,"key":"Block Potion"}],"is_trial":false,"path_per_floor":["M","?","?","?","M","E","M","?","T","R","M","?","E","$","R","B",null,"M","M","?","$","?","R","E","R","T","E","?","M","R","M","R","B",null,"M","?","?","M","M","E","$","M","T","E","?","E","R","M","R","B",null],"character_chosen":"IRONCLAD","items_purchased":["Infernal Blade","Another Sword"],"campfire_rested":2,"item_purchase_floors":[14,41],"current_hp_per_floor":[80,64,64,64,70,76,80,60,60,60,50,50,52,52,52,49,80,80,80,80,80,80,80,52,52,52,53,37,25,49,56,56,57,80,80,59,39,43,55,63,63,68,68,58,54,58,80,80,80,56],"gold":274,"neow_bonus":"THREE_ENEMY_KILL","is_daily":false,"chose_seed":false,"campfire_upgraded":6,"win_rate":0.0,"timestamp":1609984478,"path_taken":["M","?","?","?","?","E","M","?","T","R","M","?","E","$","R","BOSS","M","M","?","$","?","R","E","R","T","E","?","M","R","M","R","BOSS","M","?","?","M","M","E","$","M","T","E","?","E","R","M","R","BOSS"],"items_purchased_type":["Card","Relic"],"build_version":"2020-12-22","purchased_purges":3,"victory":true,"max_hp_per_floor":[80,80,80,80,80,80,80,80,80,80,80,80,80,80,80,80,80,80,80,80,80,80,80,80,80,80,80,80,80,80,80,80,80,80,80,80,80,80,80,80,80,80,80,80,80,80,80,80,80,80],"card_choices":[{"not_picked":["ReplayTheSpireMod:Limb From Limb","Heavy Blade"],"picked":"Twin Strike","floor":1},{"not_picked":["Blood for Blood","Wild Strike"],"picked":"Armaments","floor":5},{"not_picked":["Power Through","Shockwave"],"picked":"Flex","floor":6},{"not_picked":["Warcry","hubris:ReadiedAction","Intimidate"],"picked":"SKIP","floor":7},{"not_picked":["Run Through","Rupture"],"picked":"Sword Boomerang","floor":11},{"not_picked":["Body Slam","Anger"],"picked":"Sword Boomerang","floor":13},{"not_picked":["Immolate","hubris:StunningStrike"],"picked":"Berserk","floor":16},{"not_picked":["hubris:Lust","hubris:Sloth"],"picked":"Shame","floor":17},{"not_picked":["ReplayTheSpireMod:Faulty Equipment","hubris:Gluttony"],"picked":"Languid","floor":17},{"not_picked":["hubris:Envy","Amnesia"],"picked":"Overencumbered","floor":17},{"not_picked":["Shrug It Off+1","Sever Soul"],"picked":"ReplayTheSpireMod:Muscle Training","floor":18},{"not_picked":["Battle Trance","Anger+1","Perfected Strike"],"picked":"SKIP","floor":19},{"not_picked":["Flex","Burning Pact"],"picked":"Iron Wave","floor":24},{"not_picked":["Searing Blow","Wild Strike+1","Pommel Strike+1"],"picked":"SKIP","floor":27},{"not_picked":["Ghostly Armor+1","ReplayTheSpireMod:Corrosion Curse+1","Wild Strike"],"picked":"SKIP","floor":29},{"not_picked":["Whirlwind+1","Searing Blow+1","Shrug It Off"],"picked":"SKIP","floor":31},{"not_picked":["Warcry"],"picked":"SKIP","floor":35},{"not_picked":["infinitespire:Oblivion","infinitespire:FinalStrike"],"picked":"ReplayTheSpireMod:Haul","floor":36},{"not_picked":[],"picked":"Pummel+1","floor":37},{"not_picked":["Dark Embrace"],"picked":"SKIP","floor":38},{"not_picked":["Thunderclap"],"picked":"SKIP","floor":39},{"not_picked":["Pommel Strike+1"],"picked":"SKIP","floor":40},{"not_picked":[],"picked":"Twin Strike","floor":42},{"not_picked":["Headbutt+1"],"picked":"SKIP","floor":44},{"not_picked":["Thunderclap+1"],"picked":"SKIP","floor":46},{"not_picked":["True Grit"],"picked":"SKIP","floor":48}],"player_experience":71689,"relics_obtained":[{"floor":6,"key":"hubris:CuriousFeather"},{"floor":9,"key":"infinitespire:EmpoweringShard"},{"floor":12,"key":"Replay:Bottled Snecko"},{"floor":13,"key":"Chameleon Ring"},{"floor":24,"key":"infinitespire:BottledMercury"},{"floor":26,"key":"Pen Nib"},{"floor":27,"key":"Replay:Bottled Eggs"},{"floor":37,"key":"Onion Ring"},{"floor":40,"key":"hubris:Metronome"},{"floor":43,"key":"Letter Opener"},{"floor":44,"key":"Whetstone"},{"floor":45,"key":"Du-Vu Doll"},{"floor":46,"key":"hubris:DeckOfHolding"}],"event_choices":[{"damage_healed":0,"gold_gain":0,"player_choice":"Box","damage_taken":0,"relics_obtained":["Anchor"],"max_hp_gain":0,"max_hp_loss":0,"event_name":"Big Fish","floor":3,"gold_loss":0,"cards_obtained":["Regret"]},{"damage_healed":0,"gold_gain":0,"cards_transformed":["Strike_R"],"player_choice":"Transformed","damage_taken":0,"max_hp_gain":0,"max_hp_loss":0,"event_name":"Transmorgrifier","floor":4,"gold_loss":0,"cards_obtained":["Bludgeon"]},{"damage_healed":0,"gold_gain":0,"player_choice":"Take Damage","damage_taken":20,"relics_obtained":["Golden Idol"],"max_hp_gain":0,"max_hp_loss":0,"event_name":"Golden Idol","floor":8,"gold_loss":0},{"damage_healed":0,"gold_gain":2,"player_choice":"2","damage_taken":0,"max_hp_gain":0,"max_hp_loss":16,"event_name":"betterStone:BetterStone","floor":28,"gold_loss":0},{"damage_healed":0,"gold_gain":0,"player_choice":"Fight","damage_taken":0,"max_hp_gain":0,"max_hp_loss":0,"event_name":"Mysterious Sphere","floor":45,"gold_loss":0}],"is_beta":false,"boss_relics":[{"not_picked":["Replay:Wanted Poster","infinitespire:Cupcake"],"picked":"Replay:Ancient Bell"},{"not_picked":["hubris:ToyBattleship","Grinning Jar"],"picked":"King of Hearts"},{"not_picked":["ReplayTheSpireMod:Ninjato","hubris:PeanutButter"],"picked":"Snack Pack"},{"not_picked":["Old Coin","Replay:Towering Pillar of Hats"],"picked":"Thread and Needle"},{"not_picked":["Electric Blood","Kintsugi"],"picked":"Busted Crown"}],"items_purged_floors":[14,21,41],"is_endless":false,"potions_floor_spawned":[5,11,16,24,29,31,33,39,45,46,48],"ascension_level":1}}