{"host":"j45ucdvl5ntpx4kf","time":1609985904,"event":{"mods":["AchievementEnabler","BaseMod","Colored Map","Colored Powertips","Minty Spire (QoL Compilation)","StSLib"],"gold_per_floor":[117,117,131,151,151,151,25,50,50,63,63,16,33,33,33,138,138,154,174,207,225,23,23,48,48,48,48,59,71,71,99,99,196,196,212,229,229,246,262,262,294,50,50,50,68,80,80,90,90,90,90,90,41,76,76,76],"floor_reached":55,"playtime":2679,"items_purged":["Dualcast"],"score":871,"play_id":"c116d121-73b5-4848-8562-b51aa5c75bba","local_time":"20210106211824","is_ascension_mode":true,"campfire_choices":[{"data":"Reprogram","floor":6.0,"key":"SMITH"},{"floor":11.0,"key":"REST"},{"data":"Hologram","floor":15.0,"key":"SMITH"},{"data":"Reprogram","floor":23.0,"key":"SMITH"},{"floor":25.0,"key":"REST"},{"data":"Rip and Tear","floor":30.0,"key":"SMITH"},{"data":"Whirlwind","floor":32.0,"key":"SMITH"},{"data":"Master of Strategy","floor":40.0,"key":"SMITH"},{"floor":49,"key":"RECALL"},{"data":"Go for the Eyes","floor":52,"key":"SMITH"}],"circlet_count":0,"master_deck":["Defend_B","Defend_B","Defend_B","Defend_B+1","Reprogram+1","Reprogram+1","Hologram+1","Go for the Eyes+1","Rip and Tear+1","Conserve Battery","White Noise+1","Go for the Eyes+1","FTL+1","Self Repair","Conserve Battery","Steam","Steam+1","PiercingWail+1","Thunderclap","Whirlwind+1","Panache","Cloak And Dagger+1","Blade Dance+1","Master of Strategy+1","Conserve Battery+1","FlyingSleeves+1","Reprogram+1","Bandage Up+1","Parasite","Bandage Up"],"relics":["Cracked Core","Symbiotic Virus","Pear","Akabeko","Astrolabe","Red Mask","PrismaticShard","War Paint","PreservedInsect","Eternal Feather","Runic Dome","Nunchaku","Bottled Lightning","Bottled Flame"],"acts_visited":["Exordium","TheCity","TheBeyond","TheEnding"],"potions_floor_usage":[45,48,50,55,55,55],"damage_taken":[{"damage":3.0,"enemies":"2 Louse","floor":1.0,"turns":2.0},{"damage":7.0,"enemies":"Jaw Worm","floor":3.0,"turns":6.0},{"damage":0.0,"enemies":"Cultist","floor":4.0,"turns":4.0},{"damage":31.0,"enemies":"Gremlin Nob","floor":8.0,"turns":5.0},{"damage":9.0,"enemies":"3 Louse","floor":10.0,"turns":4.0},{"damage":7.0,"enemies":"2 Fungi Beasts","floor":13.0,"turns":3.0},{"damage":38.0,"enemies":"Slime Boss","floor":16.0,"turns":12.0},{"damage":2.0,"enemies":"Shell Parasite","floor":18.0,"turns":5.0},{"damage":6.0,"enemies":"Spheric Guardian","floor":19.0,"turns":4.0},{"damage":17.0,"enemies":"Masked Bandits","floor":20.0,"turns":5.0},{"damage":23.0,"enemies":"Shelled Parasite and Fungi","floor":21.0,"turns":6.0},{"damage":20.0,"enemies":"Gremlin Leader","floor":24.0,"turns":9.0},{"damage":0.0,"enemies":"Centurion and Healer","floor":28.0,"turns":8.0},{"damage":0.0,"enemies":"Snake Plant","floor":29.0,"turns":5.0},{"damage":0.0,"enemies":"Book of Stabbing","floor":31.0,"turns":6.0},{"damage":12.0,"enemies":"Champ","floor":33.0,"turns":13.0},{"damage":0.0,"enemies":"Orb Walker","floor":35.0,"turns":3.0},{"damage":17.0,"enemies":"3 Darklings","floor":36.0,"turns":4.0},{"damage":18.0,"enemies":"Maw","floor":38.0,"turns":6.0},{"damage":21.0,"enemies":"Transient","floor":39.0,"turns":5.0},{"damage":37.0,"enemies":"Reptomancer","floor":41.0,"turns":6.0},{"damage":8,"enemies":"Jaw Worm Horde","floor":45,"turns":3},{"damage":35,"enemies":"Writhing Mass","floor":46,"turns":7},{"damage":0,"enemies":"3 Darklings","floor":48,"turns":2},{"damage":35,"enemies":"Donu and Deca","floor":50,"turns":9},{"damage":83,"enemies":"Shield and Spear","floor":54,"turns":8},{"damage":63,"enemies":"The Heart","floor":55,"turns":3}],"seed_played":"-5178896931319782137","potions_obtained":[{"floor":1.0,"key":"FearPotion"},{"floor":3.0,"key":"GamblersBrew"},{"floor":13.0,"key":"EntropicBrew"},{"floor":19.0,"key":"EssenceOfSteel"},{"floor":21.0,"key":"Ancient Potion"},{"floor":24.0,"key":"Explosive Potion"},{"floor":41.0,"key":"FocusPotion"},{"floor":46,"key":"Block Potion"},{"floor":54,"key":"LiquidBronze"}],"is_trial":false,"path_per_floor":["M","?","M","M","?","R","$","E","T","M","R","$","M","?","R","B",null,"M","M","?","M","$","R","E","R","T","?","M","M","R","E","R","B",null,"M","M","?","M","M","R","E","$","T","?","M","M","?","M","R","B",null,"R","$","E","B"],"character_chosen":"DEFECT","items_purchased":["Go for the Eyes","Conserve Battery","PrismaticShard","Steam","Bottled Lightning","Swift Potion"],"campfire_rested":2,"item_purchase_floors":[7,12,22,22,42,53],"current_hp_per_floor":[79,79,72,72,77,77,77,46,56,47,76,76,69,62,62,24,97,95,89,79,63,63,63,50,79,79,107,107,107,107,107,107,95,107,107,97,97,86,72,87,57,57,57,57,56,34,34,34,49,27,107,107,107,37,0,0],"gold":76,"neow_bonus":"TEN_PERCENT_HP_BONUS","is_daily":false,"chose_seed":false,"campfire_upgraded":7,"win_rate":0.0,"timestamp":1609985904,"path_taken":["M","?","M","M","?","R","?","E","T","?","R","$","M","?","R","BOSS","M","M","?","M","$","R","E","R","T","?","M","M","R","E","R","BOSS","M","?","?","M","M","R","E","$","T","?","?","M","?","M","R","BOSS","R","$","E","BOSS"],"items_purchased_type":["Card","Card","Relic","Card","Relic","Potion"],"build_version":"2020-12-22","purchased_purges":1,"victory":false,"max_hp_per_floor":[82,82,82,82,87,87,87,87,97,97,97,97,97,97,97,97,97,97,97,97,97,97,97,97,97,97,107,107,107,107,107,107,107,107,107,107,107,107,107,107,107,107,107,107,107,107,107,107,107,107,107,107,107,107,107,107],"card_choices":[{"not_picked":["Hello World","Beam Cell"],"picked":"Reprogram","floor":1.0},{"not_picked":["Undo","Gash"],"picked":"Reprogram","floor":3.0},{"not_picked":["Coolheaded","Barrage"],"picked":"Hologram","floor":4.0},{"not_picked":["Hologram","Sweeping Beam"],"picked":"Rip and Tear","floor":8.0},{"not_picked":["Turbo","Coolheaded","Ball Lightning"],"picked":"SKIP","floor":10.0},{"not_picked":["Redo","Hologram","Cold Snap"],"picked":"SKIP","floor":13.0},{"not_picked":["Fission","Creative AI"],"picked":"Machine Learning","floor":16.0},{"not_picked":["Force Field+1","Doom and Gloom+1","Consume+1"],"picked":"SKIP","floor":18.0},{"not_picked":["Doom and Gloom","Tempest+1"],"picked":"Self Repair","floor":19.0},{"not_picked":["Stack+1","Static Discharge"],"picked":"Conserve Battery","floor":20.0},{"not_picked":["Loop","Ball Lightning+1"],"picked":"Steam","floor":21.0},{"not_picked":["Heatsinks","Study"],"picked":"PiercingWail+1","floor":24.0},{"not_picked":["Second Wind","All Out Attack"],"picked":"Thunderclap","floor":28.0},{"not_picked":["Chill","Heel Hook","Defragment"],"picked":"SKIP","floor":29.0},{"not_picked":["FollowUp","Eviscerate"],"picked":"Whirlwind","floor":31.0},{"not_picked":["Meteor Strike","Biased Cognition"],"picked":"Panache","floor":33.0},{"not_picked":["Deflect","Havoc+1"],"picked":"Cloak And Dagger+1","floor":35.0},{"not_picked":["Whirlwind","Body Slam"],"picked":"Blade Dance+1","floor":36.0},{"not_picked":["Chrysalis","Sadistic Nature"],"picked":"Master of Strategy","floor":37.0},{"not_picked":["Headbutt","SignatureMove+1"],"picked":"Conserve Battery+1","floor":38.0},{"not_picked":["Beam Cell","Barrage+1"],"picked":"FlyingSleeves+1","floor":39.0},{"not_picked":["Turbo+1","Evaluate","Deadly Poison+1"],"picked":"SKIP","floor":41.0},{"not_picked":["Static Discharge","Chill+1"],"picked":"Bandage Up+1","floor":45},{"not_picked":["PiercingWail+1","Choke+1","Establishment"],"picked":"SKIP","floor":46},{"not_picked":["Power Through+1","Rebound","Go for the Eyes"],"picked":"SKIP","floor":48},{"not_picked":["EmptyMind+1","Dramatic Entrance"],"picked":"Bandage Up","floor":54}],"player_experience":134629,"relics_obtained":[{"floor":8.0,"key":"Symbiotic Virus"},{"floor":9.0,"key":"Pear"},{"floor":20.0,"key":"Red Mask"},{"floor":24.0,"key":"War Paint"},{"floor":26.0,"key":"PreservedInsect"},{"floor":31.0,"key":"Eternal Feather"},{"floor":41.0,"key":"Nunchaku"},{"floor":54,"key":"Bottled Flame"}],"event_choices":[{"cards_removed":["Zap"],"damage_healed":0.0,"max_hp_gain":0.0,"max_hp_loss":0.0,"gold_gain":0.0,"event_name":"Living Wall","player_choice":"Forget","floor":2.0,"gold_loss":0.0,"damage_taken":0.0},{"damage_healed":0.0,"max_hp_gain":5.0,"max_hp_loss":0.0,"gold_gain":0.0,"event_name":"Big Fish","player_choice":"Donut","floor":5.0,"gold_loss":0.0,"damage_taken":0.0},{"damage_healed":0.0,"max_hp_gain":0.0,"max_hp_loss":0.0,"gold_gain":0.0,"event_name":"Scrap Ooze","player_choice":"Success","floor":14.0,"gold_loss":0.0,"damage_taken":7.0,"relics_obtained":["Akabeko"]},{"damage_healed":0.0,"max_hp_gain":0.0,"max_hp_loss":0.0,"gold_gain":0.0,"event_name":"Masked Bandits","player_choice":"Fought Bandits","floor":20.0,"gold_loss":0.0,"damage_taken":0.0},{"cards_removed":["Machine Learning"],"damage_healed":18.0,"max_hp_gain":10.0,"max_hp_loss":0.0,"gold_gain":0.0,"event_name":"Bonfire Elementals","player_choice":"Offered Rare","floor":27.0,"gold_loss":0.0,"damage_taken":0.0},{"damage_healed":0.0,"max_hp_gain":0.0,"max_hp_loss":0.0,"gold_gain":0.0,"event_name":"SensoryStone","player_choice":"Memory 1","floor":37.0,"gold_loss":0.0,"damage_taken":0.0},{"damage_healed":0,"gold_gain":0,"player_choice":"Copied","damage_taken":0,"max_hp_gain":0,"max_hp_loss":0,"event_name":"Duplicator","floor":44,"gold_loss":0,"cards_obtained":["Reprogram"]},{"cards_removed":["Strike_B"],"damage_healed":0,"gold_gain":0,"player_choice":"Card Removal","damage_taken":0,"max_hp_gain":0,"max_hp_loss":0,"event_name":"Wheel of Change","floor":47,"gold_loss":0}],"is_beta":false,"boss_relics":[{"not_picked":["FrozenCore","Empty Cage"],"picked":"Astrolabe"},{"not_picked":["Inserter","Snecko Eye"],"picked":"Runic Dome"}],"items_purged_floors":[7],"is_endless":false,"potions_floor_spawned":[1,3,13,19,21,24,35,41,46,54],"killed_by":"The Heart","ascension_level":3}}