{"host":"o0q01dgb4z8zpo6o","time":1609985981,"event":{"mods":["BaseMod","GifTheSpireLib","Minty Spire (QoL Compilation)","Relic Stats","StSLib"],"gold_per_floor":[114,133,133,149,149,149,164,192,217,217,251,262,262,272,272,348,348,362,8,18,18,43,43,43],"floor_reached":23,"playtime":1152,"items_purged":["Strike_B"],"score":382,"play_id":"2a64cbb4-cfa6-4ec8-a381-77eff772e8b9","local_time":"20210106181941","is_ascension_mode":true,"campfire_choices":[{"data":"Coolheaded","floor":6,"key":"SMITH"},{"floor":10,"key":"REST"},{"data":"Loop","floor":15,"key":"SMITH"}],"circlet_count":0,"master_deck":["AscendersBane","Strike_B","Defend_B","Defend_B","Defend_B","Defend_B","Zap","Dualcast","Coolheaded+1","Compile Driver","Sweeping Beam","Leap","Cold Snap","White Noise","Cold Snap","Loop+1","Creative AI","Melter+1","Self Repair","Barrage","Glacier+1"],"relics":["Velvet Choker","Happy Flower","Juzu Bracelet","Nunchaku","Emotion Chip","Nuclear Battery","Runic Capacitor","Red Mask"],"acts_visited":["Exordium","TheCity"],"potions_floor_usage":[8,11,16,22,22,23],"damage_taken":[{"damage":5,"enemies":"Small Slimes","floor":1,"turns":4},{"damage":4,"enemies":"2 Louse","floor":2,"turns":2},{"damage":1,"enemies":"Cultist","floor":4,"turns":3},{"damage":10,"enemies":"Exordium Wildlife","floor":7,"turns":4},{"damage":5,"enemies":"3 Sentries","floor":8,"turns":4},{"damage":7,"enemies":"Lagavulin","floor":11,"turns":8},{"damage":7,"enemies":"3 Louse","floor":12,"turns":3},{"damage":3,"enemies":"2 Fungi Beasts","floor":14,"turns":4},{"damage":10,"enemies":"Hexaghost","floor":16,"turns":13},{"damage":19,"enemies":"2 Thieves","floor":18,"turns":4},{"damage":0,"enemies":"Spheric Guardian","floor":20,"turns":3},{"damage":17,"enemies":"Masked Bandits","floor":22,"turns":3},{"damage":6,"enemies":"Slavers","floor":23,"turns":3}],"seed_played":"3794470672481812791","potions_obtained":[{"floor":4,"key":"PowerPotion"},{"floor":7,"key":"AttackPotion"},{"floor":8,"key":"FearPotion"},{"floor":16,"key":"PowerPotion"},{"floor":22,"key":"Explosive Potion"}],"is_trial":false,"path_per_floor":["M","M","?","M","?","R","M","E","T","R","E","M","?","M","R","B",null,"M","$","M","?","?","E"],"character_chosen":"DEFECT","items_purchased":["Runic Capacitor","Self Repair","DistilledChaos"],"campfire_rested":1,"item_purchase_floors":[19,19,19],"current_hp_per_floor":[59,55,37,36,36,36,26,21,21,42,35,28,21,18,18,8,55,36,36,43,23,6,0,0],"gold":43,"neow_bonus":"BOSS_RELIC","is_daily":false,"chose_seed":false,"campfire_upgraded":2,"win_rate":0.0,"timestamp":1609985981,"path_taken":["M","M","?","M","?","R","M","E","T","R","E","M","?","M","R","BOSS","M","$","M","?","?","E"],"items_purchased_type":["Relic","Card","Potion"],"build_version":"2020-12-22","purchased_purges":1,"victory":false,"max_hp_per_floor":[71,71,71,71,71,71,71,71,71,71,71,71,71,71,71,71,71,71,71,71,76,76,76,76],"relic_stats":{"Nunchaku":[8],"Emotion Chip":[33,9,21,0,3],"Happy Flower":[17],"counters":[13,58],"Juzu Bracelet":1,"obtain_stats":[{"Nunchaku":9,"Emotion Chip":11,"Happy Flower":3,"Velvet Choker":0,"Juzu Bracelet":8,"Runic Capacitor":19,"Red Mask":22,"Cracked Core":0,"Nuclear Battery":17},{"Nunchaku":5,"Emotion Chip":6,"Happy Flower":2,"Velvet Choker":0,"Juzu Bracelet":5,"Runic Capacitor":10,"Red Mask":12,"Cracked Core":0,"Nuclear Battery":9},{"Nunchaku":17,"Emotion Chip":25,"Happy Flower":6,"Velvet Choker":0,"Juzu Bracelet":17,"Runic Capacitor":49,"Red Mask":55,"Cracked Core":0,"Nuclear Battery":45}]},"card_choices":[{"not_picked":["Rebound","Chill"],"picked":"Coolheaded","floor":1},{"not_picked":["Barrage","Redo"],"picked":"Compile Driver","floor":2},{"not_picked":["Barrage","Multi-Cast"],"picked":"Sweeping Beam","floor":4},{"not_picked":["Barrage","FTL"],"picked":"Leap","floor":7},{"not_picked":["Turbo","Chill"],"picked":"Cold Snap","floor":8},{"not_picked":["Go for the Eyes","Consume"],"picked":"White Noise","floor":11},{"not_picked":["Steam","Hologram"],"picked":"Cold Snap","floor":12},{"not_picked":["Cold Snap","Coolheaded"],"picked":"Loop","floor":14},{"not_picked":["Reboot","Core Surge"],"picked":"Creative AI","floor":16},{"not_picked":["Sunder","Undo"],"picked":"Melter+1","floor":18},{"not_picked":["Hologram","Force Field"],"picked":"Barrage","floor":20},{"not_picked":["Barrage+1","Conserve Battery"],"picked":"Glacier+1","floor":22}],"player_experience":1048997,"relics_obtained":[{"floor":8,"key":"Juzu Bracelet"},{"floor":9,"key":"Nunchaku"},{"floor":11,"key":"Emotion Chip"},{"floor":22,"key":"Red Mask"}],"event_choices":[{"damage_healed":0,"gold_gain":0,"player_choice":"Success","damage_taken":18,"relics_obtained":["Happy Flower"],"max_hp_gain":0,"max_hp_loss":0,"event_name":"Scrap Ooze","floor":3,"gold_loss":0},{"cards_removed":["Strike_B"],"damage_healed":0,"gold_gain":0,"player_choice":"Offered Basic","damage_taken":0,"max_hp_gain":0,"max_hp_loss":0,"event_name":"Bonfire Elementals","floor":5,"gold_loss":0},{"cards_removed":["Strike_B"],"damage_healed":0,"gold_gain":0,"player_choice":"Card Removal","damage_taken":7,"max_hp_gain":0,"max_hp_loss":0,"event_name":"Golden Wing","floor":13,"gold_loss":0},{"damage_healed":0,"gold_gain":0,"player_choice":"Shed Blood","damage_taken":25,"max_hp_gain":5,"max_hp_loss":0,"event_name":"Forgotten Altar","floor":21,"gold_loss":0},{"damage_healed":0,"gold_gain":0,"player_choice":"Fought Bandits","damage_taken":0,"max_hp_gain":0,"max_hp_loss":0,"event_name":"Masked Bandits","floor":22,"gold_loss":0}],"is_beta":false,"boss_relics":[{"not_picked":["Black Star","Runic Dome"],"picked":"Nuclear Battery"}],"items_purged_floors":[19],"is_endless":false,"potions_floor_spawned":[4,7,8,16,22],"killed_by":"Slavers","ascension_level":18}}