{"host":"ozvy9c5r52m8pnda","time":1609983837,"event":{"mods":["AchievementEnabler","BaseMod","Colored Map","Colored Powertips","Minty Spire (QoL Compilation)","SuperFastMode"],"gold_per_floor":[115,129,129,40,53,26,26,51,51,51,85,85,117,292,292,389,389,407,407,407,418,158,158,208,208,208],"floor_reached":25,"playtime":860,"items_purged":["Strike_R+1"],"score":237,"play_id":"1b3d0452-9e53-42c0-ba40-2fab8fb7009e","local_time":"20210107084357","is_ascension_mode":true,"campfire_choices":[{"data":"Double Tap","floor":10,"key":"SMITH"},{"floor":15,"key":"REST"},{"data":"Bludgeon","floor":23,"key":"SMITH"}],"circlet_count":0,"master_deck":["Strike_R+1","Strike_R+1","Strike_R+1","Defend_R+1","Defend_R+1","Defend_R+1","Bash","Twin Strike","Forethought","Inflame","Flex","Double Tap+1","Rupture","Seeing Red+1","Bludgeon+1","Ghostly Armor+1","True Grit+1","Whirlwind","Evolve","Flex+1"],"relics":["Burning Blood","NeowsBlessing","Letter Opener","Mango","Matryoshka","Ornamental Fan","Toxic Egg 2","Empty Cage","Smiling Mask"],"acts_visited":["Exordium","TheCity"],"potions_floor_usage":[16,16,16,16,21],"damage_taken":[{"damage":0,"enemies":"Cultist","floor":1,"turns":1},{"damage":0,"enemies":"Jaw Worm","floor":2,"turns":1},{"damage":0,"enemies":"2 Louse","floor":5,"turns":1},{"damage":31,"enemies":"Lagavulin","floor":8,"turns":5},{"damage":31,"enemies":"3 Sentries","floor":11,"turns":8},{"damage":32,"enemies":"Gremlin Nob","floor":13,"turns":4},{"damage":75,"enemies":"Hexaghost","floor":16,"turns":10},{"damage":24,"enemies":"Spheric Guardian","floor":18,"turns":4},{"damage":18,"enemies":"3 Byrds","floor":21,"turns":4},{"damage":70,"enemies":"Centurion and Healer","floor":25,"turns":6}],"seed_played":"6502072975977976557","potions_obtained":[{"floor":1,"key":"PowerPotion"},{"floor":2,"key":"EntropicBrew"},{"floor":16,"key":"Strength Potion"},{"floor":18,"key":"LiquidMemories"}],"is_trial":false,"path_per_floor":["M","M","?","$","M","$","T","E","T","R","E","?","E","?","R","B",null,"M","?","?","M","$","R","?","M"],"character_chosen":"IRONCLAD","items_purchased":["Forethought","Flex","Whirlwind","Evolve","Flex+1"],"campfire_rested":1,"item_purchase_floors":[4,6,22,22,22],"current_hp_per_floor":[80,80,80,80,80,80,80,69,69,69,44,75,49,49,77,8,94,76,76,76,64,64,64,64,0,0],"gold":208,"neow_bonus":"THREE_ENEMY_KILL","is_daily":false,"chose_seed":false,"campfire_upgraded":2,"win_rate":0.0,"timestamp":1609983837,"path_taken":["M","?","?","$","M","$","?","E","T","R","E","?","E","?","R","BOSS","M","?","?","M","$","R","?","M"],"items_purchased_type":["Card","Card","Card","Card","Card"],"build_version":"2020-12-22","purchased_purges":1,"victory":false,"max_hp_per_floor":[80,80,80,80,80,80,80,94,94,94,94,94,94,94,94,94,94,94,94,94,94,94,94,94,94,94],"card_choices":[{"not_picked":["Dark Embrace","Twin Strike","True Grit"],"picked":"SKIP","floor":1},{"not_picked":["Burning Pact","Clothesline"],"picked":"Twin Strike","floor":2},{"not_picked":["Clash","Thunderclap"],"picked":"Inflame","floor":5},{"not_picked":["Perfected Strike","Fire Breathing"],"picked":"Double Tap","floor":8},{"not_picked":["Rampage","Warcry"],"picked":"Rupture","floor":11},{"not_picked":["Anger","Cleave"],"picked":"Seeing Red+1","floor":13},{"not_picked":["Feed","Fiend Fire"],"picked":"Bludgeon","floor":16},{"not_picked":["Havoc+1","Cleave"],"picked":"Ghostly Armor+1","floor":18},{"not_picked":["Inflame","Thunderclap+1"],"picked":"True Grit+1","floor":21}],"player_experience":204627,"relics_obtained":[{"floor":7,"key":"Letter Opener"},{"floor":8,"key":"Mango"},{"floor":9,"key":"Matryoshka"},{"floor":11,"key":"Ornamental Fan"},{"floor":13,"key":"Toxic Egg 2"}],"event_choices":[{"cards_removed":["Defend_R"],"damage_healed":0,"gold_gain":0,"player_choice":"Offered Basic","damage_taken":0,"max_hp_gain":0,"max_hp_loss":0,"event_name":"Bonfire Elementals","floor":3,"gold_loss":0},{"damage_healed":31,"gold_gain":0,"player_choice":"Banana","damage_taken":0,"max_hp_gain":0,"max_hp_loss":0,"event_name":"Big Fish","floor":12,"gold_loss":0},{"damage_healed":0,"gold_gain":175,"player_choice":"AGREE","damage_taken":0,"max_hp_gain":0,"max_hp_loss":0,"event_name":"Liars Game","floor":14,"gold_loss":0,"cards_obtained":["Doubt"]},{"damage_healed":0,"gold_gain":0,"player_choice":"Simplicity","damage_taken":0,"max_hp_gain":0,"max_hp_loss":0,"event_name":"Back to Basics","floor":19,"gold_loss":0,"cards_upgraded":["Strike_R","Strike_R","Strike_R","Strike_R","Defend_R","Defend_R","Defend_R"]},{"damage_healed":0,"gold_gain":0,"player_choice":"Opened","damage_taken":0,"relics_obtained":["Smiling Mask"],"max_hp_gain":0,"max_hp_loss":0,"event_name":"The Mausoleum","floor":20,"gold_loss":0},{"damage_healed":0,"gold_gain":100,"player_choice":"Bet on Murderer","damage_taken":0,"max_hp_gain":0,"max_hp_loss":0,"event_name":"The Joust","floor":24,"gold_loss":50}],"is_beta":false,"boss_relics":[{"not_picked":["Black Star","Sozu"],"picked":"Empty Cage"}],"items_purged_floors":[22],"is_endless":false,"potions_floor_spawned":[1,2,16,18],"killed_by":"Centurion and Healer","ascension_level":2}}