{"host":"pwh3ruj8vqn9s5j7","time":1609988475,"event":{"mods":["BaseMod","Colored Powertips","Downfall","Highlight Path","Marisa£®ÏF”Í°°ƒß¿Ì…≥£©","Minty Spire (QoL Compilation)","StSLib"],"gold_per_floor":[99,99,115,115,132,7,7,32,51,64,14,42,42,42,61,61,61,61],"floor_reached":16,"playtime":704,"items_purged":[],"score":110,"play_id":"6df113af-0506-4e51-a112-0f6d49d26fc0","local_time":"20210107110115","is_ascension_mode":false,"campfire_choices":[{"floor":1,"key":"RECALL"},{"data":"Slimebound:Split","floor":6,"key":"SMITH"},{"data":"Slimebound:SpikyOuterGoop","floor":11,"key":"SMITH"},{"data":"Slimebound:SpikyOuterGoop","floor":13,"key":"SMITH"}],"circlet_count":0,"master_deck":["Slimebound:Strike_Slimebound","Slimebound:Strike_Slimebound","Slimebound:Strike_Slimebound","Slimebound:Tackle","Slimebound:Defend_Slimebound","Slimebound:Defend_Slimebound","Slimebound:Defend_Slimebound","Slimebound:Defend_Slimebound","Slimebound:Split+1","Slimebound:CorrosiveSpit","Slimebound:SpikyOuterGoop+1","Slimebound:SplitAcid","Slimebound:SpikyOuterGoop+1","Slimebound:Repurpose","Slimebound:Repurpose","expansioncontent:DarkVoid","Slimebound:MassFeed"],"relics":["Slimebound:AbsorbEndCombat","Slimebound:GreedOozeRelic","Oddly Smooth Stone","downfall:HeartBlessingRed","Bronze Scales","Regal Pillow"],"acts_visited":["Exordium"],"potions_floor_usage":[12,16],"damage_taken":[{"damage":5,"enemies":"Jaw Worm","floor":3,"turns":4},{"damage":4,"enemies":"Small Slimes","floor":5,"turns":3},{"damage":29,"enemies":"3 Sentries","floor":8,"turns":6},{"damage":8,"enemies":"Cultist","floor":9,"turns":3},{"damage":19,"enemies":"Blue Slaver","floor":10,"turns":3},{"damage":20,"enemies":"Lagavulin","floor":12,"turns":5},{"damage":8,"enemies":"Exordium Wildlife","floor":15,"turns":3},{"damage":71,"enemies":"downfall:Defect","floor":16,"turns":8}],"seed_played":"6906380494990504410","potions_obtained":[{"floor":3,"key":"Swift Potion"},{"floor":8,"key":"AttackPotion"},{"floor":10,"key":"BlessingOfTheForge"},{"floor":12,"key":"Swift Potion"}],"is_trial":false,"path_per_floor":["R","?","M","?","M","R","T","E","M","M","R","E","R","?","M","B"],"character_chosen":"SLIMEBOUND","items_purchased":[],"campfire_rested":0,"item_purchase_floors":[],"current_hp_per_floor":[66,66,66,59,61,61,61,44,48,45,45,47,47,47,53,0,0,0],"gold":61,"neow_bonus":"TEN_PERCENT_HP_BONUS","is_daily":false,"chose_seed":false,"campfire_upgraded":3,"win_rate":0.0,"timestamp":1609988475,"path_taken":["R","?","M","?","M","R","T","E","M","M","R","E","R","?","M","BOSS"],"items_purchased_type":[],"build_version":"2020-12-22","purchased_purges":0,"victory":false,"max_hp_per_floor":[66,66,66,66,66,66,66,66,66,66,66,66,66,66,66,66,66,66],"card_choices":[{"not_picked":["Slimebound:PressTheAttack","Slimebound:HauntingLick","Slimebound:FinishingTackle"],"picked":"SKIP","floor":3},{"not_picked":["Slimebound:FlameTackle","Slimebound:SamplingLick"],"picked":"Slimebound:SpikyOuterGoop","floor":5},{"not_picked":["Slimebound:DouseInSlime","Slimebound:SlimeSpikes"],"picked":"Slimebound:SplitAcid","floor":8},{"not_picked":["Slimebound:SplitAcid","Slimebound:SlimeSpikes"],"picked":"Slimebound:SpikyOuterGoop","floor":9},{"not_picked":["Slimebound:SplitBruiser","Slimebound:FinishingTackle"],"picked":"Slimebound:Repurpose","floor":10},{"not_picked":["Slimebound:SplitBruiser","Slimebound:Schlurp"],"picked":"Slimebound:Repurpose","floor":12},{"not_picked":["Slimebound:ForwardTackle","Slimebound:SplitBruiser"],"picked":"Slimebound:MassFeed","floor":15}],"player_experience":14630,"relics_obtained":[{"floor":8,"key":"Bronze Scales"},{"floor":12,"key":"Regal Pillow"}],"event_choices":[{"damage_healed":0,"gold_gain":0,"player_choice":"Success","damage_taken":7,"relics_obtained":["Oddly Smooth Stone"],"max_hp_gain":0,"max_hp_loss":0,"event_name":"Scrap Ooze","floor":4,"gold_loss":0}],"is_beta":false,"boss_relics":[],"items_purged_floors":[],"is_endless":false,"potions_floor_spawned":[3,8,10,12],"killed_by":"downfall:Defect","ascension_level":0}}