{"host":"h4390p13uu6iw1q5","time":1609986484,"event":{"mods":["BaseMod","Colored Map","Minty Spire (QoL Compilation)"],"gold_per_floor":[114,129,144,159,174,204,204,234,259,274,274,449,464,494,494,594,594,609,609,69,84,99,99,129,129,129,144,159,174,189,209,209,318,318,333,348,363,378,737,737,752,752,752,791,791,806,821,836,836,836],"floor_reached":51,"playtime":2582,"items_purged":["Doubt"],"score":854,"play_id":"b494695b-ceb0-498c-82ff-9427644075d1","local_time":"20210106212804","daily_mods":["SealedDeck","Vintage","Lethality"],"is_ascension_mode":false,"campfire_choices":[{"data":"MentalFortress","floor":7,"key":"SMITH"},{"data":"FearNoEvil","floor":11,"key":"SMITH"},{"data":"Conclude","floor":15,"key":"SMITH"},{"data":"FlyingSleeves","floor":23,"key":"SMITH"},{"data":"Protect","floor":25,"key":"SMITH"},{"data":"Establishment","floor":32,"key":"SMITH"},{"data":"Tantrum","floor":40,"key":"SMITH"},{"data":"1","floor":42,"key":"LIFT"},{"data":"2","floor":45,"key":"LIFT"},{"data":"3","floor":49,"key":"LIFT"}],"circlet_count":0,"master_deck":["BowlingBash+1","Protect+1","Protect","EmptyFist+1","Conclude+1","MentalFortress+1","Halt","Crescendo","Crescendo","Adaptation","Adaptation","FearNoEvil+1","Swivel+1","Establishment+1","InnerPeace+1","FlyingSleeves+1","Violence+1","Finesse+1","DeceiveReality+1","Blasphemy+1","Devotion","Tantrum+1","CarveReality+1"],"relics":["PureWater","TeardropLocket","Shuriken","Bronze Scales","Matryoshka","Mercury Hourglass","Vajra","Toxic Egg 2","MealTicket","Potion Belt","Meat on the Bone","Incense Burner","Happy Flower","Philosopher\u0027s Stone","Mummified Hand","Anchor","Blood Vial","Question Card","Smiling Mask","CeramicFish","The Courier","HornCleat","Lizard Tail","Pen Nib","Red Mask","VioletLotus","Ornamental Fan","Bottled Tornado","Pear","Frozen Egg 2","Old Coin","Girya","Yang","Whetstone","Bottled Lightning","Dream Catcher","Letter Opener"],"acts_visited":["Exordium","TheCity","TheBeyond"],"potions_floor_usage":[6,16,24,37,39,44,50,50,50],"damage_taken":[{"damage":14,"enemies":"Jaw Worm","floor":1,"turns":2},{"damage":0,"enemies":"2 Louse","floor":2,"turns":2},{"damage":0,"enemies":"Cultist","floor":3,"turns":3},{"damage":0,"enemies":"Looter","floor":4,"turns":3},{"damage":0,"enemies":"Large Slime","floor":5,"turns":3},{"damage":9,"enemies":"Gremlin Nob","floor":6,"turns":3},{"damage":3,"enemies":"3 Sentries","floor":8,"turns":5},{"damage":0,"enemies":"Gremlin Gang","floor":10,"turns":2},{"damage":9,"enemies":"3 Louse","floor":13,"turns":2},{"damage":5,"enemies":"Gremlin Nob","floor":14,"turns":3},{"damage":7,"enemies":"Hexaghost","floor":16,"turns":6},{"damage":0,"enemies":"Chosen","floor":18,"turns":3},{"damage":0,"enemies":"Spheric Guardian","floor":21,"turns":2},{"damage":0,"enemies":"Centurion and Healer","floor":22,"turns":4},{"damage":3,"enemies":"Gremlin Leader","floor":24,"turns":3},{"damage":3,"enemies":"Snecko","floor":27,"turns":3},{"damage":0,"enemies":"Sentry and Sphere","floor":28,"turns":3},{"damage":0,"enemies":"Centurion and Healer","floor":29,"turns":3},{"damage":8,"enemies":"Chosen and Byrds","floor":30,"turns":2},{"damage":0,"enemies":"Masked Bandits","floor":31,"turns":2},{"damage":0,"enemies":"Automaton","floor":33,"turns":6},{"damage":0,"enemies":"Orb Walker","floor":35,"turns":3},{"damage":0,"enemies":"3 Darklings","floor":36,"turns":1},{"damage":0,"enemies":"Maw","floor":37,"turns":4},{"damage":6,"enemies":"4 Shapes","floor":38,"turns":5},{"damage":0,"enemies":"Mind Bloom Boss Battle","floor":39,"turns":5},{"damage":0,"enemies":"Sphere and 2 Shapes","floor":41,"turns":2},{"damage":8,"enemies":"Reptomancer","floor":44,"turns":4},{"damage":16,"enemies":"3 Darklings","floor":46,"turns":3},{"damage":0,"enemies":"Jaw Worm Horde","floor":47,"turns":1},{"damage":0,"enemies":"4 Shapes","floor":48,"turns":3},{"damage":25,"enemies":"Time Eater","floor":50,"turns":5}],"seed_played":"8350349167999303424","potions_obtained":[{"floor":2,"key":"BlessingOfTheForge"},{"floor":6,"key":"FearPotion"},{"floor":10,"key":"FairyPotion"},{"floor":14,"key":"DuplicationPotion"},{"floor":18,"key":"StancePotion"},{"floor":28,"key":"LiquidMemories"},{"floor":29,"key":"BlessingOfTheForge"},{"floor":37,"key":"DuplicationPotion"},{"floor":44,"key":"PowerPotion"},{"floor":47,"key":"Explosive Potion"}],"is_trial":false,"path_per_floor":["M","M","M","M","M","E","R","E","T","M","R","?","M","E","R","B",null,"M","?","$","M","M","R","E","R","T","M","M","M","M","?","R","B",null,"M","M","M","M","?","R","M","R","T","E","R","M","M","M","R","B",null],"character_chosen":"WATCHER","items_purchased":["InnerPeace+1","FlyingSleeves","Violence+1","Finesse+1","DeceiveReality+1","Block Potion"],"campfire_rested":0,"item_purchase_floors":[20,20,20,20,20,20],"current_hp_per_floor":[58,58,58,58,58,49,49,46,46,46,46,46,37,44,44,37,72,72,72,72,72,72,72,69,69,69,68,70,72,64,66,66,68,72,72,72,82,76,78,78,80,80,80,74,74,60,62,64,64,53],"gold":836,"neow_bonus":"","is_daily":true,"chose_seed":false,"campfire_upgraded":7,"win_rate":0.0,"timestamp":1609986484,"path_taken":["M","M","M","M","M","E","R","E","T","M","R","?","M","E","R","BOSS","M","?","$","M","M","R","E","R","T","M","M","M","M","?","R","BOSS","M","M","M","M","?","R","M","R","T","E","R","M","M","M","R","BOSS"],"items_purchased_type":["Card","Card","Card","Card","Card","Potion"],"build_version":"2020-12-22","purchased_purges":1,"victory":true,"max_hp_per_floor":[72,72,72,72,72,72,72,72,72,72,72,72,72,72,72,72,72,72,72,72,72,72,72,72,72,72,72,72,72,72,72,72,72,72,72,72,82,82,82,82,82,82,82,82,82,82,82,82,82,82],"card_choices":[{"not_picked":["CutThroughFate","EmptyFist"],"picked":"Adaptation","floor":6},{"not_picked":["DeceiveReality+1","PathToVictory+1"],"picked":"FearNoEvil","floor":8},{"not_picked":["Halt+1","EmptyBody+1"],"picked":"Swivel+1","floor":14},{"not_picked":["DeusExMachina+1","Alpha+1"],"picked":"Establishment","floor":16},{"not_picked":["PathToVictory+1","FlyingSleeves"],"picked":"Blasphemy+1","floor":24},{"not_picked":["LessonLearned","Ragnarok","Judgement+1"],"picked":"Devotion","floor":33},{"not_picked":["EmptyBody+1","CrushJoints","Protect+1"],"picked":"Tantrum","floor":39},{"not_picked":["Crescendo+1","Conclude+1","Evaluate+1"],"picked":"CarveReality+1","floor":44}],"player_experience":2406077,"relics_obtained":[{"floor":1,"key":"TeardropLocket"},{"floor":2,"key":"Shuriken"},{"floor":3,"key":"Bronze Scales"},{"floor":4,"key":"Matryoshka"},{"floor":5,"key":"Mercury Hourglass"},{"floor":6,"key":"Vajra"},{"floor":8,"key":"Toxic Egg 2"},{"floor":9,"key":"MealTicket"},{"floor":9,"key":"Potion Belt"},{"floor":10,"key":"Meat on the Bone"},{"floor":13,"key":"Incense Burner"},{"floor":14,"key":"Happy Flower"},{"floor":18,"key":"Mummified Hand"},{"floor":21,"key":"Anchor"},{"floor":22,"key":"Blood Vial"},{"floor":24,"key":"Question Card"},{"floor":26,"key":"Smiling Mask"},{"floor":26,"key":"CeramicFish"},{"floor":27,"key":"The Courier"},{"floor":28,"key":"HornCleat"},{"floor":29,"key":"Lizard Tail"},{"floor":30,"key":"Pen Nib"},{"floor":31,"key":"Red Mask"},{"floor":35,"key":"Ornamental Fan"},{"floor":36,"key":"Bottled Tornado"},{"floor":37,"key":"Pear"},{"floor":38,"key":"Frozen Egg 2"},{"floor":39,"key":"Old Coin"},{"floor":41,"key":"Girya"},{"floor":43,"key":"Yang"},{"floor":44,"key":"Whetstone"},{"floor":46,"key":"Bottled Lightning"},{"floor":47,"key":"Dream Catcher"},{"floor":48,"key":"Letter Opener"}],"event_choices":[{"damage_healed":0,"gold_gain":175,"player_choice":"AGREE","damage_taken":0,"max_hp_gain":0,"max_hp_loss":0,"event_name":"Liars Game","floor":12,"gold_loss":0,"cards_obtained":["Doubt"]},{"damage_healed":0,"gold_gain":0,"player_choice":"Ignored","damage_taken":0,"max_hp_gain":0,"max_hp_loss":0,"event_name":"Ghosts","floor":19,"gold_loss":0},{"damage_healed":0,"gold_gain":0,"player_choice":"Fought Bandits","damage_taken":0,"max_hp_gain":0,"max_hp_loss":0,"event_name":"Masked Bandits","floor":31,"gold_loss":0},{"damage_healed":0,"gold_gain":0,"player_choice":"Fight","damage_taken":0,"max_hp_gain":0,"max_hp_loss":0,"event_name":"MindBloom","floor":39,"gold_loss":0}],"is_beta":false,"boss_relics":[{"not_picked":["Busted Crown","Sozu"],"picked":"Philosopher\u0027s Stone"},{"not_picked":["SlaversCollar","Velvet Choker"],"picked":"VioletLotus"}],"items_purged_floors":[20],"is_endless":false,"potions_floor_spawned":[2,6,10,14,18,28,29,30,31,36,37,44,47,48],"ascension_level":0}}