{"host":"dv93mabv568wiefh","time":1609995601,"event":{"mods":["BaseMod","Hermit","Hubris","Infinite Spire","Marisa????????","Minty Spire (QoL Compilation)","Replay The Spire","StSLib","The Construct"],"gold_per_floor":[117,117,117,195,216,216,234,270,296,329,345,345,167,86,86,210,210,231,249,263,173,173,173],"floor_reached":22,"playtime":2166,"items_purged":["hermit:Strike_Hermit"],"score":194,"play_id":"baf0b7a6-869c-4e65-b744-fe25afbbe8e9","local_time":"20210107000001","is_ascension_mode":false,"campfire_choices":[{"floor":6,"key":"REST"},{"data":"hermit:TakeAim","floor":12,"key":"SMITH"},{"floor":15,"key":"REST"}],"circlet_count":0,"master_deck":["hermit:Strike_Hermit","hermit:Strike_Hermit","hermit:Strike_Hermit","hermit:Defend_Hermit","hermit:Defend_Hermit","hermit:Defend_Hermit","hermit:Defend_Hermit","hermit:Snapshot","hermit:Maintenance","hermit:Roulette","hermit:Dive","hermit:Reprieve","hermit:Snipe","hermit:CalledShot","hermit:TakeAim+1","hermit:Headshot","hermit:Glare+1","hermit:BigShot","hermit:Virtue","hermit:Magnum+1","hermit:FullyLoaded","hermit:Feint+1"],"relics":["infinitespire:DarkRift","infinitespire:Cubic Diamond","Golden Idol","infinitespire:FocusingShard","PreservedInsect","Toy Ornithopter","Blue Doll","Fusion Hammer"],"acts_visited":["Exordium","TheCity"],"potions_floor_usage":[10,16,16],"damage_taken":[{"damage":0,"enemies":"2 Louse","floor":1,"turns":4},{"damage":5,"enemies":"Small Slimes","floor":5,"turns":4},{"damage":2,"enemies":"Cultist","floor":7,"turns":4},{"damage":28,"enemies":"Lagavulin","floor":8,"turns":7},{"damage":3,"enemies":"3 Sentries","floor":10,"turns":10},{"damage":13,"enemies":"Red Slaver","floor":11,"turns":7},{"damage":57,"enemies":"Hexaghost","floor":16,"turns":11},{"damage":38,"enemies":"2 Thieves","floor":18,"turns":4},{"damage":2,"enemies":"Chosen","floor":19,"turns":5},{"damage":40,"enemies":"3 Cultists","floor":20,"turns":7},{"damage":2,"enemies":"Snake Plant","floor":22,"turns":1}],"seed_played":"2693321862713180659","potions_obtained":[{"floor":5,"key":"PowerPotion"},{"floor":7,"key":"Swift Potion"},{"floor":11,"key":"Toxic Potion"}],"is_trial":false,"path_per_floor":["M","?","?","?","M","R","M","E","T","E","M","R","$","$","R","B",null,"M","M","M","?","M"],"character_chosen":"HERMIT","items_purchased":["hermit:Headshot","hermit:Glare+1","hermit:BigShot","hermit:Virtue"],"campfire_rested":2,"item_purchase_floors":[13,13,13,14],"current_hp_per_floor":[82,82,62,62,57,81,79,51,51,53,50,50,50,50,74,27,82,44,42,2,2,0,0],"gold":173,"neow_bonus":"TEN_PERCENT_HP_BONUS","is_daily":false,"chose_seed":false,"campfire_upgraded":1,"win_rate":0.0,"timestamp":1609995601,"path_taken":["M","?","?","?","M","R","M","E","T","E","?","R","?","$","R","BOSS","M","M","M","?","?"],"items_purchased_type":["Card","Card","Card","Card"],"build_version":"2020-12-22","purchased_purges":1,"victory":false,"max_hp_per_floor":[82,82,82,82,82,82,82,82,82,82,82,82,82,82,82,82,82,82,82,82,82,82,82],"card_choices":[{"not_picked":["hermit:Headshot","hermit:Glare"],"picked":"hermit:Maintenance","floor":1},{"not_picked":["hermit:HoleUp","hermit:Horror"],"picked":"hermit:Roulette","floor":4},{"not_picked":["hermit:Coalescence","hermit:Misfire"],"picked":"hermit:Dive","floor":4},{"not_picked":["hermit:Snipe","hermit:Gestalt"],"picked":"hermit:Reprieve","floor":5},{"not_picked":["hermit:TrackingShot","hermit:Misfire"],"picked":"hermit:Snipe","floor":7},{"not_picked":["hermit:ItchyTrigger","hermit:Ricochet"],"picked":"hermit:CalledShot","floor":8},{"not_picked":["hermit:Shortfuse","hermit:PistolWhip"],"picked":"hermit:TakeAim","floor":10},{"not_picked":["hermit:Dissolve","hermit:Vantage","hermit:Midnight"],"picked":"SKIP","floor":11},{"not_picked":["hermit:RoundhouseKick","hermit:Roughhouse"],"picked":"hermit:Magnum","floor":16},{"not_picked":["hermit:Roulette","hermit:Misfire","hermit:Virtue"],"picked":"SKIP","floor":18},{"not_picked":["hermit:Roulette+1","hermit:Midnight"],"picked":"hermit:FullyLoaded","floor":19},{"not_picked":["hermit:GoldenBullet","hermit:Coalescence+1"],"picked":"hermit:Feint+1","floor":20}],"player_experience":875251,"relics_obtained":[{"floor":4,"key":"infinitespire:FocusingShard"},{"floor":8,"key":"PreservedInsect"},{"floor":9,"key":"Toy Ornithopter"},{"floor":10,"key":"Blue Doll"}],"event_choices":[{"damage_healed":0,"gold_gain":0,"player_choice":"Take Damage","damage_taken":20,"relics_obtained":["Golden Idol"],"max_hp_gain":0,"max_hp_loss":0,"event_name":"Golden Idol","floor":3,"gold_loss":0},{"cards_removed":["hermit:Covet"],"damage_healed":0,"gold_gain":0,"player_choice":"Upgrade and Remove","damage_taken":0,"max_hp_gain":0,"max_hp_loss":0,"event_name":"Designer","floor":21,"gold_loss":90,"cards_upgraded":["hermit:Magnum"]}],"is_beta":false,"boss_relics":[{"not_picked":["Empty Cage","Ring of Chaos"],"picked":"Fusion Hammer"}],"items_purged_floors":[13],"is_endless":false,"potions_floor_spawned":[5,7,11],"killed_by":"Snake Plant","ascension_level":0}}