{"host":"nsxzlb359hv0da5z","time":1609999354,"event":{"mods":["BaseMod","Bestiary","Colored Map","Minty Spire (QoL Compilation)","Permanent Neow","Relic Stats","Slay the Relics Exporter","ojb\u0027s Info Mod"],"gold_per_floor":[115,190,207,217,107,137,114,126,162,174,215,237,249,273,285,373,385,414,426,116,116,135,462,462,462,462,493,493,511,522,555,555,629,629,642,642,642,655,284,319,330,339,339,339,363,363,380,415,415,415,415,415,415,141,183,183],"floor_reached":57,"playtime":8477,"items_purged":["Strike_G","Strike_G","Strike_G"],"score":3081,"play_id":"a46e309b-92c8-498f-82e0-ad77bd720c16","local_time":"20210106220234","is_ascension_mode":true,"campfire_choices":[{"data":"Skewer","floor":8.0,"key":"SMITH"},{"data":"Bouncing Flask","floor":10.0,"key":"SMITH"},{"data":"Noxious Fumes","floor":15.0,"key":"SMITH"},{"data":"Footwork","floor":24.0,"key":"SMITH"},{"data":"Acrobatics","floor":28.0,"key":"SMITH"},{"data":"Catalyst","floor":32.0,"key":"SMITH"},{"data":"Wraith Form v2","floor":44.0,"key":"SMITH"},{"floor":46.0,"key":"RECALL"},{"data":"Ghostly","floor":49.0,"key":"SMITH"},{"data":"Acrobatics","floor":53.0,"key":"SMITH"}],"circlet_count":0,"master_deck":["AscendersBane","Defend_G","Defend_G","Defend_G","Defend_G","Defend_G+1","Survivor+1","Neutralize+1","Poisoned Stab+1","Bouncing Flask+1","Sucker Punch","Skewer+1","Noxious Fumes+1","Acrobatics+1","Crippling Poison","Malaise","Backflip","Ghostly+1","Ghostly","Ghostly","Footwork+1","Escape Plan","All Out Attack","Leg Sweep","PiercingWail","Backflip","Dodge and Roll","Catalyst+1","Wraith Form v2+1","Acrobatics+1","Catalyst+1","Catalyst+1","PiercingWail"],"relics":["Velvet Choker","MawBank","Orichalcum","Nunchaku","Black Star","War Paint","Old Coin","InkBottle","Sundial","Bronze Scales","Happy Flower","Bird Faced Urn","Blue Candle","Coffee Dripper","Bag of Preparation","CeramicFish","Incense Burner","Dream Catcher","Smiling Mask","Anchor","Whetstone","Bag of Marbles"],"acts_visited":["Exordium","TheCity","TheBeyond","TheEnding"],"potions_floor_usage":[56,56,56,56],"damage_taken":[{"damage":0.0,"enemies":"2 Louse","floor":1.0,"turns":4.0},{"damage":0.0,"enemies":"Small Slimes","floor":3.0,"turns":3.0},{"damage":2.0,"enemies":"Jaw Worm","floor":4.0,"turns":3.0},{"damage":8.0,"enemies":"Gremlin Nob","floor":6.0,"turns":3.0},{"damage":16.0,"enemies":"Lagavulin","floor":11.0,"turns":6.0},{"damage":0.0,"enemies":"2 Fungi Beasts","floor":12.0,"turns":3.0},{"damage":4.0,"enemies":"Lots of Slimes","floor":14.0,"turns":3.0},{"damage":27.0,"enemies":"The Guardian","floor":16.0,"turns":7.0},{"damage":8.0,"enemies":"Shell Parasite","floor":18.0,"turns":6.0},{"damage":0.0,"enemies":"Chosen","floor":22.0,"turns":6.0},{"damage":0.0,"enemies":"Gremlin Leader","floor":23.0,"turns":7.0},{"damage":7.0,"enemies":"Slavers","floor":27.0,"turns":7.0},{"damage":0.0,"enemies":"Snake Plant","floor":29.0,"turns":3.0},{"damage":5.0,"enemies":"Shelled Parasite and Fungi","floor":30.0,"turns":6.0},{"damage":8.0,"enemies":"Book of Stabbing","floor":31.0,"turns":6.0},{"damage":12.0,"enemies":"Automaton","floor":33.0,"turns":9.0},{"damage":0.0,"enemies":"3 Shapes","floor":35.0,"turns":6.0},{"damage":0.0,"enemies":"3 Darklings","floor":38.0,"turns":4.0},{"damage":0.0,"enemies":"Reptomancer","floor":40.0,"turns":7.0},{"damage":0.0,"enemies":"Jaw Worm Horde","floor":41.0,"turns":6.0},{"damage":0.0,"enemies":"Spire Growth","floor":45.0,"turns":3.0},{"damage":0.0,"enemies":"Maw","floor":47.0,"turns":6.0},{"damage":0.0,"enemies":"Nemesis","floor":48.0,"turns":5.0},{"damage":0.0,"enemies":"Time Eater","floor":50.0,"turns":6.0},{"damage":8.0,"enemies":"Awakened One","floor":51.0,"turns":14.0},{"damage":1.0,"enemies":"Shield and Spear","floor":55.0,"turns":10.0},{"damage":0,"enemies":"The Heart","floor":56,"turns":5}],"seed_played":"4671040914539135868","potions_obtained":[{"floor":1.0,"key":"GamblersBrew"},{"floor":4.0,"key":"ColorlessPotion"},{"floor":6.0,"key":"AttackPotion"},{"floor":12.0,"key":"Weak Potion"},{"floor":23.0,"key":"FearPotion"},{"floor":27.0,"key":"Poison Potion"},{"floor":29.0,"key":"Fire Potion"},{"floor":31.0,"key":"BlessingOfTheForge"},{"floor":35.0,"key":"FearPotion"},{"floor":38.0,"key":"Dexterity Potion"},{"floor":41.0,"key":"FearPotion"}],"is_trial":false,"path_per_floor":["M","?","M","M","$","E","?","R","T","R","E","M","?","M","R","B",null,"M","?","$","?","M","E","R","?","T","E","R","M","M","E","R","B",null,"M","?","?","M","$","E","M","?","T","R","M","R","M","E","R","B","B",null,"R","$","E","B",null],"character_chosen":"THE_SILENT","items_purchased":["Sucker Punch","Fire Potion","Footwork","War Paint","Bag of Preparation","EntropicBrew","Anchor","PowerPotion"],"campfire_rested":0,"item_purchase_floors":[5,5,20,20,39,39,54,54],"current_hp_per_floor":[59,48,48,46,46,38,54,54,54,54,38,38,43,39,39,12,56,48,35,35,35,35,35,35,35,35,28,28,28,23,15,15,7,28,32,32,32,35,35,35,35,35,35,35,35,35,35,35,35,35,27,33,33,33,35,35],"gold":183,"neow_bonus":"BOSS_RELIC","is_daily":false,"chose_seed":false,"campfire_upgraded":9,"win_rate":0.0,"timestamp":1609999354,"path_taken":["M","?","M","M","$","E","?","R","T","R","E","M","?","M","R","BOSS","M","?","$","?","M","E","R","?","T","E","R","M","M","E","R","BOSS","M","?","?","?","$","E","M","?","T","R","M","R","M","E","R","BOSS","BOSS","R","$","E","BOSS"],"items_purchased_type":["Card","Potion","Card","Relic","Relic","Potion","Relic","Potion"],"build_version":"2020-12-22","purchased_purges":3,"victory":true,"max_hp_per_floor":[66,66,66,66,66,66,66,66,66,66,66,66,71,71,71,71,71,71,35,35,35,35,35,35,35,35,35,35,35,35,35,35,35,35,35,35,35,35,35,35,35,35,35,35,35,35,35,35,35,35,35,35,35,35,35,35],"relic_stats":{"Happy Flower":[32],"counters":[27,154],"Blue Candle":[0],"CeramicFish":27,"Bag of Preparation":[18],"Whetstone":["Poisoned Stab","Neutralize"],"Orichalcum":[390],"War Paint":["Defend_G","Survivor"],"MawBank":168,"Smiling Mask":75,"Nunchaku":[15],"Dream Catcher":0,"Sundial":[12],"Bronze Scales":[447],"Bird Faced Urn":[14],"Black Star":6,"obtain_stats":[{"Happy Flower":27,"Blue Candle":31,"CeramicFish":40,"Velvet Choker":0,"Bag of Preparation":39,"Incense Burner":40,"Whetstone":55,"Orichalcum":9,"War Paint":20,"MawBank":6,"Smiling Mask":48,"Old Coin":23,"Nunchaku":11,"Dream Catcher":48,"Anchor":54,"Sundial":26,"Bronze Scales":27,"Bird Faced Urn":31,"Black Star":17,"Coffee Dripper":34,"Bag of Marbles":55,"InkBottle":23,"Ring of the Snake":0},{"Happy Flower":12,"Blue Candle":15,"CeramicFish":19,"Velvet Choker":0,"Bag of Preparation":18,"Incense Burner":19,"Whetstone":26,"Orichalcum":4,"War Paint":9,"MawBank":4,"Smiling Mask":23,"Old Coin":11,"Nunchaku":5,"Dream Catcher":23,"Anchor":25,"Sundial":11,"Bronze Scales":12,"Bird Faced Urn":15,"Black Star":8,"Coffee Dripper":16,"Bag of Marbles":26,"InkBottle":11,"Ring of the Snake":0},{"Happy Flower":58,"Blue Candle":73,"CeramicFish":99,"Velvet Choker":0,"Bag of Preparation":92,"Incense Burner":99,"Whetstone":149,"Orichalcum":13,"War Paint":38,"MawBank":13,"Smiling Mask":119,"Old Coin":51,"Nunchaku":19,"Dream Catcher":119,"Anchor":139,"Sundial":51,"Bronze Scales":58,"Bird Faced Urn":73,"Black Star":32,"Coffee Dripper":82,"Bag of Marbles":149,"InkBottle":51,"Ring of the Snake":0}],"InkBottle":[39]},"card_choices":[{"not_picked":["Blur","Endless Agony"],"picked":"Poisoned Stab","floor":1.0},{"not_picked":["Blur","Backflip"],"picked":"Bouncing Flask","floor":3.0},{"not_picked":["Concentrate","Riddle With Holes","Outmaneuver"],"picked":"SKIP","floor":4.0},{"not_picked":["Heel Hook","Prepared"],"picked":"Skewer","floor":6.0},{"not_picked":["Dagger Spray","Infinite Blades"],"picked":"Noxious Fumes","floor":11.0},{"not_picked":["Caltrops","Infinite Blades"],"picked":"Acrobatics","floor":12.0},{"not_picked":["Acrobatics","Calculated Gamble"],"picked":"Crippling Poison","floor":14.0},{"not_picked":["Storm of Steel","Burst"],"picked":"Malaise","floor":16.0},{"not_picked":["Acrobatics","Bane"],"picked":"Backflip","floor":18.0},{"not_picked":["All Out Attack","Blade Dance+1","Infinite Blades"],"picked":"SKIP","floor":22.0},{"not_picked":["Crippling Poison","Die Die Die"],"picked":"Leg Sweep","floor":23.0},{"not_picked":["Prepared","Blade Dance"],"picked":"Backflip","floor":27.0},{"not_picked":["Flying Knee","Acrobatics","Outmaneuver"],"picked":"SKIP","floor":29.0},{"not_picked":["Crippling Poison","Choke"],"picked":"Dodge and Roll","floor":30.0},{"not_picked":["Backflip","Infinite Blades"],"picked":"Catalyst","floor":31.0},{"not_picked":["Phantasmal Killer","Adrenaline"],"picked":"Wraith Form v2","floor":33.0},{"not_picked":["Noxious Fumes","Reflex","Infinite Blades"],"picked":"SKIP","floor":35.0},{"not_picked":["Deflect","Poisoned Stab","Dash"],"picked":"SKIP","floor":38.0},{"not_picked":["Flying Knee","Poisoned Stab+1","Accuracy"],"picked":"SKIP","floor":40.0},{"not_picked":["Flying Knee","Poisoned Stab+1","Accuracy"],"picked":"SKIP","floor":40.0},{"not_picked":["Slice","Backstab","All Out Attack"],"picked":"SKIP","floor":41.0},{"not_picked":["Slice","All Out Attack+1"],"picked":"Catalyst+1","floor":45.0},{"not_picked":["Underhanded Strike","Deadly Poison","Infinite Blades"],"picked":"SKIP","floor":47.0},{"not_picked":["Accuracy+1","Terror","Setup"],"picked":"SKIP","floor":48.0},{"not_picked":["Outmaneuver","Dash"],"picked":"PiercingWail","floor":55.0}],"player_experience":1937312,"relics_obtained":[{"floor":6.0,"key":"MawBank"},{"floor":9.0,"key":"Orichalcum"},{"floor":11.0,"key":"Nunchaku"},{"floor":23.0,"key":"Old Coin"},{"floor":23.0,"key":"InkBottle"},{"floor":26.0,"key":"Sundial"},{"floor":27.0,"key":"Bronze Scales"},{"floor":27.0,"key":"Happy Flower"},{"floor":31.0,"key":"Bird Faced Urn"},{"floor":31.0,"key":"Blue Candle"},{"floor":40.0,"key":"CeramicFish"},{"floor":40.0,"key":"Incense Burner"},{"floor":48.0,"key":"Dream Catcher"},{"floor":48.0,"key":"Smiling Mask"},{"floor":55.0,"key":"Whetstone"},{"floor":55.0,"key":"Bag of Marbles"}],"event_choices":[{"damage_healed":0.0,"max_hp_gain":0.0,"max_hp_loss":0.0,"gold_gain":75.0,"event_name":"World of Goop","player_choice":"Gather Gold","floor":2.0,"gold_loss":0.0,"damage_taken":11.0},{"damage_healed":16.0,"max_hp_gain":0.0,"max_hp_loss":0.0,"gold_gain":0.0,"event_name":"The Cleric","player_choice":"Healed","floor":7.0,"gold_loss":35.0,"damage_taken":0.0},{"damage_healed":0.0,"max_hp_gain":5.0,"max_hp_loss":0.0,"gold_gain":0.0,"event_name":"Big Fish","player_choice":"Donut","floor":13.0,"gold_loss":0.0,"damage_taken":0.0},{"damage_healed":0.0,"max_hp_gain":0.0,"max_hp_loss":36.0,"gold_gain":0.0,"event_name":"Ghosts","player_choice":"Became a Ghost","floor":19.0,"gold_loss":0.0,"damage_taken":0.0,"cards_obtained":["Ghostly","Ghostly","Ghostly"]},{"damage_healed":0.0,"max_hp_gain":0.0,"max_hp_loss":0.0,"gold_gain":0.0,"cards_transformed":["Strike_G","Strike_G"],"event_name":"Drug Dealer","player_choice":"Became Test Subject","floor":21.0,"gold_loss":0.0,"damage_taken":0.0,"cards_obtained":["Escape Plan","All Out Attack"]},{"damage_healed":0.0,"max_hp_gain":0.0,"max_hp_loss":0.0,"gold_gain":0.0,"event_name":"The Library","player_choice":"Read","floor":25.0,"gold_loss":0.0,"damage_taken":0.0,"cards_obtained":["PiercingWail"]},{"damage_healed":0.0,"max_hp_gain":0.0,"max_hp_loss":0.0,"gold_gain":0.0,"event_name":"Tomb of Lord Red Mask","player_choice":"Ignored","floor":36.0,"gold_loss":0.0,"damage_taken":0.0},{"damage_healed":0.0,"max_hp_gain":0.0,"max_hp_loss":0.0,"gold_gain":0.0,"event_name":"Match and Keep!","player_choice":"1 cards matched","floor":37.0,"gold_loss":0.0,"damage_taken":0.0,"cards_obtained":["Acrobatics"]},{"damage_healed":0.0,"max_hp_gain":0.0,"max_hp_loss":0.0,"gold_gain":0.0,"event_name":"Duplicator","player_choice":"Copied","floor":42.0,"gold_loss":0.0,"damage_taken":0.0,"cards_obtained":["Catalyst"]}],"is_beta":false,"boss_relics":[{"not_picked":["HoveringKite","Tiny House"],"picked":"Black Star"},{"not_picked":["SlaversCollar","Empty Cage"],"picked":"Coffee Dripper"}],"items_purged_floors":[20,39,54],"is_endless":false,"potions_floor_spawned":[1,4,6,12,23,27,29,31,35,38,41,48],"ascension_level":20}}