{"host":"v0vmrynbtd2rjg7e","time":1609997645,"event":{"mods":["BaseMod","Downfall","Minty Spire (QoL Compilation)","Shop Mod","StSLib"],"gold_per_floor":[99,274,274,274,274,274,274,274,290,290,315,315,349,363,379,379,379,379],"floor_reached":16,"playtime":1057,"items_purged":[],"score":106,"play_id":"4adb7594-a7d4-4fa0-8372-0622589b5561","local_time":"20210107133405","is_ascension_mode":false,"campfire_choices":[{"floor":1,"key":"RECALL"},{"data":"Guardian:PiercingHide","floor":10,"key":"SMITH"},{"floor":12,"key":"REST"}],"circlet_count":0,"master_deck":["Guardian:Strike_Guardian","Guardian:Strike_Guardian","Guardian:Strike_Guardian","Guardian:Strike_Guardian","Guardian:Defend_Guardian","Guardian:Defend_Guardian","Guardian:Defend_Guardian","Guardian:Defend_Guardian","Guardian:CurlUp","Guardian:TwinSlam","Doubt","Guardian:PiercingHide+1","Guardian:Incinerate","Guardian:EvasiveProtocol","Guardian:GuardianWhirl","Guardian:Gem_Cyan","Guardian:PrismaticBarrier"],"relics":["Guardian:ModeShifter","downfall:HeartsMalice","Eternal Feather","Blood Vial"],"acts_visited":["Exordium"],"potions_floor_usage":[16],"damage_taken":[{"damage":0,"enemies":"Small Slimes","floor":5,"turns":1},{"damage":0,"enemies":"Jaw Worm","floor":6,"turns":1},{"damage":0,"enemies":"2 Louse","floor":8,"turns":1},{"damage":13,"enemies":"Gremlin Gang","floor":9,"turns":6},{"damage":41,"enemies":"3 Sentries","floor":11,"turns":13},{"damage":29,"enemies":"Lagavulin","floor":13,"turns":14},{"damage":1,"enemies":"2 Fungi Beasts","floor":14,"turns":5},{"damage":5,"enemies":"Blue Slaver","floor":15,"turns":5},{"damage":39,"enemies":"downfall:Silent","floor":16,"turns":7}],"seed_played":"2097996995346371422","potions_obtained":[{"floor":9,"key":"SmokeBomb"},{"floor":11,"key":"DuplicationPotion"},{"floor":13,"key":"LiquidMemories"},{"floor":15,"key":"GamblersBrew"}],"is_trial":false,"path_per_floor":["R","?","?","?","M","M","T","M","M","R","E","R","E","M","M","B"],"character_chosen":"GUARDIAN","items_purchased":[],"campfire_rested":1,"item_purchase_floors":[],"current_hp_per_floor":[80,80,85,85,85,85,85,85,72,72,31,65,36,37,34,0,0,0],"gold":379,"neow_bonus":"THREE_ENEMY_KILL","is_daily":false,"chose_seed":false,"campfire_upgraded":1,"win_rate":0.0,"timestamp":1609997645,"path_taken":["R","?","?","?","M","M","T","M","M","R","E","R","E","M","M","BOSS"],"items_purchased_type":[],"build_version":"2020-12-22","purchased_purges":0,"victory":false,"max_hp_per_floor":[80,80,85,85,85,85,85,85,85,85,85,85,85,85,85,85,85,85],"card_choices":[{"not_picked":["Guardian:Suspension","Guardian:Gem_Lightblue"],"picked":"Guardian:Gem_Cyan","floor":5},{"not_picked":["Guardian:Clone","Guardian:CrystalBeam"],"picked":"Guardian:PiercingHide","floor":6},{"not_picked":["Guardian:RefractedBeam","Guardian:Reroute"],"picked":"Guardian:Incinerate","floor":8},{"not_picked":["Guardian:PiercingHide","Guardian:Planning"],"picked":"Guardian:EvasiveProtocol","floor":9},{"not_picked":["Guardian:TimeCapacitor","Guardian:PrismaticBeam"],"picked":"Guardian:Gem_Green","floor":11},{"not_picked":["Guardian:Reroute","Guardian:MultiBeam"],"picked":"Guardian:GuardianWhirl","floor":13},{"not_picked":["Guardian:TimeCapacitor","Guardian:Reroute"],"picked":"Guardian:Gem_Cyan","floor":14},{"not_picked":["Guardian:Gem_Lightblue","Guardian:Gem_Green"],"picked":"Guardian:PrismaticBarrier","floor":15}],"player_experience":23409,"relics_obtained":[{"floor":11,"key":"Eternal Feather"},{"floor":13,"key":"Blood Vial"}],"event_choices":[{"damage_healed":0,"gold_gain":0,"player_choice":"Donut","damage_taken":0,"max_hp_gain":5,"max_hp_loss":0,"event_name":"Big Fish","floor":3,"gold_loss":0}],"is_beta":false,"boss_relics":[],"items_purged_floors":[],"is_endless":false,"potions_floor_spawned":[9,11,13,15],"killed_by":"downfall:Silent","ascension_level":0}}