{"host":"hca6liskeo7s99fa","time":1609981849,"event":{"mods":["BaseMod","Downfall","Hermit","Minty Spire (QoL Compilation)","Replay The Spire","StSLib","The Cursed","The Dragon Tamer","The Servant 0.9.4"],"gold_per_floor":[113,113,113,113,132,132,132,132,132,132,147,147,147,247,247,343,343,363,392,85,10,10,19,0,9,9,9,9],"floor_reached":27,"playtime":3498,"items_purged":[],"score":195,"play_id":"75d6e0e0-bd44-4198-b7b9-eb7b69c76447","local_time":"20210106201049","is_ascension_mode":false,"campfire_choices":[{"data":"Starlight","floor":6,"key":"SMITH"},{"data":"KidneyShot","floor":8,"key":"SMITH"},{"data":"ShiftingGears","floor":10,"key":"PURGE"},{"data":"Luminosity","floor":13,"key":"SMITH"},{"data":"Strike_S","floor":15,"key":"PURGE"},{"data":"Embodiment","floor":23,"key":"SMITH"},{"data":"BestPractice","floor":23,"key":"SMITH"},{"data":"SilverBlades","floor":25,"key":"SMITH"},{"data":"InstantArmor","floor":25,"key":"SMITH"}],"circlet_count":0,"master_deck":["Strike_S","Strike_S","Strike_S","Defend_S","Defend_S","Defend_S+1","Defend_S","KidneyShot+1","Spin","Luminosity+1","Embodiment+1","CurseOfTheBell","BestPractice+1","Rewind","InstantArmor+1","SilverBlades+1"],"relics":["Uniform","WingedGreaves","Peace Pipe","Replay:Grab Bag","MysterySword","Replay:Bronze Core","Calling Bell","CeramicFish","Replay:Bottled Steam","Replay:Arrowhead","Replay:PocketPolymizer","Molten Egg 2"],"acts_visited":["Exordium","TheCity"],"potions_floor_usage":[16,18,27],"damage_taken":[{"damage":1,"enemies":"Cultist","floor":1,"turns":5},{"damage":4,"enemies":"2 Louse","floor":5,"turns":2},{"damage":0,"enemies":"Small Slimes","floor":11,"turns":2},{"damage":55,"enemies":"The Guardian","floor":16,"turns":12},{"damage":5,"enemies":"3 Byrds","floor":18,"turns":4},{"damage":39,"enemies":"Spheric Guardian","floor":19,"turns":6},{"damage":21,"enemies":"3 Cultists","floor":27,"turns":3}],"seed_played":"-5917665849520914103","potions_obtained":[{"floor":11,"key":"Reflective Coating"},{"floor":16,"key":"Reflective Coating"},{"floor":19,"key":"Ancient Potion"}],"is_trial":false,"path_per_floor":["M","?","?","?","M","R","$","R","T","R","M","?","R","?","R","B",null,"M","M","$","?","?","R","?","R","T","M"],"character_chosen":"THE_SERVANT","items_purchased":["Replay:PocketPolymizer"],"campfire_rested":0,"item_purchase_floors":[20],"current_hp_per_floor":[64,51,51,51,47,47,47,47,47,47,47,65,65,65,65,10,65,60,21,21,21,21,21,21,21,21,0,0],"gold":9,"neow_bonus":"ONE_RARE_RELIC","is_daily":false,"chose_seed":false,"campfire_upgraded":7,"win_rate":0.0,"timestamp":1609981849,"path_taken":["M","?","?","?","?","R","$","R","T","R","M","?","R","?","R","BOSS","M","?","$","?","?","R","?","R","T","M"],"items_purchased_type":["Relic"],"build_version":"2020-12-22","purchased_purges":0,"victory":false,"max_hp_per_floor":[65,65,65,65,65,65,65,65,65,65,65,65,65,65,65,65,65,65,65,65,65,65,65,65,65,65,65,65],"card_choices":[{"not_picked":["FastForward","ShatteredReality"],"picked":"Spin","floor":1},{"not_picked":["ShatteredReality","Ricochet"],"picked":"Starlight","floor":5},{"not_picked":["DoubleEdge","Potential"],"picked":"Luminosity","floor":11},{"not_picked":["SoulSculpture","KillingDoll"],"picked":"Embodiment","floor":16},{"not_picked":["ShatteredReality","DoubleEdge"],"picked":"BestPractice","floor":18},{"not_picked":["Replace","FastForward"],"picked":"Rewind","floor":19}],"player_experience":243012,"relics_obtained":[{"floor":9,"key":"Peace Pipe"},{"floor":17,"key":"CeramicFish"},{"floor":17,"key":"Replay:Bottled Steam"},{"floor":17,"key":"Replay:Arrowhead"},{"floor":26,"key":"Molten Egg 2"}],"event_choices":[{"damage_healed":0,"gold_gain":0,"player_choice":"Entered Light","damage_taken":13,"max_hp_gain":0,"max_hp_loss":0,"event_name":"Shining Light","floor":2,"gold_loss":0,"cards_upgraded":["Exchange","Defend_S"]},{"damage_healed":0,"gold_gain":0,"player_choice":"Grow","damage_taken":0,"max_hp_gain":0,"max_hp_loss":0,"event_name":"Living Wall","floor":3,"gold_loss":0,"cards_upgraded":["KidneyShot"]},{"damage_healed":0,"gold_gain":0,"cards_transformed":["Defend_P"],"player_choice":"Transformed","damage_taken":0,"max_hp_gain":0,"max_hp_loss":0,"event_name":"Transmorgrifier","floor":4,"gold_loss":0,"cards_obtained":["ShiftingGears"]},{"damage_healed":21,"gold_gain":0,"player_choice":"Banana","damage_taken":0,"max_hp_gain":0,"max_hp_loss":0,"event_name":"Big Fish","floor":12,"gold_loss":0},{"damage_healed":0,"gold_gain":100,"player_choice":"Pray","damage_taken":0,"max_hp_gain":0,"max_hp_loss":0,"event_name":"Golden Shrine","floor":14,"gold_loss":0},{"cards_removed":["Starlight"],"damage_healed":0,"gold_gain":0,"player_choice":"Gave Gold","damage_taken":0,"max_hp_gain":0,"max_hp_loss":0,"event_name":"Beggar","floor":21,"gold_loss":75},{"damage_healed":0,"gold_gain":0,"player_choice":"Paid Fearfully","damage_taken":0,"max_hp_gain":0,"max_hp_loss":0,"event_name":"Masked Bandits","floor":24,"gold_loss":19}],"is_beta":false,"boss_relics":[{"not_picked":["Black Star","ReplayTheSpireMod:DimensionalGlitch"],"picked":"Replay:Grab Bag"},{"not_picked":["Busted Crown","Runic Dome"],"picked":"MysterySword"},{"not_picked":["Philosopher\u0027s Stone","Ectoplasm"],"picked":"Replay:Bronze Core"},{"not_picked":["Empty Cage","Ring of Chaos"],"picked":"Calling Bell"}],"items_purged_floors":[],"is_endless":false,"potions_floor_spawned":[11,16,19],"killed_by":"3 Cultists","ascension_level":0}}