{"host":"s8ccp9jw4vzp58l1","time":1609994356,"event":{"mods":["BaseMod","Colored Map","Colored Powertips","Minty Spire (QoL Compilation)","Relic Stats"],"gold_per_floor":[11,11,25,43,53,80,80,96,96,160,160,190,154,104,104,200,200,212,212,226,244,244,244,256,276,299,34,34,47,76,86,86,189,189,206,253,270,270,320,320,0,0,68,68,68],"floor_reached":44,"playtime":11604,"items_purged":["Strike_R"],"score":588,"play_id":"ddb2b19b-513b-4c2d-912a-6aa252639cca","local_time":"20210106223916","is_ascension_mode":false,"campfire_choices":[{"data":"Rampage","floor":7,"key":"SMITH"},{"data":"Flex","floor":11,"key":"SMITH"},{"floor":15,"key":"REST"},{"floor":23,"key":"REST"},{"floor":32,"key":"REST"},{"floor":40,"key":"REST"}],"circlet_count":0,"master_deck":["Strike_R","Strike_R","Strike_R","Defend_R","Defend_R","Defend_R","Defend_R","Bash","Armaments+1","Blood for Blood","Rampage+1","Headbutt","Headbutt","Flex+1","Metallicize","Double Tap","Iron Wave","Cleave","Flex","Clothesline","Dual Wield","Twin Strike+1","Infernal Blade","Flame Barrier+1","Ghostly Armor+1","Twin Strike+1","Flex+1","Pommel Strike+1","Parasite"],"relics":["Burning Blood","Bottled Lightning","Paper Frog","Mummified Hand","Bag of Preparation","Fusion Hammer","Nilry\u0027s Codex","Regal Pillow","Membership Card","Oddly Smooth Stone","Sundial","Mark of Pain","FossilizedHelix","Charon\u0027s Ashes","Red Mask","HornCleat"],"acts_visited":["TheCity","TheBeyond"],"potions_floor_usage":[6,10,12,16,21,25,29,30,30,31,33,35,36,39],"damage_taken":[{"damage":5,"enemies":"Small Slimes","floor":1,"turns":4},{"damage":0,"enemies":"2 Louse","floor":3,"turns":3},{"damage":2,"enemies":"Jaw Worm","floor":4,"turns":4},{"damage":15,"enemies":"Gremlin Gang","floor":5,"turns":5},{"damage":27,"enemies":"Gremlin Nob","floor":6,"turns":4},{"damage":6,"enemies":"3 Louse","floor":8,"turns":3},{"damage":0,"enemies":"Gremlin Nob","floor":10,"turns":3},{"damage":24,"enemies":"Lagavulin","floor":12,"turns":6},{"damage":29,"enemies":"Hexaghost","floor":16,"turns":7},{"damage":12,"enemies":"3 Byrds","floor":18,"turns":5},{"damage":5,"enemies":"Chosen","floor":20,"turns":3},{"damage":29,"enemies":"Snake Plant","floor":21,"turns":5},{"damage":11,"enemies":"Centurion and Healer","floor":24,"turns":7},{"damage":25,"enemies":"Shelled Parasite and Fungi","floor":25,"turns":7},{"damage":0,"enemies":"Cultist and Chosen","floor":29,"turns":6},{"damage":3,"enemies":"Book of Stabbing","floor":30,"turns":6},{"damage":17,"enemies":"Snake Plant","floor":31,"turns":6},{"damage":63,"enemies":"Collector","floor":33,"turns":11},{"damage":6,"enemies":"3 Darklings","floor":35,"turns":6},{"damage":76,"enemies":"2 Orb Walkers","floor":36,"turns":6},{"damage":0,"enemies":"Orb Walker","floor":37,"turns":3},{"damage":15,"enemies":"Mind Bloom Boss Battle","floor":39,"turns":9},{"damage":59,"enemies":"Writhing Mass","floor":44,"turns":6}],"seed_played":"-5606846687173714772","potions_obtained":[{"floor":3,"key":"BloodPotion"},{"floor":8,"key":"DuplicationPotion"},{"floor":10,"key":"LiquidBronze"},{"floor":12,"key":"ColorlessPotion"},{"floor":20,"key":"DuplicationPotion"},{"floor":24,"key":"Energy Potion"},{"floor":25,"key":"SneckoOil"},{"floor":28,"key":"SpeedPotion"},{"floor":28,"key":"Weak Potion"},{"floor":30,"key":"AttackPotion"},{"floor":31,"key":"SpeedPotion"},{"floor":33,"key":"Dexterity Potion"},{"floor":35,"key":"SpeedPotion"},{"floor":37,"key":"Weak Potion"}],"is_trial":false,"path_per_floor":["M","?","M","M","M","E","R","M","T","?","R","E","?","?","R","B",null,"M","?","M","M","?","R","M","M","T","$","?","M","E","M","R","B",null,"M","?","M","?","?","R","?","$","T","M"],"character_chosen":"IRONCLAD","items_purchased":["Membership Card","Oddly Smooth Stone"],"campfire_rested":4,"item_purchase_floors":[27,27],"current_hp_per_floor":[80,80,80,80,71,66,66,66,66,72,72,54,54,54,78,55,80,74,74,75,52,36,60,55,36,36,36,36,42,45,34,73,16,80,80,10,16,16,7,46,46,46,46,0,0],"gold":68,"neow_bonus":"RANDOM_COLORLESS_2","is_daily":false,"chose_seed":false,"campfire_upgraded":2,"win_rate":0.0,"timestamp":1609994356,"path_taken":["M","?","M","M","M","E","R","M","T","?","R","E","?","?","R","BOSS","M","?","M","M","?","R","M","M","T","$","?","M","E","?","R","BOSS","M","?","M","?","?","R","?","?","T","?"],"items_purchased_type":["Relic","Relic"],"build_version":"2020-12-22","purchased_purges":1,"victory":false,"max_hp_per_floor":[80,80,80,80,80,80,80,80,80,80,80,80,80,80,80,80,80,80,80,80,80,80,80,80,80,80,80,80,80,80,80,80,80,80,80,80,80,80,80,80,80,80,80,80,80],"relic_stats":{"Regal Pillow":30,"counters":[23,125],"Mummified Hand":[25],"Sundial":[2],"Charon\u0027s Ashes":[3],"Bag of Preparation":[30],"obtain_stats":[{"Regal Pillow":26,"Nilry\u0027s Codex":22,"Oddly Smooth Stone":27,"Charon\u0027s Ashes":39,"Bag of Preparation":12,"Burning Blood":0,"HornCleat":43,"Mummified Hand":10,"Sundial":30,"Fusion Hammer":17,"Mark of Pain":34,"Red Mask":41,"Bottled Lightning":6,"Membership Card":27,"FossilizedHelix":36,"Paper Frog":9},{"Regal Pillow":14,"Nilry\u0027s Codex":12,"Oddly Smooth Stone":14,"Charon\u0027s Ashes":22,"Bag of Preparation":8,"Burning Blood":0,"HornCleat":22,"Mummified Hand":6,"Sundial":16,"Fusion Hammer":9,"Mark of Pain":18,"Red Mask":22,"Bottled Lightning":5,"Membership Card":14,"FossilizedHelix":20,"Paper Frog":6},{"Regal Pillow":66,"Nilry\u0027s Codex":52,"Oddly Smooth Stone":66,"Charon\u0027s Ashes":119,"Bag of Preparation":32,"Burning Blood":0,"HornCleat":119,"Mummified Hand":23,"Sundial":78,"Fusion Hammer":39,"Mark of Pain":95,"Red Mask":119,"Bottled Lightning":20,"Membership Card":66,"FossilizedHelix":107,"Paper Frog":23}],"Burning Blood":121},"card_choices":[{"not_picked":["Thinking Ahead","Mayhem"],"picked":"Metamorphosis","floor":0.0},{"not_picked":["Thunderclap","Twin Strike"],"picked":"Armaments","floor":1},{"not_picked":["Entrench","Disarm"],"picked":"Blood for Blood","floor":3},{"not_picked":["Hemokinesis","Warcry"],"picked":"Rampage","floor":4},{"not_picked":["Second Wind","Entrench"],"picked":"Headbutt","floor":5},{"not_picked":["Heavy Blade","Perfected Strike"],"picked":"Headbutt","floor":6},{"not_picked":["Body Slam","Pummel","True Grit"],"picked":"SKIP","floor":8},{"not_picked":["Perfected Strike","Warcry"],"picked":"Flex","floor":10},{"not_picked":["Intimidate","Feed"],"picked":"Metallicize","floor":12},{"not_picked":["Brutality","Corruption"],"picked":"Double Tap","floor":16},{"not_picked":["Clothesline","Flex"],"picked":"Iron Wave","floor":18},{"not_picked":["Perfected Strike","Whirlwind"],"picked":"Flex","floor":20},{"not_picked":["Thunderclap","Headbutt"],"picked":"Clothesline","floor":21},{"not_picked":["Pommel Strike","True Grit"],"picked":"Dual Wield","floor":24},{"not_picked":["Heavy Blade","Combust"],"picked":"Twin Strike+1","floor":25},{"not_picked":["Fiend Fire","True Grit"],"picked":"Infernal Blade","floor":29},{"not_picked":["Iron Wave","Burning Pact"],"picked":"Flame Barrier+1","floor":30},{"not_picked":["Entrench","Clash+1"],"picked":"Ghostly Armor+1","floor":31},{"not_picked":["Offering","Corruption"],"picked":"Berserk","floor":33},{"not_picked":["Body Slam","Pommel Strike"],"picked":"Twin Strike+1","floor":35},{"not_picked":["Thunderclap","Dual Wield"],"picked":"Flex+1","floor":36},{"not_picked":["Hemokinesis+1","True Grit"],"picked":"Pommel Strike+1","floor":37}],"player_experience":43783,"relics_obtained":[{"floor":6,"key":"Bottled Lightning"},{"floor":9,"key":"Paper Frog"},{"floor":12,"key":"Bag of Preparation"},{"floor":22,"key":"Nilry\u0027s Codex"},{"floor":26,"key":"Regal Pillow"},{"floor":30,"key":"Sundial"},{"floor":36,"key":"FossilizedHelix"},{"floor":39,"key":"Charon\u0027s Ashes"},{"floor":43,"key":"HornCleat"}],"event_choices":[{"damage_healed":0,"gold_gain":0,"player_choice":"Grow","damage_taken":0,"max_hp_gain":0,"max_hp_loss":0,"event_name":"Living Wall","floor":2,"gold_loss":0,"cards_upgraded":["Armaments"]},{"damage_healed":0,"gold_gain":30,"player_choice":"Searched \u00273\u0027 times","damage_taken":0,"relics_obtained":["Mummified Hand"],"max_hp_gain":0,"max_hp_loss":0,"event_name":"Dead Adventurer","floor":10,"gold_loss":0},{"damage_healed":0,"gold_gain":0,"player_choice":"Left Gold","damage_taken":0,"max_hp_gain":0,"max_hp_loss":0,"event_name":"World of Goop","floor":13,"gold_loss":36},{"cards_removed":["Strike_R"],"damage_healed":0,"gold_gain":0,"player_choice":"Card Removal","damage_taken":0,"max_hp_gain":0,"max_hp_loss":0,"event_name":"The Cleric","floor":14,"gold_loss":50},{"damage_healed":0,"gold_gain":0,"player_choice":"Read","damage_taken":0,"max_hp_gain":0,"max_hp_loss":0,"event_name":"The Library","floor":19,"gold_loss":0,"cards_obtained":["Cleave"]},{"damage_healed":0,"gold_gain":0,"player_choice":"Obtained Book","damage_taken":16,"max_hp_gain":0,"max_hp_loss":0,"event_name":"Cursed Tome","floor":22,"gold_loss":0},{"damage_healed":0,"gold_gain":0,"player_choice":"Got Potions","damage_taken":0,"max_hp_gain":0,"max_hp_loss":0,"event_name":"Lab","floor":28,"gold_loss":0},{"damage_healed":0,"gold_gain":0,"player_choice":"Fight","damage_taken":0,"max_hp_gain":0,"max_hp_loss":0,"event_name":"Mysterious Sphere","floor":36,"gold_loss":0},{"cards_removed":["Berserk"],"damage_healed":0,"gold_gain":0,"player_choice":"Removed Power","damage_taken":0,"max_hp_gain":0,"max_hp_loss":0,"event_name":"Falling","floor":38,"gold_loss":0},{"damage_healed":0,"gold_gain":0,"player_choice":"Fight","damage_taken":0,"max_hp_gain":0,"max_hp_loss":0,"event_name":"MindBloom","floor":39,"gold_loss":0},{"damage_healed":0,"gold_gain":0,"player_choice":"Paid","damage_taken":0,"relics_obtained":["Red Mask"],"max_hp_gain":0,"max_hp_loss":0,"event_name":"Tomb of Lord Red Mask","floor":41,"gold_loss":320}],"is_beta":false,"boss_relics":[{"not_picked":["Runic Pyramid","SacredBark"],"picked":"Fusion Hammer"},{"not_picked":["Runic Cube","Black Blood"],"picked":"Mark of Pain"}],"items_purged_floors":[27],"is_endless":false,"potions_floor_spawned":[3,8,10,12,20,24,25,30,31,33,35,37],"killed_by":"Writhing Mass","ascension_level":0}}