{"host":"49c2zf0lajbcs427","time":1609992640,"event":{"mods":["AchievementEnabler","BaseMod","Colored Map","Colored Powertips","Highlight Path","Key Reminder","Minty Spire (QoL Compilation)","Relic Stats","StSLib"],"gold_per_floor":[110,122,197,372,372,372,397,23,23,23,23],"floor_reached":10,"playtime":431,"items_purged":["Doubt"],"score":86,"play_id":"c41131de-9543-4e86-bfb6-732791ee1b29","local_time":"20210107171040","is_ascension_mode":true,"campfire_choices":[{"floor":6,"key":"REST"}],"circlet_count":0,"master_deck":["Strike_G","Strike_G","Strike_G","Strike_G","Strike_G","Defend_G","Defend_G","Defend_G","Defend_G","Defend_G","Survivor","Neutralize","Dagger Throw","Dagger Spray","Flying Knee"],"relics":["SlaversCollar","Gremlin Horn","Anchor","Incense Burner","Dead Branch"],"acts_visited":["Exordium"],"potions_floor_usage":[7],"damage_taken":[{"damage":3,"enemies":"2 Louse","floor":1,"turns":4},{"damage":0,"enemies":"Small Slimes","floor":2,"turns":4},{"damage":10,"enemies":"3 Sentries","floor":7,"turns":7},{"damage":49,"enemies":"Gremlin Nob","floor":10,"turns":5}],"seed_played":"-9046351515150939524","potions_obtained":[{"floor":1,"key":"Swift Potion"}],"is_trial":false,"path_per_floor":["M","M","?","?","?","R","E","$","T","E"],"character_chosen":"THE_SILENT","items_purchased":["Incense Burner"],"campfire_rested":1,"item_purchase_floors":[8],"current_hp_per_floor":[60,60,49,49,24,45,35,35,35,0,0],"gold":23,"neow_bonus":"BOSS_RELIC","is_daily":false,"chose_seed":false,"campfire_upgraded":0,"win_rate":0.0,"timestamp":1609992640,"path_taken":["M","M","?","?","?","R","E","$","T","E"],"items_purchased_type":["Relic"],"build_version":"2020-12-22","purchased_purges":1,"victory":false,"max_hp_per_floor":[70,70,70,70,70,70,70,70,70,70,70],"relic_stats":{"Gremlin Horn":[2,2],"counters":[4,20],"Dead Branch":[0],"obtain_stats":[{"SlaversCollar":0,"Anchor":7,"Gremlin Horn":5,"Dead Branch":9,"Incense Burner":8,"Ring of the Snake":0},{"SlaversCollar":0,"Anchor":3,"Gremlin Horn":2,"Dead Branch":3,"Incense Burner":3,"Ring of the Snake":0},{"SlaversCollar":0,"Anchor":15,"Gremlin Horn":8,"Dead Branch":15,"Incense Burner":15,"Ring of the Snake":0}]},"card_choices":[{"not_picked":["Dodge and Roll","Cloak And Dagger"],"picked":"Dagger Throw","floor":1},{"not_picked":["Outmaneuver","Flying Knee"],"picked":"Dagger Spray","floor":2},{"not_picked":["Flechettes","Calculated Gamble"],"picked":"Flying Knee","floor":7}],"player_experience":2252146,"relics_obtained":[{"floor":7,"key":"Anchor"},{"floor":9,"key":"Dead Branch"}],"event_choices":[{"damage_healed":0,"gold_gain":75,"player_choice":"Gather Gold","damage_taken":11,"max_hp_gain":0,"max_hp_loss":0,"event_name":"World of Goop","floor":3,"gold_loss":0},{"damage_healed":0,"gold_gain":175,"player_choice":"AGREE","damage_taken":0,"max_hp_gain":0,"max_hp_loss":0,"event_name":"Liars Game","floor":4,"gold_loss":0,"cards_obtained":["Doubt"]},{"damage_healed":0,"gold_gain":0,"player_choice":"Success","damage_taken":25,"relics_obtained":["Gremlin Horn"],"max_hp_gain":0,"max_hp_loss":0,"event_name":"Scrap Ooze","floor":5,"gold_loss":0}],"is_beta":false,"boss_relics":[],"items_purged_floors":[8],"is_endless":false,"potions_floor_spawned":[1],"killed_by":"Gremlin Nob","ascension_level":7}}