{"host":"ng8aq1q5gznbd93k","time":1609996568,"event":{"mods":["AchievementEnabler","BaseMod","Downfall","Duelist Mod","GifTheSpireLib","Googly Eyes","Minty Spire (QoL Compilation)","StSLib","SuperFastMode"],"gold_per_floor":[110,123,123,54,54,86,105,105,132,148,173,193,204,204,204],"floor_reached":14,"playtime":414,"items_purged":[],"score":133,"play_id":"57e0c16f-aae0-46d7-982a-c55244f747e5","local_time":"20210106231608","is_ascension_mode":true,"campfire_choices":[{"data":"Zap","floor":8,"key":"SMITH"}],"circlet_count":0,"master_deck":["Strike_B","Strike_B","Strike_B","Strike_B","Defend_B","Defend_B","Defend_B","Defend_B","Zap+1","Dualcast","Undo","Hologram","Defragment","Pain","Beam Cell","Steam","Biased Cognition","Tempest","Reinforced Body","Gash"],"relics":["Cracked Core","NeowsBlessing","Bag of Marbles","WarpedTongs","Vajra","Juzu Bracelet","White Beast Statue"],"acts_visited":["Exordium"],"potions_floor_usage":[],"damage_taken":[{"damage":0,"enemies":"2 Louse","floor":1,"turns":1},{"damage":0,"enemies":"Cultist","floor":2,"turns":1},{"damage":0,"enemies":"Lagavulin","floor":6,"turns":1},{"damage":3,"enemies":"Small Slimes","floor":7,"turns":3},{"damage":6,"enemies":"2 Fungi Beasts","floor":10,"turns":3},{"damage":25,"enemies":"3 Sentries","floor":11,"turns":5},{"damage":17,"enemies":"Exordium Wildlife","floor":12,"turns":3},{"damage":11,"enemies":"3 Louse","floor":13,"turns":3},{"damage":14,"enemies":"Gremlin Nob","floor":14,"turns":2}],"seed_played":"1164477623016781154","potions_obtained":[{"floor":7,"key":"Explosive Potion"},{"floor":10,"key":"Regen Potion"},{"floor":11,"key":"PotionOfCapacity"}],"is_trial":false,"path_per_floor":["M","M","?","$","?","E","M","R","T","M","E","M","M","E"],"character_chosen":"DEFECT","items_purchased":["Defragment"],"campfire_rested":0,"item_purchase_floors":[4],"current_hp_per_floor":[75,75,63,63,63,63,60,60,60,54,29,12,1,0,0],"gold":204,"neow_bonus":"THREE_ENEMY_KILL","is_daily":false,"chose_seed":false,"campfire_upgraded":1,"win_rate":0.0,"timestamp":1609996568,"path_taken":["M","M","?","$","?","E","M","R","T","M","E","M","M","E"],"items_purchased_type":["Card"],"build_version":"2020-12-22","purchased_purges":0,"victory":false,"max_hp_per_floor":[75,75,75,75,75,75,75,75,75,75,75,75,75,75,75],"card_choices":[{"not_picked":["Streamline","Auto Shields"],"picked":"Undo","floor":1},{"not_picked":["Static Discharge","Stack"],"picked":"Hologram","floor":2},{"not_picked":["Coolheaded","Fusion"],"picked":"Beam Cell","floor":6},{"not_picked":["Storm","Rebound"],"picked":"Steam","floor":7},{"not_picked":["Go for the Eyes","Blizzard"],"picked":"Biased Cognition","floor":10},{"not_picked":["Barrage","Force Field"],"picked":"Tempest","floor":11},{"not_picked":["Go for the Eyes","Cold Snap"],"picked":"Reinforced Body","floor":12},{"not_picked":["Conserve Battery","Chaos"],"picked":"Gash","floor":13}],"player_experience":116732,"relics_obtained":[{"floor":6,"key":"Vajra"},{"floor":9,"key":"Juzu Bracelet"},{"floor":11,"key":"White Beast Statue"}],"event_choices":[{"damage_healed":0,"gold_gain":0,"player_choice":"Success","damage_taken":12,"relics_obtained":["Bag of Marbles"],"max_hp_gain":0,"max_hp_loss":0,"event_name":"Scrap Ooze","floor":3,"gold_loss":0},{"damage_healed":0,"gold_gain":0,"player_choice":"Rummage","damage_taken":0,"relics_obtained":["WarpedTongs"],"max_hp_gain":0,"max_hp_loss":0,"event_name":"Accursed Blacksmith","floor":5,"gold_loss":0,"cards_obtained":["Pain"]}],"is_beta":false,"boss_relics":[],"items_purged_floors":[],"is_endless":false,"potions_floor_spawned":[7,10,11,12,13],"killed_by":"Gremlin Nob","ascension_level":1}}