{"host":"98ajcw3do3zsggh8","time":1609981341,"event":{"mods":["BaseMod","Minty Spire (QoL Compilation)","Replay The Spire","StSLib","The Marked"],"gold_per_floor":[112,112,124,141,155,155,168,168,168],"floor_reached":8,"playtime":259,"items_purged":[],"score":58,"play_id":"73d6eb1c-dc6b-448f-b467-87e0fc6544df","local_time":"20210107020221","is_ascension_mode":true,"campfire_choices":[{"data":"Demon Form","floor":6,"key":"SMITH"}],"circlet_count":0,"master_deck":["Strike_R","Strike_R","Strike_R","Strike_R","Strike_R","Defend_R","Defend_R","Defend_R","Defend_R","Bash","Defend_R","Defend_G","Demon Form+1","Swift Strike","Ghostly Armor"],"relics":["Burning Blood"],"acts_visited":["Exordium"],"potions_floor_usage":[7,8],"damage_taken":[{"damage":9,"enemies":"2 Louse","floor":1,"turns":3},{"damage":1,"enemies":"Cultist","floor":3,"turns":3},{"damage":18,"enemies":"Small Slimes","floor":4,"turns":3},{"damage":34,"enemies":"Exordium Wildlife","floor":5,"turns":5},{"damage":27,"enemies":"Exordium Thugs","floor":7,"turns":6},{"damage":48,"enemies":"Gremlin Nob","floor":8,"turns":4}],"seed_played":"-9081567961740603085","potions_obtained":[{"floor":1,"key":"Swift Potion"},{"floor":5,"key":"Block Potion"}],"is_trial":false,"path_per_floor":["M","?","M","M","M","R","M","E"],"character_chosen":"IRONCLAD","items_purchased":[],"campfire_rested":0,"item_purchase_floors":[],"current_hp_per_floor":[77,77,80,68,40,40,19,0,0],"gold":168,"neow_bonus":"THREE_RARE_CARDS","is_daily":false,"chose_seed":false,"campfire_upgraded":1,"win_rate":0.0,"timestamp":1609981341,"path_taken":["M","?","?","M","M","R","M","E"],"items_purchased_type":[],"build_version":"2020-12-22","purchased_purges":0,"victory":false,"max_hp_per_floor":[80,80,80,80,80,80,80,80,80],"card_choices":[{"not_picked":["Reaper","Barricade"],"picked":"Demon Form","floor":0},{"not_picked":["Replay:Undeath\u0027s Touch","Sword Boomerang","Anger"],"picked":"SKIP","floor":1},{"not_picked":["Havoc","Armaments","Rupture"],"picked":"SKIP","floor":3},{"not_picked":["Cleave","Fiend Fire","Perfected Strike"],"picked":"SKIP","floor":4},{"not_picked":["Anger","Wild Strike"],"picked":"Ghostly Armor","floor":5},{"not_picked":["Sword Boomerang","Perfected Strike","Second Wind"],"picked":"SKIP","floor":7}],"player_experience":320063,"relics_obtained":[],"event_choices":[{"damage_healed":0,"gold_gain":0,"player_choice":"1 cards matched","damage_taken":0,"max_hp_gain":0,"max_hp_loss":0,"event_name":"Match and Keep!","floor":2,"gold_loss":0,"cards_obtained":["Swift Strike"]}],"is_beta":false,"boss_relics":[],"items_purged_floors":[],"is_endless":false,"potions_floor_spawned":[1,5],"killed_by":"Gremlin Nob","ascension_level":3}}