{"host":"h4lp0eeso8a0ssq0","time":1609979072,"event":{"mods":["2.2 Compatiblity","AchievementEnabler","BaseMod","CapriCore","Colored Map","Minty Spire (QoL Compilation)","StSLib","SuperFastMode"],"gold_per_floor":[116,131,147,147,72,107,7,7,7,24,36,52,110,137,137,235,235,249,174,174,193,109,109,142,142,212,312,25,25,36,53,53,151,151,165,184,184,233,249,275,290,304,331,331,350,366,378,378,378,378,378,378,3,35,35],"floor_reached":56,"playtime":2394,"items_purged":["Strike_R","Strike_R","Pain"],"score":1211,"play_id":"cc23b133-f2e8-495d-a349-54a120d96d85","local_time":"20210107092432","is_ascension_mode":false,"campfire_choices":[{"data":"Flame Barrier","floor":8.0,"key":"SMITH"},{"data":"Shockwave","floor":15.0,"key":"SMITH"},{"data":"Heavy Blade","floor":23.0,"key":"SMITH"},{"data":"Berserk","floor":25.0,"key":"SMITH"},{"data":"Inflame","floor":29.0,"key":"SMITH"},{"data":"Whirlwind","floor":32.0,"key":"SMITH"},{"data":"Whirlwind","floor":44.0,"key":"SMITH"},{"floor":49,"key":"RECALL"},{"data":"Disarm","floor":52,"key":"SMITH"}],"circlet_count":0,"master_deck":["Defend_R","Defend_R","Defend_R","Defend_R","Bash","Rampage+1","Warcry","Cleave","Disarm+1","Shrug It Off","Flame Barrier+1","Shockwave+1","Shrug It Off","Whirlwind+1","Thunderclap","Double Tap","Berserk+1","Necronomicurse","Heavy Blade+1","Inflame+1","Whirlwind+1","Demon Form+1","Inflame+1","True Grit+1","Heavy Blade+1","Dark Embrace+1","Corruption+1","Flash of Steel","Inflame+1"],"relics":["Burning Blood","Question Card","Toy Ornithopter","HornCleat","Centennial Puzzle","Busted Crown","Necronomicon","Meat on the Bone","Sundial","Calipers","Frozen Egg 2","CaptainsWheel","Cursed Key","Prayer Wheel","Pear","Blood Vial"],"acts_visited":["Exordium","TheCity","TheBeyond","TheEnding"],"potions_floor_usage":[50,50,55,55],"damage_taken":[{"damage":5.0,"enemies":"Small Slimes","floor":1.0,"turns":4.0},{"damage":6.0,"enemies":"Cultist","floor":2.0,"turns":3.0},{"damage":6.0,"enemies":"Jaw Worm","floor":3.0,"turns":4.0},{"damage":19.0,"enemies":"Lagavulin","floor":6.0,"turns":6.0},{"damage":3.0,"enemies":"Looter","floor":10.0,"turns":4.0},{"damage":0.0,"enemies":"Exordium Wildlife","floor":11.0,"turns":5.0},{"damage":14.0,"enemies":"Exordium Thugs","floor":12.0,"turns":4.0},{"damage":26.0,"enemies":"Gremlin Nob","floor":13.0,"turns":5.0},{"damage":12.0,"enemies":"3 Sentries","floor":14.0,"turns":4.0},{"damage":8.0,"enemies":"Hexaghost","floor":16.0,"turns":10.0},{"damage":6.0,"enemies":"Shell Parasite","floor":18.0,"turns":5.0},{"damage":12.0,"enemies":"Spheric Guardian","floor":21.0,"turns":4.0},{"damage":9.0,"enemies":"Gremlin Leader","floor":24.0,"turns":4.0},{"damage":0.0,"enemies":"Colosseum Slavers","floor":27.0,"turns":3.0},{"damage":1.0,"enemies":"Colosseum Nobs","floor":27.0,"turns":3.0},{"damage":10.0,"enemies":"Chosen and Byrds","floor":30.0,"turns":3.0},{"damage":10.0,"enemies":"Cultist and Chosen","floor":31.0,"turns":2.0},{"damage":18.0,"enemies":"Champ","floor":33.0,"turns":7.0},{"damage":15.0,"enemies":"3 Shapes","floor":35.0,"turns":2.0},{"damage":2.0,"enemies":"Orb Walker","floor":36.0,"turns":2.0},{"damage":12.0,"enemies":"2 Orb Walkers","floor":38.0,"turns":2.0},{"damage":0.0,"enemies":"Maw","floor":39.0,"turns":5.0},{"damage":32.0,"enemies":"Reptomancer","floor":40.0,"turns":3.0},{"damage":0.0,"enemies":"Sphere and 2 Shapes","floor":41.0,"turns":1.0},{"damage":6.0,"enemies":"Transient","floor":42.0,"turns":5.0},{"damage":4.0,"enemies":"Maw","floor":45.0,"turns":4.0},{"damage":11,"enemies":"Writhing Mass","floor":46,"turns":3},{"damage":0,"enemies":"3 Darklings","floor":47,"turns":1},{"damage":52,"enemies":"Awakened One","floor":50,"turns":6},{"damage":35,"enemies":"Shield and Spear","floor":54,"turns":3},{"damage":47,"enemies":"The Heart","floor":55,"turns":5}],"seed_played":"869490674528910352","potions_obtained":[{"floor":2.0,"key":"LiquidMemories"},{"floor":6.0,"key":"Explosive Potion"},{"floor":10.0,"key":"BloodPotion"},{"floor":24.0,"key":"DuplicationPotion"},{"floor":36.0,"key":"Fruit Juice"},{"floor":40.0,"key":"SpeedPotion"},{"floor":41.0,"key":"CultistPotion"}],"is_trial":false,"path_per_floor":["M","M","M","?","$","E","$","R","T","M","M","M","?","E","R","B",null,"M","?","?","M","$","R","E","R","T","?","$","R","M","M","R","B",null,"M","M","?","?","M","E","M","M","T","R","M","M","M","?","R","B",null,"R","$","E","B",null],"character_chosen":"IRONCLAD","items_purchased":["Heavy Blade","Inflame","CaptainsWheel","Weak Potion","SteroidPotion","LiquidMemories","Inflame+1"],"campfire_rested":0,"item_purchase_floors":[22,22,28,53,53,53,53],"current_hp_per_floor":[72,72,72,72,72,59,59,59,59,62,68,60,40,34,34,32,72,72,72,56,50,50,50,66,66,66,72,72,72,68,64,64,52,72,63,72,68,72,73,62,68,68,68,68,75,70,76,76,76,52,83,83,83,54,37],"gold":35,"neow_bonus":"TRANSFORM_TWO_CARDS","is_daily":false,"chose_seed":false,"campfire_upgraded":8,"win_rate":0.0,"timestamp":1609979072,"path_taken":["M","M","M","?","$","E","?","R","T","M","?","M","?","E","R","BOSS","M","?","?","?","$","R","E","R","T","?","$","R","M","M","R","BOSS","M","M","?","?","M","E","M","M","T","R","M","M","M","?","R","BOSS","R","$","E","BOSS"],"items_purchased_type":["Card","Card","Relic","Potion","Potion","Potion","Card"],"build_version":"2020-12-22","purchased_purges":3,"victory":true,"max_hp_per_floor":[72,72,72,72,72,72,72,72,72,72,72,72,72,72,72,72,72,72,72,72,72,72,72,72,72,72,72,72,72,72,72,72,72,72,72,72,68,73,73,83,83,83,83,83,83,83,83,83,83,83,83,83,83,83,83],"card_choices":[{"not_picked":["Thunderclap","Havoc"],"picked":"Cleave","floor":1.0},{"not_picked":["Ghostly Armor","Flex"],"picked":"Disarm","floor":2.0},{"not_picked":["Havoc","Body Slam"],"picked":"Shrug It Off","floor":3.0},{"not_picked":["Seeing Red","Sword Boomerang"],"picked":"Flame Barrier","floor":6.0},{"not_picked":["Sentinel","Rampage","Entrench"],"picked":"Shockwave","floor":10.0},{"not_picked":["Cleave","Wild Strike","Clash"],"picked":"Shrug It Off","floor":11.0},{"not_picked":["Perfected Strike","Anger","Rampage"],"picked":"Whirlwind","floor":12.0},{"not_picked":["Pommel Strike","Twin Strike","Clash"],"picked":"Thunderclap","floor":13.0},{"not_picked":["Pommel Strike","Shrug It Off","Sever Soul"],"picked":"Double Tap","floor":14.0},{"not_picked":["Immolate","Reaper","Exhume"],"picked":"Berserk","floor":16.0},{"not_picked":["Intimidate+1","Havoc"],"picked":"SKIP","floor":18.0},{"not_picked":["Twin Strike","Bloodletting"],"picked":"SKIP","floor":21.0},{"not_picked":["Cleave+1","Pommel Strike"],"picked":"SKIP","floor":24.0},{"not_picked":["Wild Strike+1"],"picked":"Whirlwind","floor":27.0},{"not_picked":["Cleave+1","Intimidate"],"picked":"SKIP","floor":30.0},{"not_picked":["Rupture+1","Armaments+1"],"picked":"SKIP","floor":31.0},{"not_picked":["Berserk+1"],"picked":"Demon Form+1","floor":33.0},{"not_picked":["Clothesline","Cleave"],"picked":"SKIP","floor":35.0},{"not_picked":["Armaments+1","Combust+1"],"picked":"SKIP","floor":36.0},{"not_picked":["Anger"],"picked":"Inflame+1","floor":38.0},{"not_picked":["Dropkick"],"picked":"True Grit+1","floor":39.0},{"not_picked":["Iron Wave","Dropkick"],"picked":"SKIP","floor":39.0},{"not_picked":["Cleave+1","Pommel Strike"],"picked":"SKIP","floor":40.0},{"not_picked":["Headbutt+1","Sword Boomerang"],"picked":"SKIP","floor":41.0},{"not_picked":["Feel No Pain+1","Carnage+1"],"picked":"SKIP","floor":41.0},{"not_picked":["Pummel+1"],"picked":"Heavy Blade+1","floor":42.0},{"not_picked":["Hemokinesis","Rampage+1"],"picked":"SKIP","floor":42.0},{"not_picked":["Hemokinesis","Rampage+1"],"picked":"SKIP","floor":42.0},{"not_picked":["Clash+1","Dark Embrace+1"],"picked":"SKIP","floor":45.0},{"not_picked":["Havoc","Flame Barrier"],"picked":"SKIP","floor":45.0},{"not_picked":["Clothesline+1","Infernal Blade+1"],"picked":"SKIP","floor":46},{"not_picked":["Sword Boomerang+1","Anger"],"picked":"SKIP","floor":46},{"not_picked":["Headbutt+1"],"picked":"Dark Embrace+1","floor":47},{"not_picked":["Rage+1"],"picked":"Corruption+1","floor":47},{"not_picked":["Thinking Ahead"],"picked":"Flash of Steel","floor":48},{"not_picked":["Inflame+1","Body Slam+1"],"picked":"SKIP","floor":54}],"player_experience":81542,"relics_obtained":[{"floor":6.0,"key":"Question Card"},{"floor":9.0,"key":"Toy Ornithopter"},{"floor":13.0,"key":"HornCleat"},{"floor":14.0,"key":"Centennial Puzzle"},{"floor":20.0,"key":"Necronomicon"},{"floor":24.0,"key":"Meat on the Bone"},{"floor":26.0,"key":"Sundial"},{"floor":27.0,"key":"Calipers"},{"floor":27.0,"key":"Frozen Egg 2"},{"floor":38.0,"key":"Prayer Wheel"},{"floor":40.0,"key":"Pear"},{"floor":54,"key":"Blood Vial"}],"event_choices":[{"damage_healed":0.0,"max_hp_gain":0.0,"max_hp_loss":0.0,"gold_gain":0.0,"event_name":"Upgrade Shrine","player_choice":"Upgraded","floor":4.0,"gold_loss":0.0,"damage_taken":0.0,"cards_upgraded":["Rampage"]},{"damage_healed":0.0,"max_hp_gain":0.0,"max_hp_loss":0.0,"gold_gain":30.0,"event_name":"Dead Adventurer","player_choice":"Searched \u00272\u0027 times","floor":13.0,"gold_loss":0.0,"damage_taken":0.0},{"cards_removed":["Strike_R"],"damage_healed":0.0,"max_hp_gain":0.0,"max_hp_loss":0.0,"gold_gain":0.0,"event_name":"Beggar","player_choice":"Gave Gold","floor":19.0,"gold_loss":75.0,"damage_taken":0.0},{"damage_healed":0.0,"max_hp_gain":0.0,"max_hp_loss":0.0,"gold_gain":0.0,"event_name":"Cursed Tome","player_choice":"Obtained Book","floor":20.0,"gold_loss":0.0,"damage_taken":16.0},{"damage_healed":0.0,"max_hp_gain":0.0,"max_hp_loss":0.0,"gold_gain":0.0,"event_name":"Colosseum","player_choice":"Fight","floor":27.0,"gold_loss":0.0,"damage_taken":0.0},{"damage_healed":0.0,"max_hp_gain":0.0,"max_hp_loss":0.0,"gold_gain":0.0,"event_name":"Colosseum","player_choice":"Fought Nobs","floor":27.0,"gold_loss":0.0,"damage_taken":0.0},{"damage_healed":0.0,"max_hp_gain":0.0,"max_hp_loss":4.0,"gold_gain":0.0,"event_name":"Winding Halls","player_choice":"Max HP","floor":37.0,"gold_loss":0.0,"damage_taken":0.0},{"damage_healed":0.0,"max_hp_gain":0.0,"max_hp_loss":0.0,"gold_gain":0.0,"event_name":"Mysterious Sphere","player_choice":"Fight","floor":38.0,"gold_loss":0.0,"damage_taken":0.0},{"damage_healed":0,"gold_gain":0,"player_choice":"Memory 1","damage_taken":0,"max_hp_gain":0,"max_hp_loss":0,"event_name":"SensoryStone","floor":48,"gold_loss":0}],"is_beta":false,"boss_relics":[{"not_picked":["Velvet Choker","Empty Cage"],"picked":"Busted Crown"},{"not_picked":["SacredBark","Snecko Eye"],"picked":"Cursed Key"}],"items_purged_floors":[5,7,53],"is_endless":false,"potions_floor_spawned":[2,6,10,11,14,18,24,30,35,36,40,41,54],"ascension_level":0}}