{"host":"mydft8i2zzydgggw","time":1609979494,"event":{"mods":["AchievementEnabler","BaseMod","BetterRewards","Colored Map","Colored Powertips","DeckTracker","Keyboard Shortcuts","Minty Spire (QoL Compilation)","Quick Restart","Rare Cards Sparkle","StSLib","SuperFastMode","The Poker Player","everything is the same but u backflip on backflip"],"gold_per_floor":[113,130,144,219,266,292,467,467,467,467,497,497,513,531,531,531,531],"floor_reached":16,"playtime":365,"items_purged":[],"score":138,"play_id":"93fa3a77-0fc0-42ca-8417-1f728ce09737","local_time":"20210107093134","is_ascension_mode":true,"campfire_choices":[{"data":"Reinforced Body","floor":8,"key":"SMITH"},{"data":"Zap","floor":10,"key":"SMITH"},{"data":"Genetic Algorithm","floor":12,"key":"SMITH"},{"data":"Fusion","floor":15,"key":"SMITH"}],"circlet_count":0,"master_deck":["Strike_B","Strike_B","Strike_B","Strike_B","Defend_B","Defend_B","Defend_B","Defend_B","Zap+1","Dualcast","Streamline","Reinforced Body+1","Doubt","Genetic Algorithm+1","Fusion+1"],"relics":["Cracked Core","NeowsBlessing","Boot","Anchor","Pocketwatch","Regal Pillow"],"acts_visited":["Exordium"],"potions_floor_usage":[6,11,16],"damage_taken":[{"damage":0,"enemies":"Cultist","floor":1,"turns":1},{"damage":0,"enemies":"Jaw Worm","floor":2,"turns":1},{"damage":0,"enemies":"Small Slimes","floor":3,"turns":1},{"damage":13,"enemies":"3 Sentries","floor":6,"turns":5},{"damage":2,"enemies":"Lagavulin","floor":11,"turns":7},{"damage":15,"enemies":"2 Fungi Beasts","floor":13,"turns":4},{"damage":0,"enemies":"Red Slaver","floor":14,"turns":3},{"damage":35,"enemies":"Slime Boss","floor":16,"turns":7}],"seed_played":"-5689814902844041538","potions_obtained":[{"floor":2,"key":"SmokeBomb"},{"floor":3,"key":"AttackPotion"},{"floor":6,"key":"AttackPotion"},{"floor":13,"key":"Ancient Potion"}],"is_trial":false,"path_per_floor":["M","M","M","?","T","E","?","R","T","R","E","R","M","M","R","B"],"character_chosen":"DEFECT","items_purchased":[],"campfire_rested":0,"item_purchase_floors":[],"current_hp_per_floor":[75,75,75,64,64,51,51,51,51,51,49,49,34,34,34,0,0],"gold":531,"neow_bonus":"THREE_ENEMY_KILL","is_daily":false,"chose_seed":false,"campfire_upgraded":4,"win_rate":0.0,"timestamp":1609979494,"path_taken":["M","M","?","?","?","E","?","R","T","R","E","R","M","M","R","BOSS"],"items_purchased_type":[],"build_version":"2020-12-22","purchased_purges":0,"victory":false,"max_hp_per_floor":[75,75,75,75,75,75,75,75,75,75,75,75,75,75,75,75,75],"card_choices":[{"not_picked":["Stack","Blizzard"],"picked":"Streamline","floor":1},{"not_picked":["Hello World","Force Field"],"picked":"Reinforced Body","floor":2},{"not_picked":["Conserve Battery","Rip and Tear","Gash"],"picked":"SKIP","floor":3},{"not_picked":["Rebound","Beam Cell","Compile Driver"],"picked":"SKIP","floor":6},{"not_picked":["Storm","Streamline"],"picked":"Genetic Algorithm","floor":11},{"not_picked":["Meteor Strike","Streamline","Beam Cell"],"picked":"SKIP","floor":13},{"not_picked":["Go for the Eyes","Steam"],"picked":"Fusion","floor":14}],"player_experience":123939,"relics_obtained":[{"floor":5,"key":"Boot"},{"floor":6,"key":"Anchor"},{"floor":9,"key":"Pocketwatch"},{"floor":11,"key":"Regal Pillow"}],"event_choices":[{"damage_healed":0,"gold_gain":75,"player_choice":"Gather Gold","damage_taken":11,"max_hp_gain":0,"max_hp_loss":0,"event_name":"World of Goop","floor":4,"gold_loss":0},{"damage_healed":0,"gold_gain":175,"player_choice":"AGREE","damage_taken":0,"max_hp_gain":0,"max_hp_loss":0,"event_name":"Liars Game","floor":7,"gold_loss":0,"cards_obtained":["Doubt"]}],"is_beta":false,"boss_relics":[],"items_purged_floors":[],"is_endless":false,"potions_floor_spawned":[2,3,6,13],"killed_by":"Slime Boss","ascension_level":5}}