{"host":"acczert1kscx59ut","time":1609997678,"event":{"mods":["AchievementEnabler","Act Like it!","Aspiration","Astrologer","BaseMod","Beaked The Cultist","Bestiary","BetterRewards","Conspire","Decade(???)","Dio Mod","Downfall","Duelist Mod","Elementarium","Gensokyo","GifTheSpireLib","Glutton Mod","Gold Saver","Gremlin Mod","GungeonMod","Hallownest","Hermit","Hero for Fun","Hubris","Infinite Spire","Jorbs\u0027s Wanderer Trilogy","Koishi","Lobotomy","LobotomyExtend","Magitek Elite","Melee Mod","Minty Spire (QoL Compilation)","Quick Restart","Replay The Spire","Robot Space Explorer","Shade Mod","Shedinja","Shop Mod","Somnambulant","Spicy Shops","StSLib","Stuff the Spire","SuperFastMode","Td1madao Mod","The Animator","The Blackbeard","The Bug Knight","The Clintock","The Construct","The Cursed","The Disciple","The Dragon Tamer","The Exalted","The Factory","The Forsaken","The Gatherer","The Hayseed","The Hierophant","The Jungle","The Kombatant","The Necromancer","The Problem Sleuth","The Runesmith","The Showman","The Valiant","The Vixen","The Wild Card","TheFirefly","thorton","vexMod"],"gold_per_floor":[379,390,404,415,415,442,88,122,122,152,152,152,162,180,180,284,284,301,319,319,333,347,347,364,136,162,162,162,208,208,224,224,325,325,340,352,352,367,384,384,394,67,94,110,110,121,144,144,144,144],"floor_reached":51,"playtime":2592,"items_purged":["Decay"],"score":798,"play_id":"563ad1d0-5f09-4b74-a438-c27f7d7eebe9","local_time":"20210107003438","is_ascension_mode":false,"campfire_choices":[{"data":"Bromod:RadialJavelin","floor":11.0,"key":"SMITH"},{"data":"Bromod:PressurePoint","floor":15.0,"key":"SMITH"},{"data":"Bromod:FastHands","floor":23.0,"key":"SMITH"},{"data":"Bromod:Flow","floor":30.0,"key":"SMITH"},{"data":"hubris:Fate","floor":32.0,"key":"SMITH"},{"data":"hubris:Fate","floor":40.0,"key":"SMITH"},{"data":"hubris:InfiniteBlow","floor":49.0,"key":"SMITH"}],"circlet_count":0,"master_deck":["Bromod:Strike_Bro","Bromod:Strike_Bro","Bromod:Strike_Bro","Bromod:Defend_Bro","Bromod:Defend_Bro","Bromod:Defend_Bro","Bromod:Defend_Bro","Bromod:SlashDash","Bromod:SlashDash","Bromod:SlashDash","Bromod:ShatteringImpact","Bromod:PressurePoint+1","Bromod:SlashDash","Bromod:BodyCount","Bromod:OrganShatter","Bromod:OrganShatter","Bromod:RadialJavelin+1","Bromod:FinishingTouch","Bromod:KillingBlow","Bromod:NorthWind+1","Bromod:FinishingTouch","Bromod:CollisionForce+1","CurseOfTheBell","Bromod:BloodRush+1","Bromod:FastHands+1","Bromod:RelentlessCombination+1","Bromod:ReflexCoil+1","Bromod:OrganShatter","Bromod:Flow+1","expansioncontent:Corrupt","conspire:Banana","hubris:Fate+1","hubris:Fate+1","Bromod:ShatteringImpact","Bromod:HellsChamber+1","Bromod:ArchwingLauncher+1","Bromod:QuickDraw","Bromod:ShatteringImpact","Bromod:OrganShatter+1","Bromod:SlashDash","Bromod:OrganShatter","Bromod:SlashDash","Bromod:ContagiousSpread+1","Bromod:QuickDraw+1","hubris:InfiniteBlow+2","ReplayTheSpireMod:Echoes of Time","infinitespire:Starlight"],"relics":["Bromod:Ordis","Bromod:AscarisDevice","Tiny Chest","LetterFromLob","Boot","Guard_Bracelet","Centennial Puzzle","DemoMod:MeltedRock","HornCleat","Frozen Egg 2","Calling Bell","theForsaken:Lifeblossom","hubris:MysteriousPyramids","DemoMod:VorpalBullet","Replay:Baseball","ReplayTheSpireMod:ShopPack","Runic Dome","Strawberry","Gem_Box","Runesmith:Nanobots","theForsaken:Gavel","RedMistMask","Omamori","Sozu","vexMod:ConsolationPrize"],"acts_visited":["Exordium","Exordium","TheBeyond"],"potions_floor_usage":[],"damage_taken":[{"damage":1.0,"enemies":"Cultist","floor":1.0,"turns":3.0},{"damage":0.0,"enemies":"2 Louse","floor":2.0,"turns":1.0},{"damage":0.0,"enemies":"Jaw Worm","floor":3.0,"turns":3.0},{"damage":0.0,"enemies":"Exordium Wildlife","floor":4.0,"turns":3.0},{"damage":20.0,"enemies":"3 Sentries","floor":6.0,"turns":5.0},{"damage":13.0,"enemies":"Gremlin Nob","floor":8.0,"turns":3.0},{"damage":0.0,"enemies":"3 Sentries","floor":10.0,"turns":2.0},{"damage":0.0,"enemies":"Large Slime","floor":13.0,"turns":2.0},{"damage":0.0,"enemies":"Exordium Thugs","floor":14.0,"turns":3.0},{"damage":0.0,"enemies":"Slime Boss","floor":16.0,"turns":2.0},{"damage":0.0,"enemies":"theJungle:5_Spyders","floor":18.0,"turns":2.0},{"damage":0.0,"enemies":"theJungle:GiantWrat","floor":19.0,"turns":4.0},{"damage":0.0,"enemies":"theJungle:Snecko_Cultist_And_Trap","floor":21.0,"turns":2.0},{"damage":0.0,"enemies":"theJungle:2_Flameangoes","floor":22.0,"turns":2.0},{"damage":0.0,"enemies":"theJungle:2_Snecko_Cultists","floor":24.0,"turns":2.0},{"damage":8.0,"enemies":"Snake Plant","floor":31.0,"turns":2.0},{"damage":0.0,"enemies":"theJungle:QueenSpyder","floor":33.0,"turns":3.0},{"damage":4.0,"enemies":"3 Shapes","floor":35.0,"turns":3.0},{"damage":0.0,"enemies":"Orb Walker","floor":36.0,"turns":2.0},{"damage":0.0,"enemies":"Transient","floor":38.0,"turns":3.0},{"damage":3.0,"enemies":"4 Shapes","floor":39.0,"turns":1.0},{"damage":0.0,"enemies":"Spire Growth","floor":41.0,"turns":1.0},{"damage":0.0,"enemies":"Sphere and 2 Shapes","floor":44.0,"turns":2.0},{"damage":0.0,"enemies":"Writhing Mass","floor":46.0,"turns":3.0},{"damage":0.0,"enemies":"Donu and Deca","floor":50.0,"turns":2.0},{"damage":30.0,"enemies":"Malkuth","floor":51.0,"turns":3.0},{"damage":26.0,"enemies":"Hod","floor":51.0,"turns":2.0}],"seed_played":"1295818842605253438","potions_obtained":[{"floor":1.0,"key":"hexamod:EctoCoolerPotion"},{"floor":2.0,"key":"DemoMod:BlankPotion"},{"floor":3.0,"key":"Adrenaline Potion"},{"floor":13.0,"key":"Swift Potion"},{"floor":21.0,"key":"SteroidPotion"},{"floor":22.0,"key":"FearPotion"},{"floor":31.0,"key":"ColorlessPotion"}],"is_trial":false,"path_per_floor":["M","M","M","M","?","E","$","E","T","E","R","T","M","M","R","B",null,"M","M","?","M","M","R","M","$","T","AVR","?","T","R","M","R","B",null,"M","M","?","M","M","R","M","$","T","M","?","M","T","AVR","R","B",null,null],"character_chosen":"THE_EXALTED","items_purchased":["Guard_Bracelet","Bromod:OrganShatter","Bromod:RadialJavelin","Bromod:Flow","Bromod:OrganShatter","Bromod:SlashDash","Runesmith:Nanobots"],"campfire_rested":0,"item_purchase_floors":[7,7,7,25,42,42,42],"current_hp_per_floor":[74,74,74,74,74,54,54,41,41,41,41,41,41,41,41,41,75,75,75,75,75,75,75,75,75,75,75,57,64,64,60,60,65,83,79,83,83,84,81,81,81,81,81,84,84,84,84,84,84,84],"gold":200,"neow_bonus":"RANDOM_COMMON_RELIC","is_daily":false,"chose_seed":false,"campfire_upgraded":7,"win_rate":0.0,"timestamp":1609997678,"path_taken":["M","?","M","M","?","E","?","E","T","E","R","?","M","M","R","BOSS","M","M","?","M","M","R","?","$","T","AVR","?","?","R","M","R","BOSS","M","M","?","M","M","R","M","$","T","M","?","?","?","AVR","R","BOSS"],"items_purchased_type":["Relic","Card","Card","Card","Card","Card","Relic"],"build_version":"2020-12-22","purchased_purges":1,"victory":true,"max_hp_per_floor":[75,75,75,75,75,75,75,75,75,75,75,75,75,75,75,75,75,75,75,75,75,75,75,75,75,75,75,75,82,82,83,83,83,83,83,84,84,84,84,84,84,84,84,84,84,84,84,84,84,84],"card_choices":[{"not_picked":["Bromod:HeatedCharge","Bromod:RadialBlind"],"picked":"Bromod:ShatteringImpact","floor":1.0},{"not_picked":["Bromod:Foundry","Bromod:ShatteringImpact"],"picked":"Bromod:PressurePoint","floor":2.0},{"not_picked":["Bromod:Maglev","Bromod:Redirection"],"picked":"Bromod:SlashDash","floor":3.0},{"not_picked":["Bromod:PointBlank","Bromod:Redirection"],"picked":"Bromod:BodyCount","floor":4.0},{"not_picked":["Bromod:ShatteringImpact","Bromod:BodyCount"],"picked":"Bromod:OrganShatter","floor":6.0},{"not_picked":["Bromod:Foundry","Bromod:PointStrike"],"picked":"Bromod:FinishingTouch","floor":8.0},{"not_picked":["Bromod:SlipMagazine","Bromod:PointStrike"],"picked":"Bromod:KillingBlow","floor":10.0},{"not_picked":["Bromod:FormaBlueprint","Bromod:Foundry+1"],"picked":"Bromod:NorthWind+1","floor":13.0},{"not_picked":["Bromod:Adaptation+1","Bromod:SteelFiber+1"],"picked":"Bromod:FinishingTouch","floor":14.0},{"not_picked":["Bromod:ToxicFlight","Bromod:VoltaicStrike"],"picked":"Bromod:CollisionForce+1","floor":16.0},{"not_picked":["Bromod:FormaBlueprint+1","Bromod:SeismicWave+1"],"picked":"Bromod:BloodRush+1","floor":18.0},{"not_picked":["Bromod:QuickDraw","Bromod:ToxicFlight"],"picked":"Bromod:FastHands","floor":19.0},{"not_picked":["Bromod:ReflexCoil","Bromod:EnergySiphon+1"],"picked":"Bromod:RelentlessCombination+1","floor":21.0},{"not_picked":["Bromod:Redirection","Bromod:Vitality"],"picked":"Bromod:ReflexCoil+1","floor":22.0},{"not_picked":["Bromod:Foundry+1","Bromod:Reflection"],"picked":"Bromod:OrganShatter","floor":24.0},{"not_picked":["vexMod:StairwayStrike","hubris:EnhanceAbility"],"picked":"expansioncontent:Corrupt","floor":27.0},{"not_picked":["ReplayTheSpireMod:Trickstab","Replay:SS_forest_5"],"picked":"conspire:Banana","floor":27.0},{"not_picked":["Replay:SS_fish_1","Impatience"],"picked":"Replay:Bootleg Shield Generator","floor":27.0},{"not_picked":["hubris:Rewind","infinitespire:SevenWalls"],"picked":"hubris:Fate","floor":28.0},{"not_picked":["Bromod:TacticalPump","Bromod:BodyCount+1"],"picked":"Bromod:ShatteringImpact","floor":31.0},{"not_picked":["Bromod:ConditionOverload","Bromod:Blaze"],"picked":"Bromod:HellsChamber+1","floor":33.0},{"not_picked":["Bromod:ShatteringImpact+1","Bromod:Vitality+1"],"picked":"Bromod:ArchwingLauncher+1","floor":35.0},{"not_picked":["Bromod:PointBlank","Bromod:SteelFiber+1"],"picked":"Bromod:QuickDraw","floor":36.0},{"not_picked":["Bromod:BulletJump+1","Bromod:Provoked+1"],"picked":"Bromod:ShatteringImpact","floor":38.0},{"not_picked":["Bromod:QuickDraw","Bromod:Rage+1"],"picked":"Bromod:OrganShatter+1","floor":39.0},{"not_picked":["Bromod:EnergySiphon+1","Bromod:SpeedTrigger+1"],"picked":"Bromod:SlashDash","floor":41.0},{"not_picked":["Bromod:SlipMagazine+1","Bromod:Provoked+1"],"picked":"Bromod:ContagiousSpread+1","floor":44.0},{"not_picked":["Bromod:PointStrike+1","Bromod:Rejuvenation+1"],"picked":"Bromod:QuickDraw+1","floor":46.0}],"player_experience":207231,"relics_obtained":[{"floor":1.0,"key":"LetterFromLob"},{"floor":6.0,"key":"Boot"},{"floor":8.0,"key":"Centennial Puzzle"},{"floor":9.0,"key":"DemoMod:MeltedRock"},{"floor":10.0,"key":"HornCleat"},{"floor":12.0,"key":"Frozen Egg 2"},{"floor":17.0,"key":"theForsaken:Lifeblossom"},{"floor":17.0,"key":"hubris:MysteriousPyramids"},{"floor":17.0,"key":"DemoMod:VorpalBullet"},{"floor":26.0,"key":"Replay:Baseball"},{"floor":29.0,"key":"Strawberry"},{"floor":43.0,"key":"theForsaken:Gavel"},{"floor":44.0,"key":"RedMistMask"},{"floor":47.0,"key":"Omamori"}],"event_choices":[{"damage_healed":0.0,"max_hp_gain":0.0,"max_hp_loss":0.0,"gold_gain":0.0,"event_name":"Lab","player_choice":"Got Potions","floor":5.0,"gold_loss":0.0,"damage_taken":0.0},{"damage_healed":0.0,"max_hp_gain":0.0,"max_hp_loss":0.0,"gold_gain":0.0,"event_name":"Wheel of Change","player_choice":"Cursed","floor":20.0,"gold_loss":0.0,"damage_taken":0.0,"cards_obtained":["Decay"]},{"cards_removed":["Replay:Bootleg Shield Generator"],"damage_healed":0.0,"max_hp_gain":0.0,"max_hp_loss":0.0,"gold_gain":0.0,"event_name":"Purifier","player_choice":"Purged","floor":45.0,"gold_loss":0.0,"damage_taken":0.0}],"is_beta":false,"boss_relics":[{"not_picked":["construct:ClawGrip","theForsaken:PaleLantern"],"picked":"Calling Bell"},{"not_picked":["Bromod:ArcaneBarrier","Busted Crown"],"picked":"Gem_Box"}],"items_purged_floors":[42],"is_endless":false,"potions_floor_spawned":[1,2,3,13,21,22,31,35,46],"ascension_level":0}}