{"host":"eydwxg59205c3vtl","time":1609989382,"event":{"mods":["2.2 Compatiblity","BaseMod","Colored Map","Colored Powertips","Hubris","Minty Spire (QoL Compilation)","StSLib","The Jungle","The Necromancer"],"gold_per_floor":[109,109,38,38,52,52,83,83,137,170,20,35,35,50,50,148,148,161,161,176,75,89,89,99,433,433,467,480,358,358,358,358,358,358],"floor_reached":33,"playtime":2469,"items_purged":["Regret","Strike_G"],"score":549,"play_id":"b64fc2ec-f123-4282-b736-48188434442f","local_time":"20210106221622","is_ascension_mode":true,"campfire_choices":[{"data":"Cloak And Dagger","floor":6.0,"key":"SMITH"},{"data":"Dash","floor":8.0,"key":"SMITH"},{"floor":15.0,"key":"REST"},{"data":"Blade Dance","floor":23,"key":"SMITH"},{"data":"Venomology","floor":30,"key":"SMITH"},{"floor":32,"key":"REST"}],"circlet_count":0,"master_deck":["AscendersBane","Strike_G","Strike_G","Strike_G","Defend_G","Defend_G","Defend_G","Defend_G","Defend_G","Survivor","Neutralize","Distraction","Quick Slash","Backflip","Cloak And Dagger+1","Dash+1","Flying Knee","Venomology+1","Crippling Poison","Backstab","Glass Knife","Skewer+1","Cloak And Dagger","Blade Dance+1","Dodge and Roll","Backstab","Leg Sweep","Calculated Gamble","Dagger Spray"],"relics":["Ring of the Snake","NeowsBlessing","Pantograph","Regal Pillow","Nunchaku","hubris:SphereOfDissonance","WristBlade","Enchiridion","Old Coin","hubris:DeckOfHolding","Anchor"],"acts_visited":["Exordium","TheCity"],"potions_floor_usage":[24,25,25,33],"damage_taken":[{"damage":0.0,"enemies":"2 Louse","floor":1.0,"turns":1.0},{"damage":0.0,"enemies":"Jaw Worm","floor":5.0,"turns":1.0},{"damage":0.0,"enemies":"Lagavulin","floor":7.0,"turns":1.0},{"damage":32.0,"enemies":"3 Sentries","floor":10.0,"turns":7.0},{"damage":0.0,"enemies":"Cultist","floor":12.0,"turns":3.0},{"damage":3.0,"enemies":"Red Slaver","floor":14.0,"turns":2.0},{"damage":25.0,"enemies":"The Guardian","floor":16.0,"turns":9.0},{"damage":0,"enemies":"Shell Parasite","floor":18,"turns":1},{"damage":6,"enemies":"2 Thieves","floor":20,"turns":2},{"damage":10,"enemies":"3 Cultists","floor":22,"turns":5},{"damage":0,"enemies":"Cultist and Chosen","floor":24,"turns":4},{"damage":0,"enemies":"Gremlin Leader","floor":25,"turns":6},{"damage":22,"enemies":"Slavers","floor":27,"turns":6},{"damage":0,"enemies":"Centurion and Healer","floor":28,"turns":2},{"damage":92,"enemies":"Automaton","floor":33,"turns":6}],"seed_played":"-8348914376698617828","potions_obtained":[{"floor":1.0,"key":"Swift Potion"},{"floor":12.0,"key":"Regen Potion"},{"floor":20,"key":"Fire Potion"},{"floor":28,"key":"AttackPotion"}],"is_trial":false,"path_per_floor":["M","?","$","?","M","R","E","R","T","E","$","M","$","M","R","B",null,"M","?","M","$","M","R","M","E","T","E","M","$","R","?","R","B"],"character_chosen":"THE_SILENT","items_purchased":["Quick Slash","Backflip","Venomology","Blade Dance","Dagger Spray"],"campfire_rested":2,"item_purchase_floors":[3,3,11,21,29],"current_hp_per_floor":[63,63,63,63,63,63,63,63,63,31,31,31,31,28,64,45,64,64,48,42,42,32,32,32,47,47,25,25,25,25,25,61,0,0],"gold":358,"neow_bonus":"THREE_ENEMY_KILL","is_daily":false,"chose_seed":false,"campfire_upgraded":4,"win_rate":0.0,"timestamp":1609989382,"path_taken":["M","?","$","?","?","R","E","R","T","E","$","M","?","M","R","BOSS","M","?","M","$","M","R","M","E","T","E","M","$","R","?","R","BOSS"],"items_purchased_type":["Card","Card","Card","Card","Card"],"build_version":"2020-12-22","purchased_purges":2,"victory":false,"max_hp_per_floor":[70,70,70,70,70,70,70,70,70,70,70,70,70,70,70,70,70,70,70,70,70,70,70,70,70,70,70,70,70,70,70,70,70,70],"card_choices":[{"not_picked":["Eviscerate","Finisher"],"picked":"Distraction","floor":1.0},{"not_picked":["Endless Agony","Flechettes"],"picked":"Dash","floor":5.0},{"not_picked":["Underhanded Strike","Deadly Poison"],"picked":"Flying Knee","floor":7.0},{"not_picked":["hubris:TrickCloak","Dagger Throw","Setup"],"picked":"SKIP","floor":10.0},{"not_picked":["Masterful Stab","Tools of the Trade"],"picked":"Crippling Poison","floor":12.0},{"not_picked":["Dodge and Roll","Quick Slash"],"picked":"Backstab","floor":14.0},{"not_picked":["Wraith Form v2","Bullet Time"],"picked":"Glass Knife","floor":16.0},{"not_picked":["Acrobatics+1","Noxious Fumes"],"picked":"Skewer+1","floor":18},{"not_picked":["Deadly Poison","Acrobatics"],"picked":"Cloak And Dagger","floor":20},{"not_picked":["Dagger Throw","Escape Plan","Masterful Stab"],"picked":"SKIP","floor":22},{"not_picked":["Prepared","Underhanded Strike"],"picked":"Dodge and Roll","floor":24},{"not_picked":["Doppelganger","Bane"],"picked":"Backstab","floor":25},{"not_picked":["Blade Dance+1","hubris:Sniper"],"picked":"Leg Sweep","floor":27},{"not_picked":["Deflect","PiercingWail"],"picked":"Calculated Gamble","floor":28}],"player_experience":598572,"relics_obtained":[{"floor":7.0,"key":"Regal Pillow"},{"floor":9.0,"key":"Nunchaku"},{"floor":10.0,"key":"hubris:SphereOfDissonance"},{"floor":19,"key":"Enchiridion"},{"floor":25,"key":"Old Coin"},{"floor":26,"key":"hubris:DeckOfHolding"},{"floor":27,"key":"Anchor"}],"event_choices":[{"damage_healed":0.0,"max_hp_gain":0.0,"max_hp_loss":0.0,"gold_gain":0.0,"event_name":"Big Fish","player_choice":"Box","floor":2.0,"gold_loss":0.0,"damage_taken":0.0,"relics_obtained":["Pantograph"],"cards_obtained":["Regret"]},{"damage_healed":0.0,"max_hp_gain":0.0,"max_hp_loss":0.0,"gold_gain":0.0,"cards_transformed":["Strike_G"],"event_name":"Transmorgrifier","player_choice":"Transformed","floor":4.0,"gold_loss":0.0,"damage_taken":0.0,"cards_obtained":["Cloak And Dagger"]},{"damage_healed":0,"gold_gain":0,"player_choice":"Obtained Book","damage_taken":16,"max_hp_gain":0,"max_hp_loss":0,"event_name":"Cursed Tome","floor":19,"gold_loss":0},{"damage_healed":0,"gold_gain":0,"player_choice":"Ignored","damage_taken":0,"max_hp_gain":0,"max_hp_loss":0,"event_name":"Ghosts","floor":31,"gold_loss":0}],"is_beta":false,"boss_relics":[{"not_picked":["Coffee Dripper","hubris:CrackedHourglass"],"picked":"WristBlade"}],"items_purged_floors":[21,29],"is_endless":false,"potions_floor_spawned":[1,12,20,22,24,28],"killed_by":"Automaton","ascension_level":12}}