{"host":"1kq2ingo3j45gyyp","time":1609995457,"event":{"mods":["BaseMod","Better Note","Better Third Choice","Downfall","Minty Spire (QoL Compilation)","StSLib"],"gold_per_floor":[99,114,134,80,90,41,112,123,48,48,33,46,46,46,58,154,204,129,143,143,143,128,140,167,181,91,103,103,103,103],"floor_reached":28,"playtime":1279,"items_purged":["Slimebound:Tackle"],"score":235,"play_id":"b9938e48-0092-40da-a776-38959a49ffe6","local_time":"20210106235737","is_ascension_mode":false,"campfire_choices":[{"floor":1,"key":"RECALL"},{"floor":9,"key":"REST"},{"floor":13,"key":"REST"},{"data":"Slimebound:SlimeBarrage","floor":18,"key":"SMITH"}],"circlet_count":0,"master_deck":["Slimebound:Strike_Slimebound","Slimebound:Strike_Slimebound+1","Slimebound:Strike_Slimebound+1","Slimebound:Defend_Slimebound","Slimebound:Defend_Slimebound","Slimebound:Defend_Slimebound","Slimebound:Defend_Slimebound","Slimebound:Split+1","Slimebound:CorrosiveSpit","Slimebound:LeadByExample","Slimebound:SlimeBarrage+1","Slimebound:ProtectTheBoss","Slimebound:LeadByExample","Slimebound:RejuvenatingLick","Slimebound:SplitLeeching","Slimebound:SplitLeeching","Slimebound:SplitMire","Slimebound:MassFeed+1","Slimebound:MegaLick","Slimebound:RejuvenatingLick","Slimebound:Repurpose","Slimebound:SlimeTap","Slimebound:SplitBruiser","Slimebound:SplitLeeching"],"relics":["Slimebound:AbsorbEndCombat","downfall:HeartBlessingBlue","NlothsMask","Tiny House","downfall:HeartBlessingRed","Whetstone"],"acts_visited":["Exordium","TheCity"],"potions_floor_usage":[12,16,23,28],"damage_taken":[{"damage":8,"enemies":"Cultist","floor":2,"turns":3},{"damage":14,"enemies":"Jaw Worm","floor":3,"turns":3},{"damage":16,"enemies":"downfall:FleeingMerchant","floor":4,"turns":4},{"damage":17,"enemies":"2 Louse","floor":5,"turns":2},{"damage":20,"enemies":"downfall:FleeingMerchant","floor":6,"turns":4},{"damage":24,"enemies":"Lots of Slimes","floor":8,"turns":4},{"damage":18,"enemies":"downfall:FleeingMerchant","floor":11,"turns":4},{"damage":45,"enemies":"Exordium Thugs","floor":12,"turns":6},{"damage":23,"enemies":"Large Slime","floor":15,"turns":5},{"damage":62,"enemies":"downfall:Silent","floor":16,"turns":8},{"damage":30,"enemies":"Spheric Guardian","floor":19,"turns":5},{"damage":30,"enemies":"downfall:FleeingMerchant","floor":22,"turns":4},{"damage":34,"enemies":"3 Byrds","floor":23,"turns":4},{"damage":36,"enemies":"Centurion and Healer","floor":25,"turns":6},{"damage":26,"enemies":"downfall:FleeingMerchant","floor":26,"turns":4},{"damage":48,"enemies":"Cultist and Chosen","floor":27,"turns":8},{"damage":72,"enemies":"Slavers","floor":28,"turns":3}],"seed_played":"-1754510842987528845","potions_obtained":[{"floor":5,"key":"sneckomod:MuddlingPotion"},{"floor":8,"key":"sneckomod:MuddlingPotion"},{"floor":12,"key":"AttackPotion"},{"floor":17,"key":"FearPotion"},{"floor":21,"key":"SmokeBomb"},{"floor":21,"key":"LiquidBronze"},{"floor":21,"key":"Ancient Potion"},{"floor":23,"key":"Ancient Potion"},{"floor":27,"key":"hexamod:EctoCoolerPotion"}],"is_trial":false,"path_per_floor":["R","M","M","$","M","$","T","M","R","?","$","M","R","T","M","B",null,"R","M","?","?","$","M","T","M","$","M","E"],"character_chosen":"SLIMEBOUND","items_purchased":["Slimebound:SlimeBarrage","Slimebound:LeadByExample"],"campfire_rested":2,"item_purchase_floors":[4,6],"current_hp_per_floor":[60,60,54,52,45,37,37,23,54,54,54,27,48,48,49,27,75,75,63,63,63,57,49,49,49,51,43,0,0,0],"gold":103,"neow_bonus":"UPGRADE_CARD","is_daily":false,"chose_seed":false,"campfire_upgraded":1,"win_rate":0.0,"timestamp":1609995457,"path_taken":["R","M","M","$","M","?","T","?","R","?","$","?","R","?","M","BOSS","R","M","?","?","$","M","T","?","?","M","E"],"items_purchased_type":["Card","Card"],"build_version":"2020-12-22","purchased_purges":1,"victory":false,"max_hp_per_floor":[60,60,60,60,60,60,60,60,70,70,70,70,70,70,70,70,75,75,75,75,75,75,75,75,79,79,79,79,79,79],"card_choices":[{"not_picked":["Slimebound:RollThrough","Slimebound:LeechingTouch","Slimebound:LeechEnergy"],"picked":"SKIP","floor":2},{"not_picked":["Slimebound:Dissolve","Slimebound:LeechingTouch"],"picked":"Slimebound:LeadByExample","floor":3},{"not_picked":["Slimebound:Schlurp","Slimebound:ServeAndProtect","Slimebound:FinishingTackle"],"picked":"SKIP","floor":4},{"not_picked":["Slimebound:ViciousTackle","Slimebound:FinishingTackle"],"picked":"Slimebound:ProtectTheBoss","floor":5},{"not_picked":["Slimebound:BestDefense","Slimebound:LeechEnergy","Slimebound:GoopSpray"],"picked":"SKIP","floor":6},{"not_picked":["Slimebound:RollThrough","Slimebound:RainOfGoop"],"picked":"Slimebound:RejuvenatingLick","floor":8},{"not_picked":["Slimebound:MassFeed","Slimebound:SplitBruiser"],"picked":"Slimebound:SplitLeeching","floor":11},{"not_picked":["Slimebound:GrowthPunch","Slimebound:PrepareCrush"],"picked":"Slimebound:SplitLeeching","floor":12},{"not_picked":["Slimebound:TongueLash","Slimebound:RollThrough"],"picked":"Slimebound:SplitMire","floor":15},{"not_picked":["Slimebound:SlimeSlap","Slimebound:OozeBath"],"picked":"Slimebound:MassFeed","floor":16},{"not_picked":["Slimebound:SamplingLick","Slimebound:LeechEnergy"],"picked":"Slimebound:MegaLick","floor":17},{"not_picked":["Slimebound:ViciousTackle","Slimebound:LeadByExample"],"picked":"Slimebound:RejuvenatingLick","floor":19},{"not_picked":["Slimebound:TongueLash","Slimebound:ViciousTackle+1"],"picked":"Slimebound:Repurpose","floor":22},{"not_picked":["Slimebound:SlimeSpikes+1","Slimebound:ComboTackle"],"picked":"Slimebound:SlimeTap","floor":23},{"not_picked":["Slimebound:GrowthPunch","Slimebound:SlimeSpikes"],"picked":"Slimebound:SplitBruiser","floor":25},{"not_picked":["Slimebound:DivideAndConquer","Slimebound:DouseInSlime"],"picked":"Slimebound:SplitLeeching","floor":26},{"not_picked":["Slimebound:BestDefense","Slimebound:GoopSpray","Slimebound:SlimeBrawl+1"],"picked":"SKIP","floor":27}],"player_experience":850685,"relics_obtained":[{"floor":24,"key":"Whetstone"}],"event_choices":[{"damage_healed":0,"gold_gain":0,"player_choice":"Trade","damage_taken":0,"relics_obtained":["NlothsMask"],"max_hp_gain":0,"max_hp_loss":0,"event_name":"FaceTrader","floor":10,"gold_loss":0},{"damage_healed":0,"gold_gain":0,"player_choice":"Ignored","damage_taken":0,"max_hp_gain":0,"max_hp_loss":0,"event_name":"betterNote:BetterNote","floor":20,"gold_loss":0,"cards_obtained":["Blind"]},{"damage_healed":0,"gold_gain":0,"player_choice":"Got Potions","damage_taken":0,"max_hp_gain":0,"max_hp_loss":0,"event_name":"Lab","floor":21,"gold_loss":0}],"is_beta":false,"boss_relics":[{"not_picked":["Black Star","Pandora\u0027s Box"],"picked":"Tiny House"}],"items_purged_floors":[26],"is_endless":false,"potions_floor_spawned":[5,8,12,23,27],"killed_by":"Slavers","ascension_level":0}}