{"host":"36mulxq349byzoa2","time":1609978700,"event":{"mods":["AchievementEnabler","BaseMod","Better Match","Block Reminder","Colored Map","Colored Powertips","Minty Spire (QoL Compilation)","Rare Cards Sparkle","StSLib","SuperFastMode"],"gold_per_floor":[118,118,118,138,37,37,77,100,124,143,166,166,180,204,204,298,298,274,299,349,349,34,34,34],"floor_reached":23,"playtime":656,"items_purged":["Defend_G","Strike_G"],"score":376,"play_id":"1943f994-8e3a-4855-9a4f-2f741bfb4e22","local_time":"20210106191820","is_ascension_mode":true,"campfire_choices":[{"data":"Predator","floor":6,"key":"SMITH"},{"floor":12,"key":"REST"},{"data":"Noxious Fumes","floor":15,"key":"SMITH"}],"circlet_count":0,"master_deck":["AscendersBane","Strike_G","Strike_G","Strike_G","Defend_G","Defend_G","Defend_G","Defend_G","Survivor","Neutralize","Flying Knee","Predator+1","PiercingWail","Blur","Backflip","Deflect","Noxious Fumes+1","Deadly Poison","Acrobatics","Burst","Quick Slash","Dagger Spray","Apotheosis"],"relics":["Runic Dome","Golden Idol","Regal Pillow","Oddly Smooth Stone","Fusion Hammer"],"acts_visited":["Exordium","TheCity"],"potions_floor_usage":[7,14,16,18],"damage_taken":[{"damage":19,"enemies":"Jaw Worm","floor":1,"turns":6},{"damage":1,"enemies":"Cultist","floor":4,"turns":4},{"damage":20,"enemies":"Lagavulin","floor":7,"turns":5},{"damage":1,"enemies":"2 Louse","floor":8,"turns":2},{"damage":10,"enemies":"2 Fungi Beasts","floor":10,"turns":3},{"damage":1,"enemies":"Exordium Thugs","floor":11,"turns":5},{"damage":5,"enemies":"Looter","floor":13,"turns":3},{"damage":0,"enemies":"Lots of Slimes","floor":14,"turns":3},{"damage":25,"enemies":"The Guardian","floor":16,"turns":12},{"damage":5,"enemies":"2 Thieves","floor":18,"turns":4},{"damage":12,"enemies":"Chosen","floor":19,"turns":7},{"damage":51,"enemies":"Slavers","floor":23,"turns":3}],"seed_played":"633584883039261178","potions_obtained":[{"floor":4,"key":"Strength Potion"},{"floor":7,"key":"CunningPotion"},{"floor":14,"key":"Explosive Potion"},{"floor":16,"key":"Block Potion"}],"is_trial":false,"path_per_floor":["M","?","?","M","$","R","E","M","T","M","M","R","M","M","R","B",null,"M","M","?","?","$","E"],"character_chosen":"THE_SILENT","items_purchased":["PiercingWail","Apotheosis"],"campfire_rested":1,"item_purchase_floors":[5,22],"current_hp_per_floor":[40,40,40,39,39,39,19,18,18,8,7,40,35,35,35,10,48,43,31,31,31,31,0,0],"gold":34,"neow_bonus":"BOSS_RELIC","is_daily":false,"chose_seed":false,"campfire_upgraded":2,"win_rate":0.0,"timestamp":1609978700,"path_taken":["M","?","?","M","?","R","E","?","T","M","?","R","M","M","R","BOSS","M","M","?","?","$","E"],"items_purchased_type":["Card","Card"],"build_version":"2020-12-22","purchased_purges":2,"victory":false,"max_hp_per_floor":[66,60,60,60,60,60,60,60,60,60,60,60,60,60,60,60,60,60,60,60,60,60,60,60],"card_choices":[{"not_picked":["Bane","Sucker Punch"],"picked":"Flying Knee","floor":1},{"not_picked":["Endless Agony","Outmaneuver"],"picked":"Predator","floor":4},{"not_picked":["Underhanded Strike","Tools of the Trade"],"picked":"Blur","floor":7},{"not_picked":["Riddle With Holes","Quick Slash"],"picked":"Backflip","floor":8},{"not_picked":["Tactician","Masterful Stab"],"picked":"Deflect","floor":10},{"not_picked":["Blade Dance","Concentrate"],"picked":"Noxious Fumes","floor":11},{"not_picked":["Bane","Backflip"],"picked":"Deadly Poison","floor":13},{"not_picked":["Predator","Riddle With Holes"],"picked":"Acrobatics","floor":14},{"not_picked":["Envenom","Venomology"],"picked":"Burst","floor":16},{"not_picked":["PiercingWail+1","Predator","Underhanded Strike"],"picked":"SKIP","floor":18},{"not_picked":["Underhanded Strike","Blade Dance"],"picked":"Quick Slash","floor":19}],"player_experience":1011229,"relics_obtained":[{"floor":7,"key":"Regal Pillow"},{"floor":9,"key":"Oddly Smooth Stone"}],"event_choices":[{"damage_healed":0,"gold_gain":0,"player_choice":"Lose Max HP","damage_taken":0,"relics_obtained":["Golden Idol"],"max_hp_gain":0,"max_hp_loss":6,"event_name":"Golden Idol","floor":2,"gold_loss":0},{"damage_healed":0,"gold_gain":0,"player_choice":"Ignored","damage_taken":0,"max_hp_gain":0,"max_hp_loss":0,"event_name":"Liars Game","floor":3,"gold_loss":0},{"damage_healed":0,"gold_gain":50,"player_choice":"Stole From Cult","damage_taken":0,"max_hp_gain":0,"max_hp_loss":0,"event_name":"Nest","floor":20,"gold_loss":0},{"damage_healed":0,"gold_gain":0,"cards_transformed":["Strike_G"],"player_choice":"Transformed","damage_taken":0,"max_hp_gain":0,"max_hp_loss":0,"event_name":"Transmorgrifier","floor":21,"gold_loss":0,"cards_obtained":["Dagger Spray"]}],"is_beta":false,"boss_relics":[{"not_picked":["Coffee Dripper","Calling Bell"],"picked":"Fusion Hammer"}],"items_purged_floors":[5,22],"is_endless":false,"potions_floor_spawned":[4,7,14,16],"killed_by":"Slavers","ascension_level":19}}