{"host":"ttzdpsscxkem3xrs","time":1609983488,"event":{"mods":["BaseMod","Colored Map","Downfall","Minty Spire (QoL Compilation)","Replay The Spire","StSLib","The Cursed","The Hierophant"],"gold_per_floor":[109,131,3,24,24,52,52,79,79,79,104,104,4,4,4,0,0],"floor_reached":16,"playtime":581,"items_purged":["hierophant:Strike_Hierophant","hierophant:Defend_Hierophant"],"score":100,"play_id":"ddfb5e02-6cef-48c4-af6d-c233b3ac29fc","local_time":"20210106173808","is_ascension_mode":false,"campfire_choices":[{"data":"1","floor":7,"key":"LIFT"},{"floor":12,"key":"REST"},{"data":"hierophant:Endure","floor":15,"key":"SMITH"}],"circlet_count":0,"master_deck":["hierophant:Strike_Hierophant","hierophant:Strike_Hierophant","hierophant:Strike_Hierophant","hierophant:Punish","hierophant:Defend_Hierophant","hierophant:Defend_Hierophant","hierophant:Defend_Hierophant+1","hierophant:ChurchCoffers","hierophant:Doubloon","hierophant:Endure+1","hierophant:HolyVerse","hierophant:HolyVerse","hierophant:Smite","hierophant:MorningPrayer+1","hierophant:Flagellation"],"relics":["hierophant:PropheticMaskRelic","Girya","Lantern","Bag of Marbles"],"acts_visited":["Exordium"],"potions_floor_usage":[16],"damage_taken":[{"damage":6,"enemies":"Cultist","floor":1,"turns":3},{"damage":3,"enemies":"Small Slimes","floor":2,"turns":3},{"damage":0,"enemies":"2 Louse","floor":4,"turns":2},{"damage":2,"enemies":"Blue Slaver","floor":6,"turns":3},{"damage":10,"enemies":"Replay:BlueRogue","floor":8,"turns":4},{"damage":0,"enemies":"Large Slime","floor":11,"turns":1},{"damage":55,"enemies":"Hexaghost","floor":16,"turns":10}],"seed_played":"-9003545195601003301","potions_obtained":[{"floor":2,"key":"SpeedPotion"},{"floor":4,"key":"Fire Potion"},{"floor":8,"key":"Strength Potion"}],"is_trial":false,"path_per_floor":["M","M","$","M","$","M","R","E","T","?","M","R","$","?","R","B"],"character_chosen":"HIEROPHANT","items_purchased":["hierophant:HolyVerse"],"campfire_rested":1,"item_purchase_floors":[3],"current_hp_per_floor":[62,59,59,59,59,57,57,47,47,47,47,67,67,53,53,0,0],"gold":0,"neow_bonus":"ONE_RARE_RELIC","is_daily":false,"chose_seed":false,"campfire_upgraded":1,"win_rate":0.0,"timestamp":1609983488,"path_taken":["M","?","$","M","?","M","R","E","T","?","M","R","$","?","R","BOSS"],"items_purchased_type":["Card"],"build_version":"2020-12-22","purchased_purges":2,"victory":false,"max_hp_per_floor":[68,68,68,68,68,68,68,68,68,68,68,68,68,68,68,68,68],"card_choices":[{"not_picked":["hierophant:SecretStash","hierophant:PristineSoul"],"picked":"hierophant:Doubloon","floor":1},{"not_picked":["hierophant:DisplayOfPower","hierophant:Purify"],"picked":"hierophant:Endure","floor":2},{"not_picked":["hierophant:Martyrdom","hierophant:PristineSoul"],"picked":"hierophant:HolyVerse","floor":4},{"not_picked":["hierophant:Community","hierophant:HolyVerse"],"picked":"hierophant:Smite","floor":6},{"not_picked":["hierophant:OrnateBuckler","hierophant:Glossolalia"],"picked":"hierophant:MorningPrayer","floor":8},{"not_picked":["hierophant:AuricForm","hierophant:ThreeLashes"],"picked":"hierophant:Flagellation","floor":11}],"player_experience":1305590,"relics_obtained":[{"floor":8,"key":"Lantern"},{"floor":9,"key":"Bag of Marbles"}],"event_choices":[{"damage_healed":0,"gold_gain":0,"player_choice":"Ignored","damage_taken":0,"max_hp_gain":0,"max_hp_loss":0,"event_name":"Liars Game","floor":10,"gold_loss":0},{"damage_healed":0,"gold_gain":0,"player_choice":"Entered Light","damage_taken":14,"max_hp_gain":0,"max_hp_loss":0,"event_name":"Shining Light","floor":14,"gold_loss":0,"cards_upgraded":["hierophant:Defend_Hierophant","hierophant:MorningPrayer"]}],"is_beta":false,"boss_relics":[],"items_purged_floors":[3,13],"is_endless":false,"potions_floor_spawned":[2,4,8],"killed_by":"Hexaghost","ascension_level":0}}