{"host":"zksvs3x2ysy9npnz","time":1609983321,"event":{"mods":["Aspiration","BaseMod","Beaked The Cultist","BetterRewards","Clockwork Mod","Colored Map","Conspire","Downfall","Duelist Mod","Ekko","Halation","Highlight Path","Hubris","Hunter ??","Infinite Spire","Jedi Mod","JesterMod","Minty Spire (QoL Compilation)","Permanent Neow","Quick Restart","Relic Stats","Replay The Spire","Retaliation","Shade Mod","Shop Mod","StSLib"],"gold_per_floor":[99,114,127,127,140,140,140,140,140,174,174,205,205,234,244,320,320,320,338,338,338,48,77,130,55,86,86,86,115,40,25,39,112,112,37,55,65,65,65,0,26,26,53,53,66,66,66,91,111,111],"floor_reached":51,"playtime":3519,"items_purged":["Guardian:Strike_Guardian","Guardian:Strike_Guardian","Guardian:Strike_Guardian"],"score":1510,"play_id":"f39b1be9-de91-4365-8ef1-2d3f26aaea6c","local_time":"20210107023521","is_ascension_mode":true,"campfire_choices":[{"data":"Guardian:CurlUp","floor":1,"key":"SMITH"},{"data":"Guardian:FloatingOrbs","floor":6,"key":"SMITH"},{"data":"Guardian:Harden","floor":9,"key":"SMITH"},{"data":"Guardian:AncientConstruct","floor":11,"key":"SMITH"},{"data":"Guardian:PiercingHide","floor":18,"key":"SMITH"},{"data":"Guardian:TimeSifter","floor":25,"key":"SMITH"},{"floor":27,"key":"REST"},{"floor":30,"key":"RECALL"},{"data":"Guardian:StasisEngine","floor":35,"key":"SMITH"},{"data":"Guardian:FuturePlans","floor":42,"key":"SMITH"},{"data":"Guardian:FuturePlans","floor":44,"key":"SMITH"},{"data":"Guardian:SphericShield","floor":47,"key":"SMITH"}],"circlet_count":0,"master_deck":["AscendersBane","Guardian:Defend_Guardian","Guardian:Defend_Guardian","Guardian:Defend_Guardian","Guardian:Defend_Guardian","Guardian:CurlUp+1","Guardian:TwinSlam+1","Guardian:AncientConstruct+1","Guardian:Harden+1","Guardian:FloatingOrbs+1","Guardian:Harden+1","Guardian:TimeSifter+1","Guardian:PiercingHide+1","Guardian:Planning","infinitespire:Gouge","Guardian:FuturePlans+1","Guardian:FuturePlans+1","Guardian:StasisEngine+1","Guardian:SphericShield+1","Guardian:TimeCapacitor","Guardian:ShieldSpikes+1","Guardian:Harden"],"relics":["PureWater","infinitespire:Cubic Diamond","Smiling Mask","Omamori","jedi:angrymask","aspiration:PoetsPen_weak","halation:AfternoonTea","Replay:WaspNest","PreservedInsect","downfall:HeartBlessingBlue","halation:KoshaPiece","Eternal Feather","Potion Belt","downfall:HeartBlessingGreen","Busted Crown","downfall:HeartBlessingRed","conspire:Dentures","hubris:ScarierMask","hubris:Icosahedron","Guardian:PickAxe","jedi:crownofsimplicity","conspire:DeflatedDodgeball"],"acts_visited":["Exordium","TheCity","TheBeyond"],"potions_floor_usage":[16,33,36],"damage_taken":[{"damage":6,"enemies":"Small Slimes","floor":2,"turns":5},{"damage":3,"enemies":"Jaw Worm","floor":3,"turns":7},{"damage":0,"enemies":"2 Louse","floor":5,"turns":4},{"damage":16,"enemies":"Gremlin Nob","floor":10,"turns":6},{"damage":8,"enemies":"Lagavulin","floor":12,"turns":11},{"damage":10,"enemies":"3 Sentries","floor":14,"turns":9},{"damage":0,"enemies":"Blue Slaver","floor":15,"turns":4},{"damage":7,"enemies":"downfall:Watcher","floor":16,"turns":13},{"damage":0,"enemies":"Shell Parasite","floor":19,"turns":6},{"damage":0,"enemies":"downfall:FleeingMerchant","floor":22,"turns":4},{"damage":15,"enemies":"Book of Stabbing","floor":23,"turns":6},{"damage":6,"enemies":"Gremlin Leader","floor":26,"turns":8},{"damage":23,"enemies":"Slavers","floor":29,"turns":5},{"damage":0,"enemies":"downfall:FleeingMerchant","floor":31,"turns":4},{"damage":0,"enemies":"Spheric Guardian","floor":32,"turns":5},{"damage":47,"enemies":"downfall:Ironclad","floor":33,"turns":10},{"damage":3,"enemies":"3 Darklings","floor":36,"turns":6},{"damage":10,"enemies":"Orb Walker","floor":37,"turns":5},{"damage":0,"enemies":"downfall:FleeingMerchant","floor":40,"turns":4},{"damage":0,"enemies":"Nightmare","floor":43,"turns":7},{"damage":0,"enemies":"Spire Growth","floor":45,"turns":5},{"damage":22,"enemies":"Reptomancer","floor":48,"turns":7},{"damage":7,"enemies":"3 Darklings","floor":49,"turns":5},{"damage":0,"enemies":"downfall:Defect","floor":50,"turns":8}],"seed_played":"1640402964821495808","potions_obtained":[{"floor":12,"key":"DDmod:CleansePotion"},{"floor":14,"key":"BlessingOfTheForge"},{"floor":23,"key":"Doom Potion"},{"floor":33,"key":"AttackPotion"},{"floor":36,"key":"PowerPotion"},{"floor":49,"key":"jedi:StrikingPotion"}],"is_trial":false,"path_per_floor":["R_BF","M","M","?","M","R","T","?","R","E","R","E","?","E","M","B",null,"R","M","?","?","$","E","T","R","E","R","T","E","R","$","M","B",null,"R","M","M","AVR","?","$","T","R","NM","R","M","?","R","E","M","B",null],"character_chosen":"GUARDIAN","items_purchased":["halation:AfternoonTea","Guardian:FuturePlans"],"campfire_rested":1,"item_purchase_floors":[22,22],"current_hp_per_floor":[65,59,56,56,56,56,56,56,56,40,40,32,32,22,22,15,58,58,58,41,45,45,30,30,40,34,58,58,49,61,61,61,14,65,77,74,64,64,64,64,64,76,76,82,82,70,82,60,53,53],"gold":111,"neow_bonus":"ONE_RANDOM_RARE_CARD","is_daily":false,"chose_seed":false,"campfire_upgraded":10,"win_rate":0.0,"timestamp":1609983321,"path_taken":["R_BF","M","M","?","M","R","T","?","R","E","R","E","?","E","M","BOSS","R","M","?","?","$","E","T","R","E","R","?","E","R","$","M","BOSS","R","M","M","AVR","?","$","T","R","NM","R","M","?","R","E","M","BOSS"],"items_purchased_type":["Relic","Card"],"build_version":"2020-12-22","purchased_purges":3,"victory":true,"max_hp_per_floor":[72,72,72,72,72,72,72,72,72,72,72,72,72,72,72,72,72,72,72,72,72,72,72,72,82,82,82,82,82,82,82,82,82,82,82,82,82,82,82,82,82,82,82,82,82,82,82,82,82,82],"relic_stats":{"Busted Crown":20,"counters":[24,154],"Eternal Feather":54,"PreservedInsect":299,"Smiling Mask":75,"obtain_stats":[{"Potion Belt":29,"conspire:Dentures":38,"jedi:angrymask":14,"downfall:HeartBlessingRed":35,"Guardian:ModeShifter":0,"Eternal Feather":28,"downfall:HeartBlessingGreen":30,"infinitespire:Cubic Diamond":4,"aspiration:PoetsPen_weak":17,"Replay:WaspNest":23,"PreservedInsect":24,"Omamori":12,"jedi:crownofsimplicity":43,"Smiling Mask":10,"Guardian:PickAxe":41,"Busted Crown":34,"hubris:Icosahedron":39,"downfall:HeartBlessingBlue":25,"hubris:ScarierMask":38,"halation:KoshaPiece":26,"halation:AfternoonTea":22,"PureWater":4,"conspire:DeflatedDodgeball":48},{"Potion Belt":13,"conspire:Dentures":18,"jedi:angrymask":6,"downfall:HeartBlessingRed":16,"Guardian:ModeShifter":0,"Eternal Feather":12,"downfall:HeartBlessingGreen":13,"infinitespire:Cubic Diamond":2,"aspiration:PoetsPen_weak":8,"Replay:WaspNest":11,"PreservedInsect":11,"Omamori":5,"jedi:crownofsimplicity":20,"Smiling Mask":4,"Guardian:PickAxe":19,"Busted Crown":16,"hubris:Icosahedron":18,"downfall:HeartBlessingBlue":11,"hubris:ScarierMask":18,"halation:KoshaPiece":12,"halation:AfternoonTea":10,"PureWater":2,"conspire:DeflatedDodgeball":22},{"Potion Belt":88,"conspire:Dentures":118,"jedi:angrymask":42,"downfall:HeartBlessingRed":107,"Guardian:ModeShifter":0,"Eternal Feather":83,"downfall:HeartBlessingGreen":88,"infinitespire:Cubic Diamond":12,"aspiration:PoetsPen_weak":59,"Replay:WaspNest":75,"PreservedInsect":75,"Omamori":33,"jedi:crownofsimplicity":129,"Smiling Mask":22,"Guardian:PickAxe":122,"Busted Crown":107,"hubris:Icosahedron":118,"downfall:HeartBlessingBlue":75,"hubris:ScarierMask":118,"halation:KoshaPiece":83,"halation:AfternoonTea":69,"PureWater":12,"conspire:DeflatedDodgeball":141}]},"card_choices":[{"not_picked":["Guardian:TimeCapacitor","Guardian:TemporalShield"],"picked":"Guardian:Harden","floor":2},{"not_picked":["Guardian:Repulse","Guardian:CrystalBeam"],"picked":"Guardian:FloatingOrbs","floor":3},{"not_picked":["Guardian:TimeBomb","Guardian:FuturePlans"],"picked":"Guardian:Harden","floor":5},{"not_picked":["Guardian:FastForward","Guardian:Gem_Green"],"picked":"Guardian:TimeSifter","floor":10},{"not_picked":["Guardian:ChargeCore","Guardian:Gem_Green"],"picked":"Guardian:PiercingHide","floor":12},{"not_picked":["Guardian:PrismaticBarrier","Guardian:Gem_Yellow","Guardian:ChargeCore"],"picked":"SKIP","floor":14},{"not_picked":["Guardian:ChargeUp","Guardian:RevengeProtocol"],"picked":"Guardian:Gem_Green","floor":15},{"not_picked":["Guardian:StasisField","Guardian:StasisStrike"],"picked":"Guardian:Gem_Orange","floor":16},{"not_picked":["Guardian:TimeBomb","Guardian:CrystalBeam"],"picked":"Guardian:Planning","floor":19},{"not_picked":["infinitespire:Fortify","infinitespire:Menacing"],"picked":"infinitespire:Gouge","floor":20},{"not_picked":["Guardian:Gem_Green","Guardian:ShieldCharger"],"picked":"Guardian:Gem_Cyan","floor":22},{"not_picked":["Guardian:RefractedBeam","Guardian:GemFire"],"picked":"Guardian:StasisEngine","floor":23},{"not_picked":["Guardian:TemporalShield","Guardian:StasisField","Guardian:FuturePlans"],"picked":"SKIP","floor":26},{"not_picked":["Guardian:Gem_Green","Guardian:GuardianWhirl"],"picked":"Guardian:Gem_Yellow","floor":29},{"not_picked":["Guardian:ChargeCore","Guardian:MultiBeam+1","Guardian:PrismaticBeam"],"picked":"SKIP","floor":31},{"not_picked":["Guardian:Recover+1","Guardian:TemporalStrike","Guardian:Reroute"],"picked":"SKIP","floor":32},{"not_picked":["Guardian:ExploitGems","Guardian:Gem_Orange"],"picked":"Guardian:SphericShield","floor":33},{"not_picked":[],"picked":"Guardian:Gem_Fragmented","floor":36},{"not_picked":["Guardian:MultiBeam"],"picked":"SKIP","floor":37},{"not_picked":[],"picked":"Guardian:TimeCapacitor","floor":40},{"not_picked":[],"picked":"Guardian:ShieldSpikes+1","floor":43},{"not_picked":["Guardian:GuardianWhirl"],"picked":"SKIP","floor":45},{"not_picked":[],"picked":"Guardian:Harden","floor":48},{"not_picked":["Guardian:Preprogram"],"picked":"SKIP","floor":49}],"player_experience":1786426,"relics_obtained":[{"floor":10,"key":"Smiling Mask"},{"floor":12,"key":"Omamori"},{"floor":14,"key":"jedi:angrymask"},{"floor":23,"key":"Replay:WaspNest"},{"floor":24,"key":"PreservedInsect"},{"floor":26,"key":"halation:KoshaPiece"},{"floor":28,"key":"Eternal Feather"},{"floor":29,"key":"Potion Belt"},{"floor":41,"key":"Guardian:PickAxe"},{"floor":43,"key":"jedi:crownofsimplicity"},{"floor":48,"key":"conspire:DeflatedDodgeball"}],"event_choices":[],"is_beta":false,"boss_relics":[{"not_picked":["Coffee Dripper","halation:ForbiddenBikini"],"picked":"aspiration:PoetsPen_weak"},{"not_picked":["halation:LoveArrow","jedi:hotpepper"],"picked":"Busted Crown"}],"items_purged_floors":[22,38,40],"is_endless":false,"potions_floor_spawned":[12,14,15,23,26,33,36,49],"ascension_level":16}}