{"host":"61xbmbtf5zrn7rzc","time":1609998318,"event":{"mods":["BaseMod","Challenge The Spire","Hubris","Minty Spire (QoL Compilation)","Replay The Spire","StSLib","SuperFastMode","The Marked"],"gold_per_floor":[109,125,67,81,94,94,105,133,184,211,211,211,239,251,251,328,328,308,354,52,68,12,12,42,76,76,92,92,92,40,59,59,134,134,150,162,162,172,172,172],"floor_reached":39,"playtime":2331,"items_purged":[],"score":1002,"play_id":"40cbacf6-e101-4314-9fa8-b09f1392a2cb","local_time":"20210107004518","daily_mods":["SealedDeck","Heirloom","DeadlyEvents","Elite Swarm"],"is_ascension_mode":true,"campfire_choices":[{"data":"Sucker Punch","floor":6,"key":"SMITH"},{"floor":15,"key":"REST"},{"data":"Adrenaline","floor":23,"key":"SMITH"},{"data":"Draining Mist","floor":29,"key":"SMITH"},{"data":"Deflect","floor":32,"key":"SMITH"}],"circlet_count":0,"master_deck":["AscendersBane","Distraction","Quick Slash","Bane","Poisoned Stab","Slice","Deflect","Dodge and Roll","Dodge and Roll","Draining Mist+1","Cloak And Dagger","Cloak And Dagger","Deflect+1","Adrenaline+1","After Image","hubris:DuctTapeCard","Deflect+1","Backflip","Escape Plan","Escape Plan","Corpse Explosion","Choke+1"],"relics":["Ring of the Snake","hubris:Spice","Replay:Kaleidoscope","hubris:SlimyHat","Tiny Chest","Pet Ghost","hubris:VirtuousBlindfold","Blue Doll","hubris:DuctTape","hubris:Reverence","Paper Crane"],"acts_visited":["Exordium","TheCity","TheBeyond"],"potions_floor_usage":[8,10,12,14,25,33,39,39],"damage_taken":[{"damage":0,"enemies":"Cultist","floor":1,"turns":2},{"damage":6,"enemies":"Small Slimes","floor":2,"turns":3},{"damage":6,"enemies":"Jaw Worm","floor":4,"turns":2},{"damage":0,"enemies":"Looter","floor":5,"turns":3},{"damage":17,"enemies":"Exordium Thugs","floor":7,"turns":6},{"damage":28,"enemies":"Gremlin Nob","floor":8,"turns":5},{"damage":0,"enemies":"3 Sentries","floor":10,"turns":6},{"damage":0,"enemies":"Gremlin Nob","floor":12,"turns":2},{"damage":6,"enemies":"3 Sentries","floor":13,"turns":9},{"damage":0,"enemies":"Large Slime","floor":14,"turns":6},{"damage":25,"enemies":"Fading Forest","floor":16,"turns":13},{"damage":2,"enemies":"2 Thieves","floor":18,"turns":4},{"damage":0,"enemies":"Chosen","floor":21,"turns":4},{"damage":0,"enemies":"Book of Stabbing","floor":24,"turns":5},{"damage":40,"enemies":"Gremlin Leader","floor":25,"turns":10},{"damage":0,"enemies":"Shelled Parasite and Fungi","floor":27,"turns":3},{"damage":0,"enemies":"3 Cultists","floor":31,"turns":1},{"damage":6,"enemies":"Automaton","floor":33,"turns":9},{"damage":0,"enemies":"3 Shapes","floor":35,"turns":2},{"damage":0,"enemies":"Orb Walker","floor":36,"turns":2},{"damage":0,"enemies":"3 Darklings","floor":38,"turns":4},{"damage":71,"enemies":"Reptomancer","floor":39,"turns":3}],"seed_played":"6073894921881046879","potions_obtained":[{"floor":2,"key":"Block Potion"},{"floor":8,"key":"SpeedPotion"},{"floor":10,"key":"SmokeBomb"},{"floor":13,"key":"Ancient Potion"},{"floor":16,"key":"Swift Potion"},{"floor":21,"key":"Weak Potion"},{"floor":24,"key":"DistilledChaos"},{"floor":33,"key":"Venom Potion"},{"floor":36,"key":"Ancient Potion"},{"floor":38,"key":"SkillPotion"}],"is_trial":true,"path_per_floor":["M","M","$","M","M","R","M","E","T","E","?","E","E","M","R","B",null,"M","T","$","M","$","R","E","E","T","M","T","R","$","M","R","B",null,"M","M","$","M","E"],"character_chosen":"THE_SILENT","items_purchased":["Cloak And Dagger","hubris:DuctTape","Deflect+1","Escape Plan","Choke+1"],"campfire_rested":1,"item_purchase_floors":[3,20,20,22,30],"current_hp_per_floor":[67,61,61,55,55,55,38,10,10,10,10,10,4,4,26,1,56,54,54,54,54,54,54,62,22,22,22,22,22,22,22,22,16,60,60,60,60,60,0,0],"gold":172,"neow_bonus":"","is_daily":false,"chose_seed":false,"campfire_upgraded":4,"win_rate":0.0,"timestamp":1609998318,"path_taken":["M","M","?","M","M","R","M","E","T","E","?","E","?","?","R","BOSS","M","?","$","?","?","R","E","?","T","M","?","R","?","M","R","BOSS","M","?","$","M","?"],"items_purchased_type":["Card","Relic","Card","Card","Card"],"build_version":"2020-12-22","purchased_purges":0,"victory":false,"max_hp_per_floor":[74,74,74,74,74,74,74,74,74,74,74,74,74,74,74,74,74,74,74,74,74,74,74,82,82,82,82,74,74,74,74,74,74,74,74,74,74,74,74,74],"card_choices":[{"not_picked":["Acrobatics","Dagger Spray","ReplayTheSpireMod:The Works"],"picked":"SKIP","floor":1},{"not_picked":["PiercingWail","Backflip"],"picked":"Cloak And Dagger","floor":2},{"not_picked":["hubris:SlightOfHand","Calculated Gamble","Poisoned Stab"],"picked":"SKIP","floor":4},{"not_picked":["hubris:Sniper","ReplayTheSpireMod:Exploit Weakness"],"picked":"Deflect","floor":5},{"not_picked":["Deflect","Blade Dance","Infinite Blades"],"picked":"SKIP","floor":7},{"not_picked":["After Image","Tools of the Trade"],"picked":"Adrenaline","floor":8},{"not_picked":["Tools of the Trade","Storm of Steel"],"picked":"Burst","floor":10},{"not_picked":["Envenom","Wraith Form v2"],"picked":"After Image","floor":13},{"not_picked":["hubris:Counter","hubris:SlightOfHand","Flying Knee"],"picked":"SKIP","floor":14},{"not_picked":["Dodge and Roll","Riddle With Holes","Underhanded Strike+1"],"picked":"SKIP","floor":18},{"not_picked":["Hidden Blade","Acrobatics+1"],"picked":"Backflip","floor":21},{"not_picked":["Grand Finale","Bullet Time","ReplayTheSpireMod:From All Sides"],"picked":"SKIP","floor":24},{"not_picked":["A Thousand Cuts","Envenom"],"picked":"Corpse Explosion","floor":25},{"not_picked":["Expertise","hubris:Counter","Backflip"],"picked":"SKIP","floor":27},{"not_picked":["Sucker Punch","Blur","Poisoned Stab"],"picked":"SKIP","floor":31},{"not_picked":["PiercingWail","Well Laid Plans","Dodge and Roll"],"picked":"SKIP","floor":35},{"not_picked":["Underhanded Strike","hubris:Sniper+1","hubris:TrickCloak"],"picked":"SKIP","floor":36},{"not_picked":["Endless Agony+1","Calculated Gamble","hubris:SpiceAddiction"],"picked":"SKIP","floor":38}],"player_experience":110161,"relics_obtained":[{"floor":8,"key":"Replay:Kaleidoscope"},{"floor":9,"key":"hubris:SlimyHat"},{"floor":10,"key":"Tiny Chest"},{"floor":13,"key":"Pet Ghost"},{"floor":19,"key":"Blue Doll"},{"floor":24,"key":"hubris:Spice"},{"floor":25,"key":"hubris:Reverence"},{"floor":26,"key":"Paper Crane"},{"floor":28,"key":"hubris:Spice"}],"event_choices":[{"damage_healed":0,"gold_gain":0,"player_choice":"Upgraded","damage_taken":0,"max_hp_gain":0,"max_hp_loss":0,"event_name":"Upgrade Shrine","floor":11,"gold_loss":0,"cards_upgraded":["Burst"]}],"is_beta":false,"boss_relics":[{"not_picked":["hubris:Spice","hubris:Spice"],"picked":"hubris:VirtuousBlindfold"},{"not_picked":["hubris:Spice","Replay:Ancient Bell","Astrolabe"]}],"items_purged_floors":[],"is_endless":false,"potions_floor_spawned":[2,8,10,13,16,21,24,33,36,38],"killed_by":"Reptomancer","ascension_level":20}}