{"host":"sm7bnwhqk38mm91i","time":1609987314,"event":{"mods":["BaseMod","Minty Spire (QoL Compilation)"],"gold_per_floor":[117,132,132,182,192,192,227,302,302,302,335,15,15,30,30,130,130,145,70,70,134,184,184,201,211,234,261,311,18,36,46,46,145,145,159,259,0,10,10,10,44,44,44,77,90,101,130,196,196,196],"floor_reached":51,"playtime":5554,"items_purged":[],"score":877,"play_id":"a3e7c491-a8e7-4f46-8be9-1165a246ac0e","local_time":"20210106214154","is_ascension_mode":true,"campfire_choices":[{"data":"Carnage","floor":6,"key":"SMITH"},{"floor":10,"key":"REST"},{"floor":15,"key":"REST"},{"data":"Corruption","floor":23,"key":"SMITH"},{"data":"Inflame","floor":32,"key":"SMITH"},{"data":"Double Tap","floor":40,"key":"SMITH"},{"data":"Armaments","floor":42,"key":"SMITH"},{"data":"Inflame","floor":49,"key":"SMITH"}],"circlet_count":0,"master_deck":["Strike_R","Strike_R","Strike_R","Strike_R","Strike_R","Defend_R","Defend_R","Defend_R","Defend_R","Bash","Pommel Strike","Twin Strike","Carnage+1","Thunderclap+1","Armaments+1","Pommel Strike","Intimidate","Corruption+1","Carnage","Sword Boomerang+1","Inflame+1","Cleave+1","Writhe","Barricade","Evolve","Carnage","Double Tap+1","Iron Wave+1","Warcry+1","Carnage","Perfected Strike+1","Clumsy","Bloodletting+1","Uppercut","Pommel Strike+1","Iron Wave+1","Inflame+1"],"relics":["Burning Blood","Bird Faced Urn","Charon\u0027s Ashes","Toy Ornithopter","Champion Belt","Matryoshka","Ornamental Fan","Thread and Needle","Cursed Key","SsserpentHead","Bronze Scales","Orichalcum","Magic Flower","MutagenicStrength","Sling","Whetstone","SlaversCollar","Peace Pipe","Red Mask","Ice Cream","Ancient Tea Set","Omamori","InkBottle","Torii"],"acts_visited":["Exordium","TheCity","TheBeyond"],"potions_floor_usage":[24,33,33,33,41,41,45,50,50,50],"damage_taken":[{"damage":6,"enemies":"Cultist","floor":1,"turns":4},{"damage":6,"enemies":"2 Louse","floor":2,"turns":3},{"damage":11,"enemies":"Jaw Worm","floor":5,"turns":2},{"damage":11,"enemies":"Gremlin Nob","floor":7,"turns":3},{"damage":26,"enemies":"Lagavulin","floor":11,"turns":5},{"damage":0,"enemies":"Large Slime","floor":14,"turns":3},{"damage":36,"enemies":"Slime Boss","floor":16,"turns":12},{"damage":0,"enemies":"Chosen","floor":18,"turns":4},{"damage":10,"enemies":"Shell Parasite","floor":21,"turns":3},{"damage":14,"enemies":"Centurion and Healer","floor":24,"turns":5},{"damage":5,"enemies":"Chosen and Byrds","floor":25,"turns":5},{"damage":15,"enemies":"Book of Stabbing","floor":27,"turns":4},{"damage":0,"enemies":"Snecko","floor":30,"turns":3},{"damage":0,"enemies":"Cultist and Chosen","floor":31,"turns":3},{"damage":57,"enemies":"Champ","floor":33,"turns":9},{"damage":2,"enemies":"Orb Walker","floor":35,"turns":2},{"damage":0,"enemies":"Mind Bloom Boss Battle","floor":36,"turns":5},{"damage":22,"enemies":"3 Darklings","floor":38,"turns":4},{"damage":36,"enemies":"Nemesis","floor":41,"turns":5},{"damage":41,"enemies":"Reptomancer","floor":44,"turns":5},{"damage":15,"enemies":"Writhing Mass","floor":45,"turns":4},{"damage":30,"enemies":"Sphere and 2 Shapes","floor":46,"turns":5},{"damage":3,"enemies":"Giant Head","floor":47,"turns":6},{"damage":13,"enemies":"4 Shapes","floor":48,"turns":3},{"damage":66,"enemies":"Time Eater","floor":50,"turns":9}],"seed_played":"-697330956913238949","potions_obtained":[{"floor":2,"key":"Weak Potion"},{"floor":5,"key":"Regen Potion"},{"floor":16,"key":"AttackPotion"},{"floor":18,"key":"SteroidPotion"},{"floor":24,"key":"Block Potion"},{"floor":33,"key":"ColorlessPotion"},{"floor":38,"key":"ColorlessPotion"},{"floor":45,"key":"BlessingOfTheForge"},{"floor":46,"key":"SkillPotion"},{"floor":47,"key":"BlessingOfTheForge"},{"floor":48,"key":"PowerPotion"}],"is_trial":false,"path_per_floor":["M","M","?","T","M","R","E","?","T","R","E","$","$","M","R","B",null,"M","?","?","M","?","R","M","M","T","E","?","$","M","M","R","B",null,"M","?","?","M","$","R","E","R","T","E","M","M","E","M","R","B",null],"character_chosen":"IRONCLAD","items_purchased":["Thread and Needle","Pommel Strike","Sling","Whetstone","BloodPotion"],"campfire_rested":2,"item_purchase_floors":[12,12,29,29,39],"current_hp_per_floor":[80,80,62,62,57,57,52,41,41,65,45,45,45,51,75,45,80,80,80,80,76,76,76,74,79,79,72,72,72,80,80,80,51,80,80,80,80,67,67,67,65,65,65,39,71,53,71,70,70,36],"gold":196,"neow_bonus":"ONE_RARE_RELIC","is_daily":false,"chose_seed":false,"campfire_upgraded":6,"win_rate":0.0,"timestamp":1609987314,"path_taken":["M","?","?","?","M","R","E","?","T","R","E","?","$","?","R","BOSS","M","?","?","?","?","R","M","M","T","E","?","$","M","M","R","BOSS","M","?","?","M","?","R","E","R","T","E","M","M","E","?","R","BOSS"],"items_purchased_type":["Relic","Card","Relic","Relic","Potion"],"build_version":"2020-12-22","purchased_purges":0,"victory":true,"max_hp_per_floor":[80,80,80,80,80,80,80,80,80,80,80,80,80,80,80,80,80,80,80,80,80,80,80,80,80,80,80,80,80,80,80,80,80,80,80,80,80,80,80,80,80,80,80,80,80,80,80,80,80,80],"card_choices":[{"not_picked":["Entrench","Reckless Charge"],"picked":"Pommel Strike","floor":1},{"not_picked":["Headbutt","Anger"],"picked":"Twin Strike","floor":2},{"not_picked":["Searing Blow","Burning Pact"],"picked":"Carnage","floor":5},{"not_picked":["Impervious","Wild Strike"],"picked":"Thunderclap","floor":7},{"not_picked":["Iron Wave","Second Wind"],"picked":"Armaments","floor":11},{"not_picked":["True Grit","Flex"],"picked":"Intimidate","floor":14},{"not_picked":["Brutality","Reaper"],"picked":"Corruption","floor":16},{"not_picked":["Shrug It Off","Flex"],"picked":"Carnage","floor":18},{"not_picked":["Iron Wave","Reckless Charge+1"],"picked":"Sword Boomerang+1","floor":21},{"not_picked":["Flex","Brutality"],"picked":"Inflame","floor":24},{"not_picked":["True Grit","Flex"],"picked":"Cleave","floor":25},{"not_picked":["Warcry","Flex"],"picked":"Barricade","floor":27},{"not_picked":["Ghostly Armor","Reckless Charge"],"picked":"Evolve","floor":30},{"not_picked":["Twin Strike","Wild Strike"],"picked":"Carnage","floor":31},{"not_picked":["Berserk","Demon Form"],"picked":"Double Tap","floor":33},{"not_picked":["Thunderclap","Flame Barrier"],"picked":"Iron Wave+1","floor":35},{"not_picked":["Burning Pact+1","Fire Breathing+1"],"picked":"Warcry+1","floor":36},{"not_picked":["Twin Strike+1","Iron Wave"],"picked":"Carnage","floor":38},{"not_picked":["Seeing Red+1","Headbutt"],"picked":"Perfected Strike+1","floor":41},{"not_picked":["Rampage","True Grit"],"picked":"Bloodletting+1","floor":44},{"not_picked":["Heavy Blade+1","Disarm"],"picked":"Uppercut","floor":45},{"not_picked":["Wild Strike","Anger"],"picked":"Pommel Strike+1","floor":46},{"not_picked":["Sever Soul","Limit Break"],"picked":"Iron Wave+1","floor":47},{"not_picked":["Headbutt","Armaments+1"],"picked":"Inflame","floor":48}],"player_experience":44491,"relics_obtained":[{"floor":4,"key":"Toy Ornithopter"},{"floor":7,"key":"Champion Belt"},{"floor":9,"key":"Matryoshka"},{"floor":11,"key":"Ornamental Fan"},{"floor":26,"key":"Bronze Scales"},{"floor":26,"key":"Orichalcum"},{"floor":27,"key":"Magic Flower"},{"floor":36,"key":"Peace Pipe"},{"floor":41,"key":"Ice Cream"},{"floor":43,"key":"Ancient Tea Set"},{"floor":43,"key":"Omamori"},{"floor":44,"key":"InkBottle"},{"floor":47,"key":"Torii"}],"event_choices":[{"damage_healed":0,"gold_gain":0,"player_choice":"Success","damage_taken":18,"relics_obtained":["Charon\u0027s Ashes"],"max_hp_gain":0,"max_hp_loss":0,"event_name":"Scrap Ooze","floor":3,"gold_loss":0},{"damage_healed":0,"gold_gain":75,"player_choice":"Gather Gold","damage_taken":11,"max_hp_gain":0,"max_hp_loss":0,"event_name":"World of Goop","floor":8,"gold_loss":0},{"cards_removed":["Injury"],"damage_healed":0,"gold_gain":0,"player_choice":"Gave Gold","damage_taken":0,"max_hp_gain":0,"max_hp_loss":0,"event_name":"Beggar","floor":19,"gold_loss":75},{"damage_healed":0,"gold_gain":0,"player_choice":"Trade","damage_taken":0,"relics_obtained":["SsserpentHead"],"max_hp_gain":0,"max_hp_loss":0,"event_name":"FaceTrader","floor":20,"gold_loss":0},{"damage_healed":0,"gold_gain":0,"player_choice":"Ignored","damage_taken":0,"max_hp_gain":0,"max_hp_loss":0,"event_name":"Ghosts","floor":22,"gold_loss":0},{"damage_healed":0,"gold_gain":0,"player_choice":"Inject Mutagens","damage_taken":0,"relics_obtained":["MutagenicStrength"],"max_hp_gain":0,"max_hp_loss":0,"event_name":"Drug Dealer","floor":28,"gold_loss":0},{"damage_healed":0,"gold_gain":0,"player_choice":"Fight","damage_taken":0,"max_hp_gain":0,"max_hp_loss":0,"event_name":"MindBloom","floor":36,"gold_loss":0},{"damage_healed":0,"gold_gain":0,"player_choice":"Paid","damage_taken":0,"relics_obtained":["Red Mask"],"max_hp_gain":0,"max_hp_loss":0,"event_name":"Tomb of Lord Red Mask","floor":37,"gold_loss":309}],"is_beta":false,"boss_relics":[{"not_picked":["Velvet Choker","SacredBark"],"picked":"Cursed Key"},{"not_picked":["Runic Pyramid","Black Blood"],"picked":"SlaversCollar"}],"items_purged_floors":[],"is_endless":false,"potions_floor_spawned":[2,5,16,18,24,31,33,38,45,46,47,48],"ascension_level":1}}