{"host":"8by3m8mve9y2rhh4","time":1609979095,"event":{"mods":["BaseMod","Minty Spire (QoL Compilation)","Quick Restart"],"gold_per_floor":[113,124,140,140,160,187,187,197,197,22,35,35,62,73,73,177,177,192,117,129,129,29,29,62,62,88,117,129,168,180,192,204,312,374,396,422,17,29,79,109,109,144,167,187,213,213,245,259,259,259,259,259,83,110,110,110],"floor_reached":55,"playtime":3292,"items_purged":["Strike_G","Strike_G"],"score":969,"play_id":"bc94f7d8-c304-400b-a287-f1c0d68c3aeb","local_time":"20210107002455","is_ascension_mode":true,"campfire_choices":[{"floor":7,"key":"RECALL"},{"floor":12,"key":"REST"},{"data":"Catalyst","floor":15,"key":"SMITH"},{"floor":23,"key":"REST"},{"floor":25,"key":"REST"},{"floor":28,"key":"REST"},{"floor":32,"key":"REST"},{"floor":41,"key":"REST"},{"floor":46,"key":"REST"},{"floor":49,"key":"REST"},{"data":"After Image","floor":52,"key":"SMITH"}],"circlet_count":0,"master_deck":["Defend_G","Defend_G","Defend_G","Defend_G","Defend_G","Survivor","Neutralize","Backflip","Deadly Poison","All Out Attack","Poisoned Stab","Poisoned Stab","Deadly Poison","Catalyst+1","Burst","Dodge and Roll","Bouncing Flask","A Thousand Cuts+1","Footwork","Caltrops+1","Malaise","Footwork","Noxious Fumes+1","Catalyst","After Image+1","Caltrops+1"],"relics":["Velvet Choker","Bag of Marbles","Eternal Feather","Dream Catcher","Black Star","Lizard Tail","Singing Bowl","Snake Skull","Blood Vial","MawBank","Pen Nib","Prayer Wheel","Tiny House","Bottled Tornado","TwistedFunnel","Calipers","Question Card","Happy Flower","Ancient Tea Set","Ninja Scroll","Nunchaku","Bag of Preparation","Darkstone Periapt","Frozen Egg 2","The Specimen","FossilizedHelix"],"acts_visited":["Exordium","TheCity","TheBeyond","TheEnding"],"potions_floor_usage":[5,6,16,24,24,27,38,39,47,48,50,55,55,55,55],"damage_taken":[{"damage":0,"enemies":"2 Louse","floor":1,"turns":3},{"damage":0,"enemies":"Jaw Worm","floor":2,"turns":5},{"damage":0,"enemies":"Small Slimes","floor":3,"turns":3},{"damage":1,"enemies":"Exordium Wildlife","floor":5,"turns":3},{"damage":15,"enemies":"Lagavulin","floor":6,"turns":7},{"damage":7,"enemies":"Large Slime","floor":8,"turns":5},{"damage":5,"enemies":"Gremlin Gang","floor":11,"turns":2},{"damage":10,"enemies":"3 Sentries","floor":13,"turns":6},{"damage":2,"enemies":"Blue Slaver","floor":14,"turns":3},{"damage":12,"enemies":"Hexaghost","floor":16,"turns":6},{"damage":9,"enemies":"2 Thieves","floor":18,"turns":4},{"damage":10,"enemies":"3 Byrds","floor":20,"turns":5},{"damage":19,"enemies":"Slavers","floor":24,"turns":4},{"damage":20,"enemies":"Book of Stabbing","floor":27,"turns":5},{"damage":31,"enemies":"Gremlin Leader","floor":29,"turns":4},{"damage":36,"enemies":"Collector","floor":33,"turns":5},{"damage":13,"enemies":"3 Shapes","floor":35,"turns":5},{"damage":25,"enemies":"Orb Walker","floor":36,"turns":5},{"damage":9,"enemies":"Sphere and 2 Shapes","floor":38,"turns":4},{"damage":1,"enemies":"Mind Bloom Boss Battle","floor":39,"turns":5},{"damage":67,"enemies":"Nemesis","floor":40,"turns":7},{"damage":25,"enemies":"Reptomancer","floor":42,"turns":8},{"damage":0,"enemies":"Transient","floor":44,"turns":5},{"damage":15,"enemies":"Giant Head","floor":45,"turns":7},{"damage":12,"enemies":"Nemesis","floor":47,"turns":5},{"damage":26,"enemies":"Writhing Mass","floor":48,"turns":6},{"damage":75,"enemies":"Donu and Deca","floor":50,"turns":9},{"damage":32,"enemies":"Shield and Spear","floor":54,"turns":6},{"damage":99,"enemies":"The Heart","floor":55,"turns":6}],"seed_played":"6961288647558360777","potions_obtained":[{"floor":1,"key":"Explosive Potion"},{"floor":5,"key":"SteroidPotion"},{"floor":13,"key":"Dexterity Potion"},{"floor":14,"key":"EssenceOfSteel"},{"floor":18,"key":"DuplicationPotion"},{"floor":29,"key":"DuplicationPotion"},{"floor":34,"key":"Fire Potion"},{"floor":36,"key":"Explosive Potion"},{"floor":38,"key":"GamblersBrew"},{"floor":42,"key":"Fruit Juice"},{"floor":47,"key":"LiquidBronze"}],"is_trial":false,"path_per_floor":["M","M","M","?","M","E","R","M","T","$","M","R","E","M","R","B",null,"M","?","M","?","$","R","E","R","T","E","R","E","$","?","R","B",null,"M","M","$","M","?","E","R","E","T","M","E","R","E","M","R","B",null,"R","$","E","B"],"character_chosen":"THE_SILENT","items_purchased":["Poisoned Stab","Block Potion","Bottled Tornado","TwistedFunnel","EntropicBrew","Caltrops+1"],"campfire_rested":8,"item_purchase_floors":[10,10,37,37,53,53],"current_hp_per_floor":[70,70,70,70,69,54,54,47,47,47,42,70,60,58,67,55,70,61,61,51,35,35,65,46,72,72,54,76,45,45,45,78,42,83,74,53,53,50,53,42,82,59,59,63,50,96,93,73,112,37,112,112,112,82,0,0],"gold":110,"neow_bonus":"BOSS_RELIC","is_daily":false,"chose_seed":false,"campfire_upgraded":2,"win_rate":0.0,"timestamp":1609979095,"path_taken":["M","M","M","?","M","E","R","M","T","$","M","R","E","M","R","BOSS","M","?","M","?","$","R","E","R","T","E","R","E","?","?","R","BOSS","M","?","$","M","?","E","R","E","T","M","E","R","E","M","R","BOSS","R","$","E","BOSS"],"items_purchased_type":["Card","Potion","Relic","Relic","Potion","Card"],"build_version":"2020-12-22","purchased_purges":2,"victory":false,"max_hp_per_floor":[70,70,70,70,70,70,70,70,70,70,70,70,70,70,70,70,70,70,70,70,70,70,70,70,72,72,74,76,76,76,76,78,78,83,87,89,89,93,95,95,95,95,95,97,97,99,106,110,112,112,112,112,112,114,114,114],"card_choices":[{"not_picked":["Backstab","Predator"],"picked":"Backflip","floor":1},{"not_picked":["Leg Sweep","Bouncing Flask"],"picked":"Deadly Poison","floor":2},{"not_picked":["Skewer","Dagger Throw","Blade Dance"],"picked":"SKIP","floor":3},{"not_picked":["Sucker Punch","Dagger Throw"],"picked":"Poisoned Stab","floor":5},{"not_picked":["Flying Knee","Dagger Spray","Blade Dance"],"picked":"SKIP","floor":6},{"not_picked":["Night Terror","Dagger Throw","Backstab"],"picked":"SKIP","floor":8},{"not_picked":["Concentrate","Finisher"],"picked":"Deadly Poison","floor":11},{"not_picked":["PiercingWail","Blade Dance","Backflip"],"picked":"SKIP","floor":13},{"not_picked":["Flying Knee","Deflect"],"picked":"Catalyst","floor":14},{"not_picked":["Unload","Night Terror"],"picked":"Burst","floor":16},{"not_picked":["Predator+1","Outmaneuver","Finisher"],"picked":"SKIP","floor":18},{"not_picked":["All Out Attack","Underhanded Strike","Infinite Blades"],"picked":"SKIP","floor":20},{"not_picked":["Prepared+1","Backstab+1"],"picked":"Dodge and Roll","floor":24},{"not_picked":["Slice","Acrobatics","Cloak And Dagger"],"picked":"Singing Bowl","floor":25},{"not_picked":["Escape Plan","Accuracy","Flying Knee+1"],"picked":"Singing Bowl","floor":27},{"not_picked":["PiercingWail","Crippling Poison","Phantasmal Killer"],"picked":"Singing Bowl","floor":28},{"not_picked":["Bane","Prepared"],"picked":"Bouncing Flask","floor":29},{"not_picked":["Quick Slash","Dagger Spray+1","Choke+1"],"picked":"Singing Bowl","floor":32},{"not_picked":["Die Die Die","Doppelganger"],"picked":"A Thousand Cuts","floor":33},{"not_picked":["Dagger Throw","Caltrops"],"picked":"Footwork","floor":34},{"not_picked":["Cloak And Dagger+1","Masterful Stab","Endless Agony"],"picked":"Singing Bowl","floor":35},{"not_picked":["Prepared","Eviscerate","Slice+1"],"picked":"Singing Bowl","floor":35},{"not_picked":["Finisher+1","Acrobatics+1","Dodge and Roll+1"],"picked":"Singing Bowl","floor":36},{"not_picked":["Accuracy+1","Sucker Punch"],"picked":"Caltrops+1","floor":36},{"not_picked":["Sucker Punch+1","Setup","Choke"],"picked":"Singing Bowl","floor":38},{"not_picked":["Acrobatics","All Out Attack+1","Infinite Blades"],"picked":"Singing Bowl","floor":38},{"not_picked":["Backflip","Quick Slash","Poisoned Stab+1"],"picked":"Singing Bowl","floor":39},{"not_picked":["Quick Slash","Blade Dance"],"picked":"Malaise","floor":40},{"not_picked":["Poisoned Stab+1","Terror+1","Prepared"],"picked":"Footwork","floor":41},{"not_picked":["Slice+1","Concentrate+1","Outmaneuver"],"picked":"Noxious Fumes+1","floor":42},{"not_picked":["Sucker Punch","Outmaneuver","Blur+1"],"picked":"Catalyst","floor":44},{"not_picked":["PiercingWail","Tools of the Trade","Dagger Throw","Calculated Gamble"],"picked":"Singing Bowl","floor":44},{"not_picked":["PiercingWail","Setup","Cloak And Dagger"],"picked":"After Image","floor":45},{"not_picked":["Distraction+1","Backflip+1","Crippling Poison","PiercingWail+1"],"picked":"Singing Bowl","floor":46},{"not_picked":["Unload","Leg Sweep","Deflect+1","Bane"],"picked":"Singing Bowl","floor":47},{"not_picked":["Underhanded Strike","Deadly Poison+1","Distraction","Terror+1"],"picked":"Singing Bowl","floor":48},{"not_picked":["Heel Hook","Masterful Stab","Blade Dance+1","Prepared+1"],"picked":"Singing Bowl","floor":48},{"not_picked":["Sucker Punch","Distraction","Blade Dance","Bouncing Flask"],"picked":"Singing Bowl","floor":49},{"not_picked":["PiercingWail+1","Grand Finale","Venomology","Blade Dance"],"picked":"Singing Bowl","floor":54}],"player_experience":664931,"relics_obtained":[{"floor":6,"key":"Bag of Marbles"},{"floor":9,"key":"Eternal Feather"},{"floor":13,"key":"Dream Catcher"},{"floor":24,"key":"Lizard Tail"},{"floor":24,"key":"Singing Bowl"},{"floor":26,"key":"Snake Skull"},{"floor":27,"key":"Blood Vial"},{"floor":27,"key":"MawBank"},{"floor":29,"key":"Pen Nib"},{"floor":29,"key":"Prayer Wheel"},{"floor":39,"key":"Calipers"},{"floor":40,"key":"Question Card"},{"floor":40,"key":"Happy Flower"},{"floor":42,"key":"Ancient Tea Set"},{"floor":42,"key":"Ninja Scroll"},{"floor":45,"key":"Nunchaku"},{"floor":45,"key":"Bag of Preparation"},{"floor":47,"key":"Darkstone Periapt"},{"floor":47,"key":"Frozen Egg 2"},{"floor":54,"key":"The Specimen"},{"floor":54,"key":"FossilizedHelix"}],"event_choices":[{"damage_healed":0,"gold_gain":0,"cards_transformed":["Strike_G"],"player_choice":"Change","damage_taken":0,"max_hp_gain":0,"max_hp_loss":0,"event_name":"Living Wall","floor":4,"gold_loss":0,"cards_obtained":["All Out Attack"]},{"cards_removed":["Strike_G"],"damage_healed":0,"gold_gain":0,"player_choice":"Gave Gold","damage_taken":0,"max_hp_gain":0,"max_hp_loss":0,"event_name":"Beggar","floor":19,"gold_loss":75},{"damage_healed":0,"gold_gain":0,"player_choice":"Obtained Book","damage_taken":16,"max_hp_gain":0,"max_hp_loss":0,"event_name":"Cursed Tome","floor":21,"gold_loss":0},{"cards_removed":["Strike_G"],"damage_healed":0,"gold_gain":0,"player_choice":"Offered Basic","damage_taken":0,"max_hp_gain":0,"max_hp_loss":0,"event_name":"Bonfire Elementals","floor":31,"gold_loss":0},{"damage_healed":0,"gold_gain":0,"player_choice":"Fight","damage_taken":0,"max_hp_gain":0,"max_hp_loss":0,"event_name":"MindBloom","floor":39,"gold_loss":0}],"is_beta":false,"boss_relics":[{"not_picked":["SacredBark","Runic Dome"],"picked":"Black Star"},{"not_picked":["WristBlade","HoveringKite"],"picked":"Tiny House"}],"items_purged_floors":[10,22],"is_endless":false,"potions_floor_spawned":[1,5,13,14,18,29,36,38,42,47],"killed_by":"The Heart","ascension_level":1}}