{"host":"pdgvu626dlon98qh","time":1609985249,"event":{"mods":["AchievementEnabler","Aspiration","BaseMod","Better Third Choice","BetterRewards","Card Forge","Colored Map","Colored Powertips","Custom Start","Energized Spire","Gold Saver","Minty Spire (QoL Compilation)","Shop Mod","StSLib","Twitch Decklist","Waifu the Spire","slay the spire mod where everything is the same but ironclad has a cowboy hat"],"gold_per_floor":[1087,1087,1097,1097,1107,1134,1234,1249,1272,1301,1321,1339,1349,843,843,947,947,965,965,984,674,674,699,718,734,759,793,279,299,317,344,344,443,443,454,203,221,221,241,272,287,304,327,377,377,388,414,414,414,414,414,414,65,94,94],"floor_reached":56,"playtime":2791,"items_purged":[],"score":2033,"play_id":"afcfddcb-87e8-4ad6-bf2f-c6c5d6a9c529","local_time":"20210106210729","is_ascension_mode":false,"campfire_choices":[{"floor":45,"key":"RECALL"},{"data":"Noxious Fumes+1","floor":49,"key":"PURGE"},{"floor":52,"key":"REST"}],"circlet_count":0,"master_deck":["Survivor+1","Neutralize+1","Deadly Poison+1","Dodge and Roll+1","Cloak And Dagger+1","Backflip+1","Quick Slash+1","Noxious Fumes+1","Footwork+1","Deadly Poison+1","Crippling Poison+1","Corpse Explosion+1","Bouncing Flask+1","Blur+1","Noxious Fumes+1","Footwork+1","Escape Plan+1","Noxious Fumes+1"],"relics":["Ring of the Snake","Hammer of Thor","Seething Fire","Anvil of the Gods","Sling","MerchantsRug","Orichalcum","aspiration:Lifesprig","Chemical X","Singing Bowl","aspiration:ArtOfWarUpgrade","Bag of Marbles","TwistedFunnel","Omamori","Toy Ornithopter","HoveringKite","aspiration:RitualStick","FossilizedHelix","HornCleat","Peace Pipe","HandDrill","CaptainsWheel","Vajra","Philosopher\u0027s Stone","Ornamental Fan","WarpedTongs","Lantern","aspiration:VileToxins","Lizard Tail","Mercury Hourglass","OrangePellets","Pen Nib"],"acts_visited":["Exordium","TheCity","TheBeyond","TheEnding"],"potions_floor_usage":[27,46,50,55,55],"damage_taken":[{"damage":0,"enemies":"2 Louse","floor":1,"turns":3},{"damage":0,"enemies":"Jaw Worm","floor":3,"turns":3},{"damage":0,"enemies":"Cultist","floor":5,"turns":3},{"damage":0,"enemies":"Gremlin Nob","floor":6,"turns":4},{"damage":0,"enemies":"Looter","floor":8,"turns":3},{"damage":0,"enemies":"Lagavulin","floor":10,"turns":4},{"damage":0,"enemies":"Exordium Thugs","floor":11,"turns":4},{"damage":0,"enemies":"Blue Slaver","floor":12,"turns":2},{"damage":7,"enemies":"Lots of Slimes","floor":13,"turns":3},{"damage":0,"enemies":"The Guardian","floor":16,"turns":6},{"damage":0,"enemies":"Chosen","floor":18,"turns":3},{"damage":0,"enemies":"Spheric Guardian","floor":20,"turns":3},{"damage":0,"enemies":"Gremlin Leader","floor":23,"turns":6},{"damage":0,"enemies":"Chosen and Byrds","floor":24,"turns":6},{"damage":0,"enemies":"3 Cultists","floor":25,"turns":4},{"damage":0,"enemies":"Slavers","floor":27,"turns":6},{"damage":0,"enemies":"Snecko","floor":29,"turns":4},{"damage":0,"enemies":"Chosen and Byrds","floor":30,"turns":4},{"damage":0,"enemies":"Book of Stabbing","floor":31,"turns":5},{"damage":0,"enemies":"Automaton","floor":33,"turns":8},{"damage":0,"enemies":"3 Darklings","floor":35,"turns":4},{"damage":0,"enemies":"3 Shapes","floor":37,"turns":5},{"damage":0,"enemies":"3 Darklings","floor":39,"turns":4},{"damage":0,"enemies":"Reptomancer","floor":40,"turns":6},{"damage":0,"enemies":"4 Shapes","floor":41,"turns":5},{"damage":0,"enemies":"Spire Growth","floor":42,"turns":4},{"damage":0,"enemies":"Mind Bloom Boss Battle","floor":44,"turns":5},{"damage":0,"enemies":"3 Darklings","floor":46,"turns":3},{"damage":0,"enemies":"Nemesis","floor":47,"turns":5},{"damage":0,"enemies":"Donu and Deca","floor":50,"turns":9},{"damage":0,"enemies":"Shield and Spear","floor":54,"turns":4},{"damage":80,"enemies":"The Heart","floor":55,"turns":10}],"seed_played":"-3338286142391839992","potions_obtained":[{"floor":3,"key":"BlessingOfTheForge"},{"floor":6,"key":"LiquidMemories"},{"floor":10,"key":"FearPotion"},{"floor":25,"key":"Block Potion"},{"floor":39,"key":"CunningPotion"},{"floor":40,"key":"Energy Potion"},{"floor":54,"key":"Dexterity Potion"}],"is_trial":false,"path_per_floor":["M","?","M","?","M","E","?","M","T","E","M","M","M","$","R","B",null,"M","?","M","$","?","E","M","M","T","E","$","M","M","E","R","B",null,"M","$","M","?","M","E","M","M","T","?","R","M","E","?","R","B",null,"R","$","E","B",null],"character_chosen":"THE_SILENT","items_purchased":["Sling","MerchantsRug","Noxious Fumes","Deadly Poison","Catalyst","Orichalcum","Footwork","aspiration:Lifesprig","Dodge and Roll","Footwork","Chemical X","Singing Bowl","Art of War","Cloak And Dagger","TwistedFunnel","Omamori","Toy Ornithopter","Strength Potion","Quick Slash","FossilizedHelix","HandDrill","CaptainsWheel","Noxious Fumes","Ornamental Fan","Mercury Hourglass","OrangePellets","Noxious Fumes"],"campfire_rested":1,"item_purchase_floors":[0,0,0,0,0,0,0,0,0,0,0,0,0,0,14,14,14,14,14,21,28,28,28,36,53,53,53],"current_hp_per_floor":[30,30,32,32,34,36,36,38,38,50,52,52,47,47,47,49,98,100,80,80,80,80,82,84,86,86,91,91,93,95,95,95,97,112,114,114,116,116,118,120,122,124,124,126,126,130,132,125,125,129,129,129,129,131,51],"gold":94,"neow_bonus":"","is_daily":false,"chose_seed":false,"campfire_upgraded":0,"win_rate":0.0,"timestamp":1609985249,"path_taken":["M","?","M","?","M","E","?","M","T","E","M","?","M","$","R","BOSS","M","?","M","?","?","E","?","M","T","E","$","M","M","E","R","BOSS","M","$","M","?","M","E","M","M","T","?","R","M","E","?","R","BOSS","R","$","E","BOSS"],"items_purchased_type":["Relic","Relic","Card","Card","Card","Relic","Card","Relic","Card","Card","Relic","Relic","Relic","Card","Relic","Relic","Relic","Potion","Card","Relic","Relic","Relic","Card","Relic","Relic","Relic","Card"],"build_version":"2020-12-22","purchased_purges":0,"victory":true,"max_hp_per_floor":[72,72,74,74,76,78,78,80,80,92,94,94,96,96,96,98,98,100,100,100,100,100,102,104,106,106,106,106,108,110,110,110,112,112,114,114,116,116,118,120,122,124,124,126,126,130,132,125,125,129,129,129,129,131,131],"card_choices":[{"not_picked":["Bane","Dagger Throw","Outmaneuver"],"picked":"Singing Bowl","floor":1},{"not_picked":["Slice","Deadly Poison","Concentrate"],"picked":"Singing Bowl","floor":3},{"not_picked":["Calculated Gamble","Prepared","Acrobatics"],"picked":"Singing Bowl","floor":5},{"not_picked":["Reflex","Wraith Form v2","Tactician"],"picked":"Singing Bowl","floor":6},{"not_picked":["Prepared","Underhanded Strike","Acrobatics"],"picked":"Singing Bowl","floor":8},{"not_picked":["Calculated Gamble","Dagger Spray","PiercingWail"],"picked":"Singing Bowl","floor":10},{"not_picked":["Quick Slash","Prepared","Cloak And Dagger"],"picked":"Singing Bowl","floor":11},{"not_picked":["Endless Agony","PiercingWail"],"picked":"Backflip","floor":12},{"not_picked":["Distraction","Storm of Steel","PiercingWail"],"picked":"Singing Bowl","floor":13},{"not_picked":["Burst","Corpse Explosion","A Thousand Cuts"],"picked":"Singing Bowl","floor":16},{"not_picked":["Heel Hook","Footwork","Deadly Poison"],"picked":"Singing Bowl","floor":18},{"not_picked":["Slice+1","Caltrops"],"picked":"Footwork","floor":20},{"not_picked":["Well Laid Plans+1","Footwork","Blade Dance+1"],"picked":"Singing Bowl","floor":23},{"not_picked":["Dodge and Roll","Deadly Poison","Backflip"],"picked":"Singing Bowl","floor":24},{"not_picked":["Slice","Deflect","Acrobatics"],"picked":"Singing Bowl","floor":25},{"not_picked":["Setup","Dodge and Roll"],"picked":"Bouncing Flask","floor":27},{"not_picked":["Acrobatics","Dodge and Roll","Outmaneuver+1"],"picked":"Singing Bowl","floor":29},{"not_picked":["Bane","Endless Agony","Dagger Spray"],"picked":"Singing Bowl","floor":30},{"not_picked":["Unload","Dash+1"],"picked":"Blur+1","floor":31},{"not_picked":["Night Terror","Grand Finale","Malaise"],"picked":"Singing Bowl","floor":33},{"not_picked":["Riddle With Holes+1","Deadly Poison+1","Blade Dance+1"],"picked":"Singing Bowl","floor":35},{"not_picked":["Well Laid Plans","Flying Knee+1","Expertise+1"],"picked":"Singing Bowl","floor":37},{"not_picked":["Dagger Throw+1","Endless Agony+1","Underhanded Strike+1"],"picked":"Singing Bowl","floor":39},{"not_picked":["Dodge and Roll+1","Bane+1","Backstab+1"],"picked":"Singing Bowl","floor":40},{"not_picked":["Setup+1","Endless Agony+1","Dagger Throw+1"],"picked":"Singing Bowl","floor":41},{"not_picked":["Backflip+1","Calculated Gamble","Poisoned Stab+1"],"picked":"Singing Bowl","floor":42},{"not_picked":["Dodge and Roll+1","Endless Agony+1","Deflect+1"],"picked":"Singing Bowl","floor":44},{"not_picked":["Finisher","Bane","Dagger Throw"],"picked":"Singing Bowl","floor":46},{"not_picked":["Sucker Punch+1","Accuracy+1","Finisher+1"],"picked":"Singing Bowl","floor":46},{"not_picked":["A Thousand Cuts","Dagger Throw","Acrobatics"],"picked":"Singing Bowl","floor":47},{"not_picked":["Slice","Blade Dance+1","Eviscerate"],"picked":"Singing Bowl","floor":54}],"player_experience":822095,"relics_obtained":[{"floor":6,"key":"Bag of Marbles"},{"floor":10,"key":"Pear"},{"floor":23,"key":"HornCleat"},{"floor":26,"key":"Juzu Bracelet"},{"floor":27,"key":"Peace Pipe"},{"floor":31,"key":"Vajra"},{"floor":40,"key":"Lantern"},{"floor":43,"key":"aspiration:VileToxins"},{"floor":44,"key":"Prayer Wheel"},{"floor":47,"key":"Lizard Tail"},{"floor":54,"key":"Pen Nib"}],"event_choices":[{"damage_healed":0,"gold_gain":0,"cards_transformed":["Footwork"],"player_choice":"Change","damage_taken":0,"max_hp_gain":0,"max_hp_loss":0,"event_name":"Living Wall","floor":2,"gold_loss":0,"cards_obtained":["Storm of Steel"]},{"damage_healed":0,"gold_gain":100,"player_choice":"Gold","damage_taken":0,"max_hp_gain":0,"max_hp_loss":0,"event_name":"Wheel of Change","floor":7,"gold_loss":0},{"damage_healed":0,"gold_gain":0,"player_choice":"Ignored","damage_taken":0,"max_hp_gain":0,"max_hp_loss":0,"event_name":"N\u0027loth","floor":22,"gold_loss":0},{"damage_healed":0,"gold_gain":0,"player_choice":"Rummage","damage_taken":0,"relics_obtained":["WarpedTongs"],"max_hp_gain":0,"max_hp_loss":0,"event_name":"Accursed Blacksmith","floor":38,"gold_loss":0,"cards_obtained":["Pain"]},{"damage_healed":0,"gold_gain":0,"player_choice":"Fight","damage_taken":0,"max_hp_gain":0,"max_hp_loss":0,"event_name":"MindBloom","floor":44,"gold_loss":0},{"damage_healed":0,"gold_gain":0,"player_choice":"Max HP","damage_taken":0,"max_hp_gain":0,"max_hp_loss":7,"event_name":"Winding Halls","floor":48,"gold_loss":0}],"is_beta":false,"boss_relics":[{"not_picked":["Runic Pyramid","aspiration:FutureDiary"],"picked":"HoveringKite"},{"not_picked":["energizedSpire:StickyHand","energizedSpire:HugeHouse"],"picked":"Philosopher\u0027s Stone"}],"items_purged_floors":[],"is_endless":false,"potions_floor_spawned":[3,6,10,20,24,25,37,39,40,42,54],"ascension_level":0}}