{"host":"ig7tc0uedzltt2sr","time":1609980541,"event":{"mods":["BaseMod","Better Twitch Integration","Block Reminder","Colored Map","Colored Powertips","Communication Mod","Current Relic Mod","GifTheSpireLib","HexUI Lib","Minty Spire (QoL Compilation)","Quick Restart","Random Character Button","Rare Cards Sparkle","Relic Sorter","Relic Stats","Slay the Relics Exporter","StSLib","SuperFastMode","Synergy Search","Twitch Decklist","Twitch Utils","everything is the same but u backflip on backflip","slay the spire mod where everything is the same but ironclad has a cowboy hat"],"gold_per_floor":[111,111,129,129,129,129,148,148,148,148,118,132,1,15,15,15,15],"floor_reached":16,"playtime":115,"items_purged":[],"score":100,"play_id":"b2135598-9c1e-4925-b693-22ab115af202","local_time":"20210106164901","is_ascension_mode":false,"campfire_choices":[{"floor":8,"key":"REST"},{"data":"Defend_R","floor":10,"key":"SMITH"},{"floor":15,"key":"REST"}],"circlet_count":0,"master_deck":["Strike_R","Strike_R","Strike_R","Strike_R","Strike_R","Defend_R+1","Defend_R","Defend_R+1","Defend_R+1","Bash","Fire Breathing","Spot Weakness","Metallicize","Bludgeon","Rage","Perfected Strike","Limit Break","Clash"],"relics":["Burning Blood"],"acts_visited":["Exordium"],"potions_floor_usage":[],"damage_taken":[{"damage":0,"enemies":"2 Louse","floor":1,"turns":7},{"damage":7,"enemies":"Small Slimes","floor":3,"turns":8},{"damage":0,"enemies":"Gremlin Nob","floor":6,"turns":1},{"damage":41,"enemies":"Cultist","floor":7,"turns":9},{"damage":4,"enemies":"Looter","floor":11,"turns":4},{"damage":12,"enemies":"Blue Slaver","floor":12,"turns":5},{"damage":31,"enemies":"Large Slime","floor":14,"turns":8},{"damage":65,"enemies":"Hexaghost","floor":16,"turns":9}],"seed_played":"-1166346641253911915","potions_obtained":[{"floor":3,"key":"SmokeBomb"},{"floor":14,"key":"AttackPotion"}],"is_trial":false,"path_per_floor":["M","?","M","?","?","E","M","R","T","R","M","M","$","M","R","B"],"character_chosen":"IRONCLAD","items_purchased":["Perfected Strike","Limit Break"],"campfire_rested":2,"item_purchase_floors":[13,13],"current_hp_per_floor":[88,88,87,69,69,75,40,66,66,66,68,62,62,37,63,0,0],"gold":15,"neow_bonus":"TEN_PERCENT_HP_BONUS","is_daily":false,"chose_seed":false,"campfire_upgraded":1,"win_rate":0.0,"timestamp":1609980541,"path_taken":["M","?","M","?","?","E","M","R","T","R","M","M","$","M","R","BOSS"],"items_purchased_type":["Card","Card"],"build_version":"2020-12-22","purchased_purges":0,"victory":false,"max_hp_per_floor":[88,88,88,88,88,88,88,88,88,88,88,88,88,88,88,88,88],"relic_stats":{"counters":[8,51],"obtain_stats":[{"Burning Blood":0},{"Burning Blood":0},{"Burning Blood":0}],"Burning Blood":36},"card_choices":[{"not_picked":["Shrug It Off","Sword Boomerang"],"picked":"Fire Breathing","floor":1},{"not_picked":["Iron Wave","Searing Blow"],"picked":"Spot Weakness","floor":3},{"not_picked":["Havoc","Shrug It Off"],"picked":"Metallicize","floor":7},{"not_picked":["Dark Embrace","Armaments"],"picked":"Bludgeon","floor":11},{"not_picked":["Iron Wave","Heavy Blade"],"picked":"Rage","floor":12},{"not_picked":["Seeing Red","Twin Strike"],"picked":"Clash","floor":14}],"player_experience":1433790,"relics_obtained":[],"event_choices":[{"damage_healed":0,"gold_gain":0,"player_choice":"Leave","damage_taken":0,"max_hp_gain":0,"max_hp_loss":0,"event_name":"The Cleric","floor":2,"gold_loss":0},{"damage_healed":0,"gold_gain":0,"player_choice":"Entered Light","damage_taken":18,"max_hp_gain":0,"max_hp_loss":0,"event_name":"Shining Light","floor":4,"gold_loss":0,"cards_upgraded":["Defend_R","Defend_R"]},{"damage_healed":0,"gold_gain":0,"player_choice":"Ignored","damage_taken":0,"max_hp_gain":0,"max_hp_loss":0,"event_name":"Golden Shrine","floor":5,"gold_loss":0}],"is_beta":false,"boss_relics":[],"items_purged_floors":[],"is_endless":false,"potions_floor_spawned":[3,6,14],"killed_by":"Hexaghost","ascension_level":0}}