{"host":"w9yruvs4bqht6bhw","time":1609978702,"event":{"mods":["BaseMod","Colored Powertips","Minty Spire (QoL Compilation)"],"gold_per_floor":[114,114,129,129,141,141,141,141,141,57,70,82,82,146,146,242,242,182,182],"floor_reached":18,"playtime":442,"items_purged":[],"score":222,"play_id":"0370e883-01e8-416e-97ed-49e999fd802b","local_time":"20210106191822","is_ascension_mode":true,"campfire_choices":[{"data":"BattleHymn","floor":6,"key":"SMITH"},{"data":"Eruption","floor":8,"key":"SMITH"},{"data":"Swift Strike","floor":13,"key":"SMITH"},{"floor":15,"key":"REST"}],"circlet_count":0,"master_deck":["Strike_P+1","Strike_P","Strike_P+1","Strike_P+1","Defend_P","Defend_P","Defend_P","Defend_P","Eruption+1","Vigilance","Pray","Pray+1","BattleHymn+1","Swift Strike+1","Evaluate","DevaForm"],"relics":["PureWater","NeowsBlessing","Whetstone","Bag of Marbles","Black Star"],"acts_visited":["Exordium","TheCity"],"potions_floor_usage":[12,16,18],"damage_taken":[{"damage":0,"enemies":"Jaw Worm","floor":1,"turns":1},{"damage":0,"enemies":"Small Slimes","floor":3,"turns":1},{"damage":0,"enemies":"Cultist","floor":5,"turns":1},{"damage":1,"enemies":"Exordium Thugs","floor":11,"turns":4},{"damage":23,"enemies":"Exordium Wildlife","floor":12,"turns":5},{"damage":14,"enemies":"Gremlin Nob","floor":14,"turns":3},{"damage":0,"enemies":"Slime Boss","floor":16,"turns":4},{"damage":39,"enemies":"2 Thieves","floor":18,"turns":4}],"seed_played":"9048514882221006755","potions_obtained":[{"floor":3,"key":"Dexterity Potion"},{"floor":11,"key":"PowerPotion"},{"floor":16,"key":"LiquidMemories"}],"is_trial":false,"path_per_floor":["M","?","M","?","M","R","?","R","T","$","M","M","R","?","R","B",null,"M"],"character_chosen":"WATCHER","items_purchased":["Swift Strike"],"campfire_rested":1,"item_purchase_floors":[10],"current_hp_per_floor":[72,72,72,58,58,58,58,58,58,58,57,34,34,20,41,41,72,33,33],"gold":182,"neow_bonus":"THREE_ENEMY_KILL","is_daily":false,"chose_seed":false,"campfire_upgraded":3,"win_rate":0.0,"timestamp":1609978702,"path_taken":["M","?","M","?","?","R","?","R","T","?","?","M","R","?","R","BOSS","M"],"items_purchased_type":["Card"],"build_version":"2020-12-22","purchased_purges":0,"victory":false,"max_hp_per_floor":[72,72,72,72,72,72,72,72,72,72,72,72,72,72,72,72,72,72,72],"card_choices":[{"not_picked":["EmptyBody","JustLucky"],"picked":"Pray","floor":1},{"not_picked":["EmptyMind","JustLucky"],"picked":"Pray","floor":3},{"not_picked":["Study","Wireheading"],"picked":"BattleHymn","floor":5},{"not_picked":["FollowUp","Meditate"],"picked":"Evaluate","floor":11},{"not_picked":["FollowUp","Evaluate","Protect"],"picked":"SKIP","floor":12},{"not_picked":["Blasphemy","LessonLearned"],"picked":"DevaForm","floor":16}],"player_experience":342183,"relics_obtained":[{"floor":9,"key":"Whetstone"},{"floor":14,"key":"Bag of Marbles"}],"event_choices":[{"damage_healed":0,"gold_gain":0,"player_choice":"Ignored","damage_taken":0,"max_hp_gain":0,"max_hp_loss":0,"event_name":"Liars Game","floor":2,"gold_loss":0},{"damage_healed":0,"gold_gain":0,"player_choice":"Entered Light","damage_taken":14,"max_hp_gain":0,"max_hp_loss":0,"event_name":"Shining Light","floor":4,"gold_loss":0,"cards_upgraded":["Strike_P","Pray"]},{"damage_healed":0,"gold_gain":0,"player_choice":"0 cards matched","damage_taken":0,"max_hp_gain":0,"max_hp_loss":0,"event_name":"Match and Keep!","floor":7,"gold_loss":0,"cards_obtained":[]},{"damage_healed":0,"gold_gain":0,"player_choice":"Searched \u00271\u0027 times","damage_taken":0,"max_hp_gain":0,"max_hp_loss":0,"event_name":"Dead Adventurer","floor":14,"gold_loss":0}],"is_beta":false,"boss_relics":[{"not_picked":["Pandora\u0027s Box","Cursed Key"],"picked":"Black Star"}],"items_purged_floors":[],"is_endless":false,"potions_floor_spawned":[3,11,16],"killed_by":"2 Thieves","ascension_level":2}}