{"host":"cbabs5wvj1yqiyjm","time":1609990821,"event":{"mods":["AchievementEnabler","Act Like it!","Bartender","BaseMod","Bestiary","Better Third Choice","BetterRewards","Colored Powertips","Downfall","Friendly Minions","Hallownest","Hermit","Infinite Spire","Marisa????????","Minty Spire (QoL Compilation)","Rare Cards Sparkle","Replay The Spire","SOS???????","Spicy Shops","StSLib","Td1madao Mod","The Bladedancer","The Bug Knight","The Cursed","The Disciple","The Forsaken","The Marked","The Necromancer","The Servant 0.9.4","Wandering Minibosses","???Mod??????Boss"],"gold_per_floor":[119,39,50,0,17,17,51,51,122,222,222,247,244,255,255,349,349,359,359,377,383,383,383,119,119,144,56,10,10,33,40,40,134,134,135,137,45,45,54,68,11,11,11,11,11,40,17,17,17,7,7],"floor_reached":50,"playtime":2854,"items_purged":[],"score":577,"play_id":"d025f54f-b9db-4699-b882-e91072d2b5d8","local_time":"20210106224021","is_ascension_mode":true,"campfire_choices":[{"data":"Form_Shift","floor":6,"key":"SMITH"},{"floor":8,"key":"REST"},{"data":"Power_Up_Punch","floor":11,"key":"SMITH"},{"floor":23,"key":"REST"},{"data":"Windup","floor":25,"key":"SMITH"},{"floor":29,"key":"REST"},{"floor":42,"key":"REST"},{"floor":49,"key":"REST"}],"circlet_count":0,"master_deck":["Strike_Bartender","Strike_Bartender","Strike_Bartender","Defend_Bartender","Defend_Bartender","Defend_Bartender","Defend_Bartender","Somersault","Snap_Punch","Form_Shift+1","Power_Up_Punch","Bitters","Power_Up_Punch+1","Cross","On_The_Rocks","On_The_House+1","Step_Of_The_Wind","Windup+1","With_A_Twist","Alacrity","Phantom_Blow+1","OpoOpo_Form","Mirage","Center_Self+1","Power_Up_Punch","Dancing_Jab","Cold_Blooded","Fading_Blow+1","Liquid_Armor","Meditate+1","Free_Pour","Specialist","expansioncontent:StudyTheSpire","Coeurl_Form","Windup","Momentum","Momentum","Dragonkick+1","RockBreaker"],"relics":["Sneakers","Anchor","infinitespire:Eraser","Replay:Mystery Machine","Sling","Oddly Smooth Stone","Bag of Preparation","Silver_Glasses","PreservedInsect","Blue Doll","HollowMod:PaleOreRelic","theForsaken:Lifeblossom"],"acts_visited":["Exordium","TheCity","TheBeyond"],"potions_floor_usage":[16,16,16,33,33,39,40],"damage_taken":[{"damage":4,"enemies":"Cultist","floor":1,"turns":4},{"damage":0,"enemies":"Small Slimes","floor":3,"turns":3},{"damage":0,"enemies":"2 Louse","floor":5,"turns":2},{"damage":26,"enemies":"Lagavulin","floor":7,"turns":4},{"damage":8,"enemies":"Gremlin Nob","floor":12,"turns":3},{"damage":6,"enemies":"Lots of Slimes","floor":13,"turns":5},{"damage":0,"enemies":"3 Louse","floor":14,"turns":2},{"damage":46,"enemies":"Fading Forest","floor":16,"turns":11},{"damage":2,"enemies":"Spheric Guardian","floor":18,"turns":3},{"damage":0,"enemies":"Chosen","floor":20,"turns":4},{"damage":12,"enemies":"Shelled Parasite and Fungi","floor":21,"turns":7},{"damage":16,"enemies":"Snake Plant","floor":28,"turns":6},{"damage":27,"enemies":"Gremlin Leader","floor":30,"turns":9},{"damage":7,"enemies":"Snecko","floor":31,"turns":5},{"damage":39,"enemies":"Champ","floor":33,"turns":9},{"damage":12,"enemies":"3 Shapes","floor":35,"turns":4},{"damage":2,"enemies":"Orb Walker","floor":36,"turns":4},{"damage":11,"enemies":"Sphere and 2 Shapes","floor":39,"turns":8},{"damage":61,"enemies":"Reptomancer","floor":40,"turns":11},{"damage":6,"enemies":"Giant Head","floor":46,"turns":5},{"damage":90,"enemies":"Donu and Deca","floor":50,"turns":10}],"seed_played":"-687455562360486363","potions_obtained":[{"floor":3,"key":"champ:CounterPotion"},{"floor":5,"key":"Weak Potion"},{"floor":12,"key":"Elixir"},{"floor":19,"key":"FairyPotion"},{"floor":19,"key":"Slimebound:ThreeZeroPotion"},{"floor":19,"key":"infinitespire:BlackPotion"},{"floor":33,"key":"Swift Potion"},{"floor":36,"key":"SpeedPotion"},{"floor":46,"key":"champ:CounterPotion"}],"is_trial":false,"path_per_floor":["M","$","M","$","M","R","E","R","T","?","R","E","M","M","R","B",null,"M","?","M","M","?","R","$","R","T","$","M","R","E","M","R","B",null,"M","M","$","?","M","E","$","R","T","?","?","E","$","?","R","B"],"character_chosen":"BARTENDER","items_purchased":["Form_Shift","Bitters","Sling","OpoOpo_Form","Mirage","Center_Self+1","Power_Up_Punch","Specialist","Momentum","RockBreaker"],"campfire_rested":5,"item_purchase_floors":[2,4,24,24,24,27,27,37,41,47],"current_hp_per_floor":[73,73,73,73,73,73,47,70,70,70,70,62,56,56,77,41,77,75,75,75,63,63,77,77,77,77,77,61,77,50,43,43,4,77,65,63,63,63,52,23,23,46,46,46,46,40,40,40,63,0,0],"gold":7,"neow_bonus":"TEN_PERCENT_HP_BONUS","is_daily":false,"chose_seed":false,"campfire_upgraded":3,"win_rate":0.0,"timestamp":1609990821,"path_taken":["M","?","M","$","M","R","E","R","T","?","R","E","?","M","R","BOSS","M","?","?","M","?","R","?","R","T","$","M","R","E","M","R","BOSS","M","M","$","?","M","E","$","R","T","?","?","E","?","?","R","BOSS"],"items_purchased_type":["Card","Card","Relic","Card","Card","Card","Card","Card","Card","Card"],"build_version":"2020-12-22","purchased_purges":0,"victory":false,"max_hp_per_floor":[77,77,77,77,77,77,77,77,77,77,77,77,77,77,77,77,77,77,77,77,77,77,77,77,77,77,77,77,77,77,77,77,77,77,77,77,77,77,77,77,77,77,77,77,77,77,77,77,77,77,77],"card_choices":[{"not_picked":["Bouncer","Axe_Heel_Kick"],"picked":"Snap_Punch","floor":1},{"not_picked":["Bouncer","Axe_Heel_Kick"],"picked":"Power_Up_Punch","floor":3},{"not_picked":["ThreeSidedStar","RockBreaker"],"picked":"Power_Up_Punch","floor":5},{"not_picked":["Scoop","Pony_Shot"],"picked":"Cross","floor":7},{"not_picked":["Hook","Waterkick"],"picked":"On_The_Rocks","floor":12},{"not_picked":["Bouncer","Sucker_Punch"],"picked":"On_The_House","floor":13},{"not_picked":["Snap_Punch","ThreeSidedStar"],"picked":"Step_Of_The_Wind","floor":14},{"not_picked":["Spirits_Within","Breathe_Deep"],"picked":"Windup","floor":16},{"not_picked":["Snap_Punch","Ripple+1"],"picked":"With_A_Twist","floor":18},{"not_picked":["Snap_Punch","Meteodrive"],"picked":"Alacrity","floor":20},{"not_picked":["Center_Self","Raptor_Form"],"picked":"Phantom_Blow+1","floor":21},{"not_picked":["Pony_Shot","Perfect_Balance"],"picked":"Dancing_Jab","floor":28},{"not_picked":["Greased_Lightning","Bitters"],"picked":"Cold_Blooded","floor":30},{"not_picked":["Dancing_Jab","Greased_Lightning"],"picked":"Fading_Blow+1","floor":31},{"not_picked":["Butterfly_Float","Combo_Master"],"picked":"Liquid_Armor","floor":33},{"not_picked":["Ripple","Scoop"],"picked":"Meditate+1","floor":35},{"not_picked":["Top_Shelf","Foot_Thrust+1"],"picked":"Free_Pour","floor":36},{"not_picked":["ReplayTheSpireMod:Brewmster","expansioncontent:Flail"],"picked":"expansioncontent:StudyTheSpire","floor":38},{"not_picked":["Foot_Thrust+1","Center_Self+1"],"picked":"Coeurl_Form","floor":39},{"not_picked":["Vortex+","Glare+1"],"picked":"Windup","floor":40},{"not_picked":["Sucker_Punch+1","Ball_Of_Ice"],"picked":"Dragonkick+1","floor":46}],"player_experience":46056,"relics_obtained":[{"floor":7,"key":"Anchor"},{"floor":9,"key":"infinitespire:Eraser"},{"floor":12,"key":"Replay:Mystery Machine"},{"floor":26,"key":"Oddly Smooth Stone"},{"floor":30,"key":"Bag of Preparation"},{"floor":40,"key":"PreservedInsect"},{"floor":43,"key":"Blue Doll"},{"floor":46,"key":"HollowMod:PaleOreRelic"}],"event_choices":[{"damage_healed":0,"gold_gain":100,"player_choice":"Pray","damage_taken":0,"max_hp_gain":0,"max_hp_loss":0,"event_name":"Golden Shrine","floor":10,"gold_loss":0},{"damage_healed":0,"gold_gain":0,"player_choice":"Got Potions","damage_taken":0,"max_hp_gain":0,"max_hp_loss":0,"event_name":"Lab","floor":19,"gold_loss":0},{"damage_healed":0,"gold_gain":0,"player_choice":"Bought 0 Potions","damage_taken":0,"max_hp_gain":0,"max_hp_loss":0,"event_name":"The Woman in Blue","floor":22,"gold_loss":0},{"damage_healed":0,"gold_gain":0,"player_choice":"Memory 1","damage_taken":0,"max_hp_gain":0,"max_hp_loss":0,"event_name":"SensoryStone","floor":38,"gold_loss":0},{"cards_removed":["Strike_Bartender"],"damage_healed":0,"gold_gain":0,"player_choice":"Removed Attack","damage_taken":0,"max_hp_gain":0,"max_hp_loss":0,"event_name":"Falling","floor":44,"gold_loss":0},{"damage_healed":0,"gold_gain":0,"player_choice":"Gave Potion","damage_taken":0,"relics_obtained":["theForsaken:Lifeblossom"],"max_hp_gain":0,"max_hp_loss":0,"event_name":"WeMeetAgain","floor":48,"gold_loss":0}],"is_beta":false,"boss_relics":[{"not_picked":["Empty Cage","Cursed Key","Ring of Chaos"]},{"not_picked":["Coffee Dripper","Astrolabe"],"picked":"Silver_Glasses"}],"items_purged_floors":[],"is_endless":false,"potions_floor_spawned":[3,5,12,30,31,33,36,46],"killed_by":"Donu and Deca","ascension_level":1}}