{"host":"5raohst9sk3kvp5v","time":1609996143,"event":{"mods":["BaseMod","Colored Powertips","Highlight Path","Minty Spire (QoL Compilation)","Quick Restart","Relic Stats","StSLib"],"gold_per_floor":[415,415,415,427,427,427,452,452,475,507,518,518,518],"floor_reached":12,"playtime":439,"items_purged":[],"score":172,"play_id":"e2a7217a-b276-41a4-8050-c1334cf03f35","local_time":"20210106230903","is_ascension_mode":true,"campfire_choices":[{"data":"Sword Boomerang","floor":6.0,"key":"SMITH"},{"data":"Armaments","floor":8.0,"key":"SMITH"}],"circlet_count":0,"master_deck":["AscendersBane","Strike_R","Strike_R","Strike_R","Strike_R","Defend_R","Defend_R","Defend_R+1","Defend_R+1","Bash","Sword Boomerang+1","Armaments+1","Flex","Bloodletting","Carnage","Dark Embrace"],"relics":["Burning Blood","Old Coin","InkBottle","Vajra","War Paint"],"acts_visited":["Exordium"],"potions_floor_usage":[12],"damage_taken":[{"damage":2.0,"enemies":"2 Louse","floor":1.0,"turns":3.0},{"damage":9.0,"enemies":"Small Slimes","floor":4.0,"turns":4.0},{"damage":27.0,"enemies":"Lagavulin","floor":7.0,"turns":6.0},{"damage":32.0,"enemies":"3 Sentries","floor":10.0,"turns":10.0},{"damage":4.0,"enemies":"Jaw Worm","floor":11.0,"turns":2.0},{"damage":18,"enemies":"Lagavulin","floor":12,"turns":4}],"seed_played":"-894776244993758443","potions_obtained":[{"floor":1.0,"key":"Fruit Juice"},{"floor":4.0,"key":"GamblersBrew"},{"floor":7.0,"key":"DuplicationPotion"}],"is_trial":false,"path_per_floor":["M","?","?","M","?","R","E","R","T","E","M","E"],"character_chosen":"IRONCLAD","items_purchased":[],"campfire_rested":0,"item_purchase_floors":[],"current_hp_per_floor":[72,65,65,62,62,62,46,46,46,20,22,4,4],"gold":518,"neow_bonus":"ONE_RARE_RELIC","is_daily":false,"chose_seed":false,"campfire_upgraded":2,"win_rate":0.0,"timestamp":1609996143,"path_taken":["M","?","?","M","?","R","E","R","T","E","M","E"],"items_purchased_type":[],"build_version":"2020-12-22","purchased_purges":0,"victory":false,"max_hp_per_floor":[75,75,75,75,75,75,80,80,80,80,80,80,80],"relic_stats":{"counters":[6,29],"War Paint":["Defend_R","Defend_R"],"obtain_stats":[{"Vajra":9,"War Paint":10,"Burning Blood":0,"InkBottle":7,"Old Coin":0},{"Vajra":3,"War Paint":4,"Burning Blood":0,"InkBottle":3,"Old Coin":0},{"Vajra":13,"War Paint":23,"Burning Blood":0,"InkBottle":13,"Old Coin":0}],"Burning Blood":30,"InkBottle":[3]},"card_choices":[{"not_picked":["Perfected Strike","Anger"],"picked":"Sword Boomerang","floor":1.0},{"not_picked":["Sword Boomerang","Dual Wield"],"picked":"Armaments","floor":4.0},{"not_picked":["Dual Wield","Exhume"],"picked":"Bloodletting","floor":7.0},{"not_picked":["Anger","Battle Trance"],"picked":"Carnage","floor":10.0},{"not_picked":["Disarm","Evolve"],"picked":"Dark Embrace","floor":11.0}],"player_experience":1697649,"relics_obtained":[{"floor":7.0,"key":"InkBottle"},{"floor":9.0,"key":"Vajra"},{"floor":10.0,"key":"War Paint"}],"event_choices":[{"cards_removed":["Writhe"],"damage_healed":0.0,"max_hp_gain":0.0,"max_hp_loss":0.0,"gold_gain":0.0,"event_name":"Golden Wing","player_choice":"Card Removal","floor":2.0,"gold_loss":0.0,"damage_taken":7.0},{"damage_healed":0.0,"max_hp_gain":0.0,"max_hp_loss":0.0,"gold_gain":0.0,"event_name":"Shining Light","player_choice":"Ignored","floor":3.0,"gold_loss":0.0,"damage_taken":0.0},{"damage_healed":0.0,"max_hp_gain":0.0,"max_hp_loss":0.0,"gold_gain":0.0,"cards_transformed":["Strike_R"],"event_name":"Living Wall","player_choice":"Change","floor":5.0,"gold_loss":0.0,"damage_taken":0.0,"cards_obtained":["Flex"]}],"is_beta":false,"boss_relics":[],"items_purged_floors":[],"is_endless":false,"potions_floor_spawned":[1,4,7],"killed_by":"Lagavulin","ascension_level":20}}