{"host":"19tvufa8xx4wr4o1","time":1609985849,"event":{"mods":["AchievementEnabler","BaseMod","Better Sensory Stone","Better Third Choice","Highlight Path","Minty Spire (QoL Compilation)","Relic Stats","StSLib"],"gold_per_floor":[109,7,21,36,51,86,86,136,136,155,155,135,162,178,178,252,252,267,267,283,85,85,85,100,100,100,120,152,170,170,120,120,199,199,211,22,22,22,33,33,48,48,75,104,104,120,136,0,0,0],"floor_reached":51,"playtime":2114,"items_purged":["Strike_G","Parasite","Strike_G"],"score":1312,"play_id":"7bb2b74b-b433-40f2-b0d6-b591654e336b","local_time":"20210106201729","is_ascension_mode":true,"campfire_choices":[{"floor":7,"key":"REST"},{"floor":11,"key":"REST"},{"data":"Neutralize","floor":15,"key":"SMITH"},{"data":"Wraith Form v2","floor":23,"key":"SMITH"},{"floor":25,"key":"REST"},{"floor":32,"key":"REST"},{"data":"A Thousand Cuts","floor":40,"key":"SMITH"},{"floor":42,"key":"REST"},{"data":"Footwork","floor":45,"key":"SMITH"},{"floor":49,"key":"REST"}],"circlet_count":0,"master_deck":["AscendersBane","Defend_G","Defend_G","Defend_G","Defend_G","Defend_G","Survivor","Neutralize+1","Masterful Stab","Eviscerate","Envenom","Underhanded Strike","Leg Sweep","Eviscerate","Footwork+1","After Image","Leg Sweep","Dash","Wraith Form v2+1","Bouncing Flask","Skewer+1","Glass Knife","Bullet Time","A Thousand Cuts+1","Crippling Poison"],"relics":["Snecko Eye","Question Card","Dream Catcher","Mercury Hourglass","Smiling Mask","Cursed Key","Oddly Smooth Stone","Bottled Lightning","Omamori","Empty Cage","Happy Flower","White Beast Statue","Red Mask"],"acts_visited":["Exordium","TheCity","TheBeyond"],"potions_floor_usage":[14,16,20,33,33,50],"damage_taken":[{"damage":0,"enemies":"Small Slimes","floor":1,"turns":6},{"damage":4,"enemies":"Cultist","floor":3,"turns":6},{"damage":4,"enemies":"Jaw Worm","floor":4,"turns":3},{"damage":7,"enemies":"Large Slime","floor":5,"turns":5},{"damage":27,"enemies":"3 Sentries","floor":6,"turns":8},{"damage":0,"enemies":"Exordium Thugs","floor":10,"turns":4},{"damage":25,"enemies":"Lagavulin","floor":13,"turns":4},{"damage":0,"enemies":"Exordium Wildlife","floor":14,"turns":3},{"damage":18,"enemies":"The Guardian","floor":16,"turns":10},{"damage":0,"enemies":"3 Byrds","floor":18,"turns":4},{"damage":0,"enemies":"Spheric Guardian","floor":20,"turns":3},{"damage":1,"enemies":"Chosen and Byrds","floor":24,"turns":5},{"damage":0,"enemies":"3 Cultists","floor":27,"turns":6},{"damage":30,"enemies":"Book of Stabbing","floor":28,"turns":6},{"damage":0,"enemies":"Centurion and Healer","floor":29,"turns":6},{"damage":0,"enemies":"Champ","floor":33,"turns":10},{"damage":5,"enemies":"Orb Walker","floor":35,"turns":4},{"damage":3,"enemies":"3 Darklings","floor":39,"turns":5},{"damage":9,"enemies":"Jaw Worm Horde","floor":41,"turns":4},{"damage":11,"enemies":"Giant Head","floor":44,"turns":9},{"damage":13,"enemies":"Writhing Mass","floor":46,"turns":6},{"damage":10,"enemies":"Maw","floor":47,"turns":6},{"damage":33,"enemies":"Donu and Deca","floor":50,"turns":9}],"seed_played":"2616532033549733499","potions_obtained":[{"floor":5,"key":"Regen Potion"},{"floor":6,"key":"SpeedPotion"},{"floor":10,"key":"FearPotion"},{"floor":12,"key":"CunningPotion"},{"floor":16,"key":"CunningPotion"},{"floor":20,"key":"Explosive Potion"},{"floor":28,"key":"Strength Potion"},{"floor":33,"key":"Ancient Potion"},{"floor":39,"key":"SpeedPotion"},{"floor":41,"key":"CultistPotion"}],"is_trial":false,"path_per_floor":["M","?","M","M","M","E","R","?","T","M","R","?","E","M","R","B",null,"M","?","M","$","?","R","M","R","T","M","E","M","?","$","R","B",null,"M","$","?","?","M","R","M","R","T","E","R","M","M","?","R","B",null],"character_chosen":"THE_SILENT","items_purchased":["Oddly Smooth Stone","A Thousand Cuts"],"campfire_rested":6,"item_purchase_floors":[21,36],"current_hp_per_floor":[59,59,55,51,44,17,36,36,36,36,55,55,30,30,30,27,56,56,56,56,56,40,40,39,58,58,58,28,28,28,28,46,46,59,54,54,54,54,51,51,42,60,60,49,49,36,26,26,44,11],"gold":0,"neow_bonus":"BOSS_RELIC","is_daily":false,"chose_seed":false,"campfire_upgraded":4,"win_rate":0.0,"timestamp":1609985849,"path_taken":["M","?","?","?","M","E","R","?","T","M","R","?","E","?","R","BOSS","M","?","M","?","?","R","M","R","T","?","E","M","?","$","R","BOSS","M","$","?","?","M","R","M","R","T","E","R","M","?","?","R","BOSS"],"items_purchased_type":["Relic","Card"],"build_version":"2020-12-22","purchased_purges":3,"victory":true,"max_hp_per_floor":[66,66,66,66,66,66,66,66,66,66,66,66,66,66,66,66,66,66,66,66,66,66,66,66,66,66,66,66,66,66,63,63,63,63,63,63,63,63,63,63,63,63,63,63,63,63,63,63,63,63],"relic_stats":{"Dream Catcher":6,"Happy Flower":[10],"counters":[23,130],"Snecko Eye":[229,198,198,215],"Question Card":27,"Smiling Mask":150,"Cursed Key":2,"obtain_stats":[{"Happy Flower":43,"Oddly Smooth Stone":21,"Omamori":28,"Question Card":2,"Smiling Mask":13,"Cursed Key":17,"Empty Cage":34,"White Beast Statue":44,"Mercury Hourglass":9,"Dream Catcher":6,"Snecko Eye":0,"Red Mask":48,"Bottled Lightning":26,"Ring of the Snake":0},{"Happy Flower":19,"Oddly Smooth Stone":11,"Omamori":14,"Question Card":1,"Smiling Mask":7,"Cursed Key":9,"Empty Cage":16,"White Beast Statue":20,"Mercury Hourglass":5,"Dream Catcher":5,"Snecko Eye":0,"Red Mask":22,"Bottled Lightning":12,"Ring of the Snake":0},{"Happy Flower":100,"Oddly Smooth Stone":55,"Omamori":71,"Question Card":6,"Smiling Mask":35,"Cursed Key":48,"Empty Cage":87,"White Beast Statue":109,"Mercury Hourglass":28,"Dream Catcher":28,"Snecko Eye":0,"Red Mask":121,"Bottled Lightning":60,"Ring of the Snake":0}],"Mercury Hourglass":[344]},"card_choices":[{"not_picked":["Prepared","Bane","Backflip"],"picked":"SKIP","floor":1},{"not_picked":["Dodge and Roll","Flying Knee","Backflip"],"picked":"Masterful Stab","floor":3},{"not_picked":["Skewer","Flechettes","Accuracy"],"picked":"Eviscerate","floor":4},{"not_picked":["Backstab","Reflex","Underhanded Strike"],"picked":"Envenom","floor":5},{"not_picked":["Prepared","Backflip","Blade Dance"],"picked":"Underhanded Strike","floor":6},{"not_picked":["Choke","Prepared","Grand Finale"],"picked":"Leg Sweep","floor":10},{"not_picked":["Flying Knee","Backstab","Masterful Stab"],"picked":"Eviscerate","floor":11},{"not_picked":["Noxious Fumes","All Out Attack","Dodge and Roll"],"picked":"Footwork","floor":13},{"not_picked":["Cloak And Dagger","Quick Slash","Flying Knee","Dodge and Roll"],"picked":"SKIP","floor":14},{"not_picked":["Unload","Envenom","Grand Finale"],"picked":"After Image","floor":16},{"not_picked":["Blade Dance","Quick Slash","Dagger Spray","PiercingWail"],"picked":"SKIP","floor":18},{"not_picked":["Setup","PiercingWail","Blade Dance"],"picked":"Dash","floor":20},{"not_picked":["Dagger Spray","Crippling Poison","Poisoned Stab"],"picked":"Bouncing Flask","floor":24},{"not_picked":["Flying Knee","Quick Slash","Well Laid Plans"],"picked":"Skewer+1","floor":27},{"not_picked":["Dash","Slice","Backflip"],"picked":"Glass Knife","floor":28},{"not_picked":["Escape Plan","Deadly Poison+1","Quick Slash","Infinite Blades+1"],"picked":"SKIP","floor":29},{"not_picked":["A Thousand Cuts","Grand Finale","Phantasmal Killer"],"picked":"Bullet Time","floor":33},{"not_picked":["Dagger Throw","Backstab","Prepared","Deadly Poison+1"],"picked":"SKIP","floor":35},{"not_picked":["Bane","After Image","Heel Hook+1","Underhanded Strike"],"picked":"SKIP","floor":39},{"not_picked":["Dagger Spray","Deadly Poison","Accuracy","Slice"],"picked":"SKIP","floor":41},{"not_picked":["Cloak And Dagger+1","Masterful Stab+1","Sucker Punch"],"picked":"Crippling Poison","floor":42},{"not_picked":["Sucker Punch+1","Die Die Die","Poisoned Stab+1","Deflect+1"],"picked":"SKIP","floor":44},{"not_picked":["Dagger Throw","Prepared","Deadly Poison","Quick Slash"],"picked":"SKIP","floor":46},{"not_picked":["All Out Attack","Cloak And Dagger","Sucker Punch+1","Slice"],"picked":"SKIP","floor":47}],"player_experience":559011,"relics_obtained":[{"floor":6,"key":"Dream Catcher"},{"floor":9,"key":"Mercury Hourglass"},{"floor":13,"key":"Smiling Mask"},{"floor":26,"key":"Bottled Lightning"},{"floor":28,"key":"Omamori"},{"floor":43,"key":"Happy Flower"},{"floor":44,"key":"White Beast Statue"}],"event_choices":[{"damage_healed":0,"gold_gain":0,"player_choice":"Paid Gold","damage_taken":0,"relics_obtained":["Question Card"],"max_hp_gain":0,"max_hp_loss":0,"event_name":"WeMeetAgain","floor":2,"gold_loss":102},{"damage_healed":0,"gold_gain":50,"player_choice":"Gained Gold","damage_taken":0,"max_hp_gain":0,"max_hp_loss":0,"event_name":"Golden Wing","floor":8,"gold_loss":0},{"damage_healed":0,"gold_gain":0,"player_choice":"Bought 1 Potion","damage_taken":0,"max_hp_gain":0,"max_hp_loss":0,"event_name":"The Woman in Blue","floor":12,"gold_loss":0},{"damage_healed":0,"gold_gain":0,"player_choice":"Copied","damage_taken":0,"max_hp_gain":0,"max_hp_loss":0,"event_name":"Duplicator","floor":19,"gold_loss":0,"cards_obtained":["Leg Sweep"]},{"damage_healed":0,"gold_gain":2,"player_choice":"2","damage_taken":0,"max_hp_gain":0,"max_hp_loss":16,"event_name":"betterStone:BetterStone","floor":22,"gold_loss":0},{"damage_healed":0,"gold_gain":0,"player_choice":"Ignored","damage_taken":0,"max_hp_gain":0,"max_hp_loss":0,"event_name":"Vampires","floor":30,"gold_loss":0},{"cards_removed":["Strike_G"],"damage_healed":0,"gold_gain":0,"player_choice":"Removed Attack","damage_taken":0,"max_hp_gain":0,"max_hp_loss":0,"event_name":"Falling","floor":37,"gold_loss":0},{"damage_healed":0,"gold_gain":0,"player_choice":"Cursed","damage_taken":0,"max_hp_gain":0,"max_hp_loss":0,"event_name":"Wheel of Change","floor":38,"gold_loss":0,"cards_obtained":["Decay"]},{"damage_healed":0,"gold_gain":0,"player_choice":"Paid","damage_taken":0,"relics_obtained":["Red Mask"],"max_hp_gain":0,"max_hp_loss":0,"event_name":"Tomb of Lord Red Mask","floor":48,"gold_loss":136}],"is_beta":false,"boss_relics":[{"not_picked":["Sozu","WristBlade"],"picked":"Cursed Key"},{"not_picked":["Fusion Hammer","Coffee Dripper"],"picked":"Empty Cage"}],"items_purged_floors":[21,31,36],"is_endless":false,"potions_floor_spawned":[5,6,10,16,20,28,33,39,41,46,47],"ascension_level":15}}