{"host":"r53pw7z744tg3fxg","time":1609983413,"event":{"mods":["AchievementEnabler","BaseMod","Colored Map","Colored Powertips","Highlight Path","Minty Spire (QoL Compilation)","Quick Restart","Transform Curses"],"gold_per_floor":[117,134,134,152,7,7,40,66,113,140,65,65,99,110,110,206,206,223,223,236,249,5,5,36,36,62,82,111,111,111,121,121,222,222,242,260,273,286,300,300,300,300,300,300,312,326,58,58,58],"floor_reached":48,"playtime":1886,"items_purged":["LessonLearned+1"],"score":879,"play_id":"07ac96e7-1ad1-4ba8-852e-af5acc1609f2","local_time":"20210106183653","is_ascension_mode":true,"campfire_choices":[{"floor":6.0,"key":"REST"},{"floor":12.0,"key":"REST"},{"data":"LessonLearned","floor":15.0,"key":"SMITH"},{"floor":23.0,"key":"REST"},{"floor":25.0,"key":"REST"},{"floor":29.0,"key":"REST"},{"floor":32,"key":"REST"},{"floor":40,"key":"REST"},{"data":"1","floor":42,"key":"LIFT"},{"floor":44,"key":"REST"}],"circlet_count":0,"master_deck":["AscendersBane","Strike_P+1","Strike_P+1","Strike_P+1","Strike_P+1","Defend_P+1","Defend_P","Defend_P+1","Defend_P","Eruption+1","Vigilance","Conclude","ThirdEye","SandsOfTime","WheelKick+1","BowlingBash+1","Judgement","BattleHymn+1","TalkToTheHand+1","Adaptation","LessonLearned+1","JustLucky","Perseverance+1","Halt+1","ThirdEye+1","Protect+1","FlurryOfBlows+1","CarveReality","FollowUp"],"relics":["PureWater","Ancient Tea Set","Akabeko","Art of War","Pen Nib","Bird Faced Urn","Blue Candle","Empty Cage","TeardropLocket","Bronze Scales","Oddly Smooth Stone","Omamori","Calling Bell","Anchor","Mummified Hand","Girya","Pocketwatch","Sling"],"acts_visited":["Exordium","TheCity","TheBeyond"],"potions_floor_usage":[31,31,38,48],"damage_taken":[{"damage":4.0,"enemies":"2 Louse","floor":1.0,"turns":3.0},{"damage":4.0,"enemies":"Jaw Worm","floor":2.0,"turns":3.0},{"damage":1.0,"enemies":"Small Slimes","floor":4.0,"turns":3.0},{"damage":0.0,"enemies":"Gremlin Nob","floor":7.0,"turns":2.0},{"damage":27.0,"enemies":"Lagavulin","floor":10.0,"turns":5.0},{"damage":5.0,"enemies":"3 Sentries","floor":13.0,"turns":4.0},{"damage":6.0,"enemies":"Blue Slaver","floor":14.0,"turns":4.0},{"damage":0.0,"enemies":"Slime Boss","floor":16.0,"turns":5.0},{"damage":6.0,"enemies":"3 Byrds","floor":18.0,"turns":3.0},{"damage":18.0,"enemies":"2 Thieves","floor":20.0,"turns":4.0},{"damage":12.0,"enemies":"Chosen and Byrds","floor":21.0,"turns":4.0},{"damage":34.0,"enemies":"Slavers","floor":24.0,"turns":4.0},{"damage":32.0,"enemies":"Shelled Parasite and Fungi","floor":27.0,"turns":4.0},{"damage":6.0,"enemies":"Gremlin Leader","floor":28.0,"turns":3.0},{"damage":0,"enemies":"Cultist and Chosen","floor":31,"turns":3},{"damage":78,"enemies":"Collector","floor":33,"turns":5},{"damage":22,"enemies":"3 Darklings","floor":35,"turns":3},{"damage":8,"enemies":"Orb Walker","floor":36,"turns":3},{"damage":3,"enemies":"4 Shapes","floor":37,"turns":4},{"damage":20,"enemies":"Jaw Worm Horde","floor":38,"turns":5},{"damage":22,"enemies":"Transient","floor":39,"turns":5},{"damage":5,"enemies":"Sphere and 2 Shapes","floor":45,"turns":4},{"damage":0,"enemies":"4 Shapes","floor":46,"turns":3},{"damage":72,"enemies":"Giant Head","floor":48,"turns":6}],"seed_played":"-3705465272532148699","potions_obtained":[{"floor":1.0,"key":"Strength Potion"},{"floor":4.0,"key":"BottledMiracle"},{"floor":7.0,"key":"Block Potion"},{"floor":13.0,"key":"LiquidMemories"},{"floor":18.0,"key":"StancePotion"},{"floor":24.0,"key":"ColorlessPotion"},{"floor":28.0,"key":"SteroidPotion"},{"floor":31,"key":"Fruit Juice"},{"floor":37,"key":"LiquidBronze"},{"floor":39,"key":"BlessingOfTheForge"},{"floor":46,"key":"BlessingOfTheForge"}],"is_trial":false,"path_per_floor":["M","M","?","M","$","R","E","T","T","E","$","R","E","M","R","B",null,"M","?","M","M","$","R","E","R","T","M","E","R","?","M","R","B",null,"M","M","M","M","M","R","?","R","T","R","M","M","$","E"],"character_chosen":"WATCHER","items_purchased":["Ancient Tea Set","EmptyFist","Dexterity Potion","TeardropLocket","Sling","FollowUp"],"campfire_rested":8,"item_purchase_floors":[5,11,11,22,47,47],"current_hp_per_floor":[68,64,48,47,47,70,70,70,70,43,43,66,61,55,55,55,73,67,67,51,41,41,64,32,55,55,27,23,46,46,55,80,6,65,45,41,40,24,6,31,31,31,31,56,53,55,55,0,0],"gold":58,"neow_bonus":"TEN_PERCENT_HP_BONUS","is_daily":false,"chose_seed":false,"campfire_upgraded":1,"win_rate":0.0,"timestamp":1609983413,"path_taken":["M","M","?","M","$","R","E","?","T","E","$","R","E","M","R","BOSS","M","?","M","M","$","R","E","R","T","M","E","R","?","?","R","BOSS","M","M","?","M","M","R","?","R","T","R","M","?","$","E"],"items_purchased_type":["Relic","Card","Potion","Relic","Relic","Card"],"build_version":"2020-12-22","purchased_purges":1,"victory":false,"max_hp_per_floor":[79,79,79,79,79,79,79,79,79,79,79,79,79,79,79,79,79,79,79,79,79,79,79,79,79,79,79,79,79,79,84,84,84,84,84,84,84,84,84,84,84,84,84,84,84,84,84,84,84],"card_choices":[{"not_picked":["EmptyBody","ForeignInfluence"],"picked":"Conclude","floor":1.0},{"not_picked":["ClearTheMind","FlurryOfBlows"],"picked":"ThirdEye","floor":2.0},{"not_picked":["Wireheading","Protect"],"picked":"SandsOfTime","floor":4.0},{"not_picked":["FlyingSleeves","CutThroughFate"],"picked":"WheelKick","floor":7.0},{"not_picked":["TalkToTheHand","EmptyBody"],"picked":"LessonLearned","floor":10.0},{"not_picked":["PathToVictory","JustLucky"],"picked":"Crescendo","floor":13.0},{"not_picked":["InnerPeace","ReachHeaven"],"picked":"BowlingBash","floor":14.0},{"not_picked":["SpiritShield","Omniscience"],"picked":"Judgement","floor":16.0},{"not_picked":["Protect","FlurryOfBlows"],"picked":"BattleHymn+1","floor":18.0},{"not_picked":["Halt","Consecrate"],"picked":"TalkToTheHand+1","floor":20.0},{"not_picked":["Ragnarok","WreathOfFlame","LikeWater"],"picked":"SKIP","floor":21.0},{"not_picked":["Consecrate","FlyingSleeves"],"picked":"Adaptation","floor":24.0},{"not_picked":["FlurryOfBlows","EmptyMind","CrushJoints"],"picked":"SKIP","floor":27.0},{"not_picked":["Scrawl","EmptyFist","Study"],"picked":"SKIP","floor":28.0},{"not_picked":["EmptyFist","Meditate"],"picked":"JustLucky","floor":31},{"not_picked":["TalkToTheHand+1","CrushJoints"],"picked":"Perseverance+1","floor":35},{"not_picked":["Vengeance+1","Protect"],"picked":"Halt","floor":36},{"not_picked":["Vengeance","FollowUp+1"],"picked":"ThirdEye+1","floor":37},{"not_picked":["Consecrate+1","Worship+1"],"picked":"Protect+1","floor":38},{"not_picked":["CrushJoints","BowlingBash+1","Halt+1"],"picked":"SKIP","floor":39},{"not_picked":["JustLucky","WheelKick+1"],"picked":"FlurryOfBlows+1","floor":45},{"not_picked":["FlyingSleeves+1","WheelKick+1"],"picked":"CarveReality","floor":46}],"player_experience":1208188,"relics_obtained":[{"floor":7.0,"key":"Akabeko"},{"floor":8.0,"key":"Art of War"},{"floor":9.0,"key":"Pen Nib"},{"floor":10.0,"key":"Bird Faced Urn"},{"floor":13.0,"key":"Blue Candle"},{"floor":24.0,"key":"Bronze Scales"},{"floor":26.0,"key":"Oddly Smooth Stone"},{"floor":28.0,"key":"Omamori"},{"floor":34,"key":"Anchor"},{"floor":34,"key":"Mummified Hand"},{"floor":34,"key":"Girya"},{"floor":43,"key":"Pocketwatch"}],"event_choices":[{"damage_healed":0.0,"max_hp_gain":0.0,"max_hp_loss":0.0,"gold_gain":0.0,"event_name":"Shining Light","player_choice":"Entered Light","floor":3.0,"gold_loss":0.0,"damage_taken":16.0,"cards_upgraded":["Strike_P","Strike_P"]},{"damage_healed":0.0,"max_hp_gain":0.0,"max_hp_loss":0.0,"gold_gain":0.0,"event_name":"Beggar","player_choice":"Ignored","floor":19.0,"gold_loss":0.0,"damage_taken":0.0},{"damage_healed":0.0,"max_hp_gain":0.0,"max_hp_loss":0.0,"gold_gain":0.0,"event_name":"Duplicator","player_choice":"Copied","floor":30.0,"gold_loss":0.0,"damage_taken":0.0,"cards_obtained":["LessonLearned"]},{"damage_healed":0,"gold_gain":0,"player_choice":"Ignored","damage_taken":0,"max_hp_gain":0,"max_hp_loss":0,"event_name":"SecretPortal","floor":41,"gold_loss":0}],"is_beta":false,"boss_relics":[{"not_picked":["Ectoplasm","Coffee Dripper"],"picked":"Empty Cage"},{"not_picked":["SlaversCollar","Runic Pyramid"],"picked":"Calling Bell"}],"items_purged_floors":[47],"is_endless":false,"potions_floor_spawned":[1,4,7,13,18,24,28,31,37,39,46],"killed_by":"Giant Head","ascension_level":11}}