{"host":"bxn2em57qlx5u4i0","time":1609982478,"event":{"mods":["BaseMod","Colored Map","Colored Powertips","Highlight Path","Minty Spire (QoL Compilation)","Random Character Button","Relic Sorter","Relic Stats","StSLib","SuperFastMode"],"gold_per_floor":[115,115,135,153,4,37,37,69,94,94,94,41,61,26,26,26,26],"floor_reached":16,"playtime":304,"items_purged":["Strike_G"],"score":216,"play_id":"927b4eac-a692-4200-a5d9-fd45e344aa2c","local_time":"20210106202118","is_ascension_mode":true,"campfire_choices":[{"data":"Crippling Poison","floor":7,"key":"SMITH"},{"floor":10,"key":"REST"},{"data":"Predator","floor":15,"key":"SMITH"}],"circlet_count":0,"master_deck":["AscendersBane","Strike_G","Strike_G","Strike_G","Strike_G","Defend_G","Defend_G","Defend_G","Defend_G","Defend_G","Survivor","Neutralize","Cloak And Dagger","Predator+1","Backstab","Crippling Poison+1","PiercingWail","Bouncing Flask"],"relics":["Ring of the Snake","NeowsBlessing","Centennial Puzzle","Oddly Smooth Stone","Anchor","Regal Pillow"],"acts_visited":["Exordium"],"potions_floor_usage":[6,8,16,16],"damage_taken":[{"damage":0,"enemies":"Jaw Worm","floor":1,"turns":1},{"damage":0,"enemies":"Cultist","floor":3,"turns":1},{"damage":0,"enemies":"Small Slimes","floor":4,"turns":1},{"damage":38,"enemies":"Lagavulin","floor":6,"turns":9},{"damage":18,"enemies":"Gremlin Nob","floor":8,"turns":4},{"damage":2,"enemies":"Blue Slaver","floor":13,"turns":4},{"damage":51,"enemies":"Slime Boss","floor":16,"turns":8}],"seed_played":"-6314499485825857942","potions_obtained":[{"floor":4,"key":"Fire Potion"},{"floor":6,"key":"Dexterity Potion"},{"floor":8,"key":"Regen Potion"}],"is_trial":false,"path_per_floor":["M","?","M","M","$","E","R","E","T","R","T","$","M","?","R","B"],"character_chosen":"THE_SILENT","items_purchased":["Crippling Poison","Explosive Potion"],"campfire_rested":1,"item_purchase_floors":[5,12],"current_hp_per_floor":[59,59,59,59,59,21,21,3,3,22,22,22,20,36,36,0,0],"gold":26,"neow_bonus":"THREE_ENEMY_KILL","is_daily":false,"chose_seed":false,"campfire_upgraded":2,"win_rate":0.0,"timestamp":1609982478,"path_taken":["M","?","?","?","?","E","R","E","T","R","?","$","M","?","R","BOSS"],"items_purchased_type":["Card","Potion"],"build_version":"2020-12-22","purchased_purges":1,"victory":false,"max_hp_per_floor":[66,66,66,66,66,66,66,66,66,66,66,66,66,66,66,66,66],"relic_stats":{"Centennial Puzzle":[9],"Regal Pillow":0,"counters":[7,28],"obtain_stats":[{"Centennial Puzzle":6,"Anchor":9,"Regal Pillow":11,"NeowsBlessing":0,"Oddly Smooth Stone":8,"Ring of the Snake":0},{"Centennial Puzzle":4,"Anchor":5,"Regal Pillow":5,"NeowsBlessing":0,"Oddly Smooth Stone":5,"Ring of the Snake":0},{"Centennial Puzzle":12,"Anchor":16,"Regal Pillow":16,"NeowsBlessing":0,"Oddly Smooth Stone":16,"Ring of the Snake":0}],"Ring of the Snake":[14]},"card_choices":[{"not_picked":["Bane","Dodge and Roll"],"picked":"Cloak And Dagger","floor":1},{"not_picked":["Flying Knee","Blade Dance"],"picked":"Backstab","floor":3},{"not_picked":["Masterful Stab","Finisher","Dodge and Roll"],"picked":"SKIP","floor":4},{"not_picked":["Phantasmal Killer","Backflip"],"picked":"PiercingWail","floor":6},{"not_picked":["Sucker Punch","Blade Dance"],"picked":"Bouncing Flask","floor":8},{"not_picked":["Blade Dance","Outmaneuver","Quick Slash"],"picked":"SKIP","floor":13}],"player_experience":2862502,"relics_obtained":[{"floor":6,"key":"Centennial Puzzle"},{"floor":8,"key":"Oddly Smooth Stone"},{"floor":9,"key":"Anchor"},{"floor":11,"key":"Regal Pillow"}],"event_choices":[{"damage_healed":0,"gold_gain":0,"player_choice":"1 cards matched","damage_taken":0,"max_hp_gain":0,"max_hp_loss":0,"event_name":"Match and Keep!","floor":2,"gold_loss":0,"cards_obtained":["Predator"]},{"damage_healed":16,"gold_gain":0,"player_choice":"Healed","damage_taken":0,"max_hp_gain":0,"max_hp_loss":0,"event_name":"The Cleric","floor":14,"gold_loss":35}],"is_beta":false,"boss_relics":[],"items_purged_floors":[5],"is_endless":false,"potions_floor_spawned":[4,6,8],"killed_by":"Slime Boss","ascension_level":20}}