{"host":"fxh4234sf5pb3xr6","time":1609999256,"event":{"mods":["BaseMod","Colored Map","Colored Powertips","Minty Spire (QoL Compilation)","StSLib"],"gold_per_floor":[113,113,125,136,149,149,5,17,17,46,46,59,85,102,102,206,206,222,233,233,233,252,252,286,286,286,299,318,352,352,368,368,368,368],"floor_reached":33,"playtime":1403,"items_purged":[],"score":376,"play_id":"9cf1efa1-7d3b-4158-935a-74420ac48cf0","local_time":"20210107010056","is_ascension_mode":true,"campfire_choices":[{"data":"Streamline","floor":6,"key":"SMITH"},{"floor":11,"key":"REST"},{"floor":15,"key":"REST"},{"floor":23,"key":"REST"},{"floor":25,"key":"REST"},{"data":"White Noise","floor":30,"key":"SMITH"},{"floor":32,"key":"REST"}],"circlet_count":0,"master_deck":["Strike_B","Strike_B","Strike_B","Strike_B","Defend_B","Defend_B","Defend_B","Defend_B","Zap","Dualcast","Core Surge","Capacitor","Ball Lightning","Streamline+1","Rip and Tear","Coolheaded","FTL","Electrodynamics","Conserve Battery","White Noise+1","Glacier","Conserve Battery+1","Conserve Battery+1"],"relics":["Cracked Core","NlothsMask","Oddly Smooth Stone","DataDisk","Cables","Sozu","CaptainsWheel","Pear","Blood Vial"],"acts_visited":["Exordium","TheCity"],"potions_floor_usage":[10,33],"damage_taken":[{"damage":0,"enemies":"Small Slimes","floor":1,"turns":3},{"damage":0,"enemies":"Cultist","floor":3,"turns":3},{"damage":3,"enemies":"2 Louse","floor":4,"turns":2},{"damage":23,"enemies":"Exordium Wildlife","floor":5,"turns":4},{"damage":9,"enemies":"2 Fungi Beasts","floor":8,"turns":3},{"damage":24,"enemies":"3 Sentries","floor":10,"turns":6},{"damage":0,"enemies":"Red Slaver","floor":12,"turns":3},{"damage":22,"enemies":"Lagavulin","floor":13,"turns":5},{"damage":6,"enemies":"Large Slime","floor":14,"turns":3},{"damage":12,"enemies":"Hexaghost","floor":16,"turns":9},{"damage":8,"enemies":"Shell Parasite","floor":18,"turns":4},{"damage":0,"enemies":"Spheric Guardian","floor":19,"turns":2},{"damage":9,"enemies":"3 Cultists","floor":22,"turns":3},{"damage":22,"enemies":"Gremlin Leader","floor":24,"turns":5},{"damage":7,"enemies":"Snecko","floor":27,"turns":3},{"damage":0,"enemies":"Snake Plant","floor":28,"turns":4},{"damage":7,"enemies":"Book of Stabbing","floor":29,"turns":5},{"damage":0,"enemies":"Centurion and Healer","floor":31,"turns":5},{"damage":65,"enemies":"Automaton","floor":33,"turns":12}],"seed_played":"2329050951829947065","potions_obtained":[{"floor":3,"key":"Block Potion"},{"floor":4,"key":"FearPotion"},{"floor":10,"key":"Explosive Potion"},{"floor":12,"key":"GamblersBrew"}],"is_trial":false,"path_per_floor":["M","?","M","M","M","R","$","M","T","E","R","M","E","M","R","B",null,"M","M","?","?","M","R","E","R","T","M","M","E","R","M","R","B"],"character_chosen":"DEFECT","items_purchased":["Oddly Smooth Stone"],"campfire_rested":5,"item_purchase_floors":[7],"current_hp_per_floor":[68,68,68,65,42,42,42,33,33,9,29,29,7,1,21,9,53,45,45,33,27,18,39,17,38,48,41,41,34,34,36,60,0,0],"gold":368,"neow_bonus":"THREE_RARE_CARDS","is_daily":false,"chose_seed":false,"campfire_upgraded":2,"win_rate":0.0,"timestamp":1609999256,"path_taken":["M","?","?","M","?","R","$","M","T","E","R","?","E","M","R","BOSS","M","M","?","?","M","R","E","R","T","M","M","E","R","?","R","BOSS"],"items_purchased_type":["Relic"],"build_version":"2020-12-22","purchased_purges":0,"victory":false,"max_hp_per_floor":[68,68,68,68,68,68,68,68,68,68,68,68,68,68,68,68,68,68,68,73,73,73,73,73,73,83,83,83,83,83,83,83,83,83],"card_choices":[{"not_picked":["Biased Cognition","Thunder Strike"],"picked":"Core Surge","floor":0},{"not_picked":["Barrage","Blizzard"],"picked":"Capacitor","floor":1},{"not_picked":["Rip and Tear","Gash"],"picked":"Ball Lightning","floor":3},{"not_picked":["Barrage","Go for the Eyes","Heatsinks"],"picked":"SKIP","floor":4},{"not_picked":["Compile Driver","Coolheaded"],"picked":"Streamline","floor":5},{"not_picked":["Rebound","BootSequence"],"picked":"Rip and Tear","floor":8},{"not_picked":["Streamline","Ball Lightning"],"picked":"Coolheaded","floor":10},{"not_picked":["Steam Power","Hologram","Tempest"],"picked":"SKIP","floor":12},{"not_picked":["Ball Lightning","Hologram","Steam"],"picked":"SKIP","floor":13},{"not_picked":["Undo","Steam"],"picked":"FTL","floor":14},{"not_picked":["Machine Learning","Multi-Cast"],"picked":"Electrodynamics","floor":16},{"not_picked":["Tempest","Doom and Gloom+1"],"picked":"Conserve Battery","floor":18},{"not_picked":["Barrage+1","Heatsinks","Leap"],"picked":"SKIP","floor":19},{"not_picked":["Hologram","Barrage"],"picked":"White Noise","floor":22},{"not_picked":["Core Surge","Steam","Capacitor+1"],"picked":"SKIP","floor":24},{"not_picked":["Gash+1","Rip and Tear+1"],"picked":"Glacier","floor":27},{"not_picked":["Streamline","Turbo+1"],"picked":"Conserve Battery+1","floor":28},{"not_picked":["Rip and Tear","Double Energy","Fission"],"picked":"SKIP","floor":29},{"not_picked":["Genetic Algorithm","Heatsinks"],"picked":"Conserve Battery+1","floor":31}],"player_experience":321507,"relics_obtained":[{"floor":10,"key":"DataDisk"},{"floor":13,"key":"Cables"},{"floor":24,"key":"CaptainsWheel"},{"floor":26,"key":"Pear"},{"floor":29,"key":"Blood Vial"}],"event_choices":[{"damage_healed":0,"gold_gain":0,"player_choice":"Trade","damage_taken":0,"relics_obtained":["NlothsMask"],"max_hp_gain":0,"max_hp_loss":0,"event_name":"FaceTrader","floor":2,"gold_loss":0},{"damage_healed":0,"gold_gain":0,"player_choice":"Shed Blood","damage_taken":17,"max_hp_gain":5,"max_hp_loss":0,"event_name":"Forgotten Altar","floor":20,"gold_loss":0},{"damage_healed":0,"gold_gain":0,"player_choice":"","damage_taken":6,"max_hp_gain":0,"max_hp_loss":0,"event_name":"Knowing Skull","floor":21,"potions_obtained":[],"gold_loss":0,"cards_obtained":[]}],"is_beta":false,"boss_relics":[{"not_picked":["Ectoplasm","Empty Cage"],"picked":"Sozu"}],"items_purged_floors":[],"is_endless":false,"potions_floor_spawned":[3,4,10,12,19,28,29],"killed_by":"Automaton","ascension_level":5}}