{"host":"94qggqh0xz0sp6ai","time":1609997600,"event":{"mods":["Abigail Mod","Act Like it!","BaseMod","CapriCore","Downfall","Friendly Minions","Gensokyo","Hermit","Jorbs\u0027s Wanderer Trilogy","Koishi","Marisa（霧雨　魔理沙）","Minty Spire (QoL Compilation)","Permanent Neow","Reimu（博??梦）","StSLib","The Alterego","The Construct","The Cursed","The Hierophant","The Immortal","The Marked","The Servant 0.9.4","TheBandit","Waifu the Spire"],"gold_per_floor":[111,18,31,31,55,55,70,70,70,95,95,131,131,145,145,266,329,353,31,45,65,119,150,150,193,193,207,207,230,230,91,91,210,210,235,568,587,587,587,587,587],"floor_reached":39,"playtime":1575,"items_purged":["Pain","MokouMod:Strike"],"score":572,"play_id":"30a808f5-0ab0-4699-9a2a-94153b2287c1","local_time":"20210106233320","is_ascension_mode":true,"campfire_choices":[{"data":"MokouMod:TemporalFireSeal","floor":6,"key":"SMITH"},{"data":"MokouMod:Overheat","floor":8,"key":"SMITH"},{"floor":13,"key":"REST"},{"data":"MokouMod:TemporalFireSeal","floor":15,"key":"SMITH"},{"data":"MokouMod:HouraiForge","floor":24,"key":"SMITH"},{"floor":30,"key":"REST"},{"data":"MokouMod:SacredFire","floor":32,"key":"SMITH"}],"circlet_count":0,"master_deck":["MokouMod:Strike","MokouMod:Strike","MokouMod:Strike","MokouMod:Strike","MokouMod:Defend","MokouMod:Defend","MokouMod:Defend","MokouMod:Defend","MokouMod:HeatSpark","MokouMod:Refresh","MokouMod:TemporalFireSeal+1","MokouMod:IgnitionBlast","MokouMod:GuidingSmoke","MokouMod:Overheat+1","MokouMod:IllusoryBattlefield+1","MokouMod:RadiantBlade","MokouMod:TemporalFireSeal+1","MokouMod:HouraiForge+1","MokouMod:FlareStarter","MokouMod:SacredFire+1","MokouMod:InfernalWave","MokouMod:BurningDraft","MokouMod:RoaringFlare+1","MokouMod:HeatCyclone","Writhe","MokouMod:HeartofFire","MokouMod:Ventilation","MokouMod:Wildfire","MokouMod:RoaringFlare+1"],"relics":["MokouMod:PhoenixFeather","Tiny Chest","Question Card","WarpedTongs","Shuriken","Tiny House","RuthlessExorcism:ReiMu","Guardian:PocketSentry","Pantograph","Molten Egg 2","Letter Opener","Omamori","SacredBark"],"acts_visited":["Exordium","TheCity","TheBeyond"],"potions_floor_usage":[12,12,19,23,25,25,25,27,29,33,39],"damage_taken":[{"damage":5,"enemies":"Small Slimes","floor":1,"turns":3},{"damage":5,"enemies":"Cultist","floor":3,"turns":3},{"damage":5,"enemies":"2 Louse","floor":5,"turns":3},{"damage":8,"enemies":"Blue Slaver","floor":7,"turns":3},{"damage":10,"enemies":"Large Slime","floor":10,"turns":6},{"damage":12,"enemies":"3 Sentries","floor":12,"turns":7},{"damage":3,"enemies":"3 Louse","floor":14,"turns":3},{"damage":8152045,"enemies":"Slime Boss","floor":16,"turns":8},{"damage":2,"enemies":"3 Byrds","floor":18,"turns":7},{"damage":0,"enemies":"Spheric Guardian","floor":20,"turns":1},{"damage":6,"enemies":"Cultist and Chosen","floor":21,"turns":2},{"damage":23,"enemies":"Gremlin Leader","floor":23,"turns":6},{"damage":16,"enemies":"Book of Stabbing","floor":25,"turns":5},{"damage":20,"enemies":"Shelled Parasite and Fungi","floor":27,"turns":2},{"damage":0,"enemies":"Snake Plant","floor":29,"turns":2},{"damage":94,"enemies":"Champ","floor":33,"turns":14},{"damage":20,"enemies":"3 Darklings","floor":35,"turns":4},{"damage":25,"enemies":"Orb Walker","floor":37,"turns":4},{"damage":8152016,"enemies":"Transient","floor":39,"turns":2}],"seed_played":"366378757421198436","potions_obtained":[{"floor":1,"key":"EssenceOfSteel"},{"floor":10,"key":"Weak Potion"},{"floor":16,"key":"FairyPotion"},{"floor":17,"key":"EntropicBrew"},{"floor":18,"key":"GamblersBrew"},{"floor":21,"key":"Block Potion"},{"floor":25,"key":"LiquidMemories"},{"floor":27,"key":"hexamod:EctoCoolerPotion"},{"floor":29,"key":"construct:ShiftPotion"},{"floor":37,"key":"DistilledChaos"}],"is_trial":false,"path_per_floor":["M","$","M","?","M","R","M","R","T","M","?","E","R","M","R","B",null,"M","$","M","M","T","E","R","E","T","M","?","M","R","$","R","B",null,"M","?","M","?","M"],"character_chosen":"MKU","items_purchased":["MokouMod:TemporalFireSeal","MokouMod:IgnitionBlast","Fruit Juice","RuthlessExorcism:ReiMu","MokouMod:HeartofFire"],"campfire_rested":2,"item_purchase_floors":[2,2,19,19,31],"current_hp_per_floor":[63,63,58,40,35,35,27,27,27,17,17,5,27,24,24,12,64,62,67,67,61,61,38,38,22,22,2,2,2,27,27,27,21,69,49,49,24,24,0,0,0],"gold":587,"neow_bonus":"RANDOM_COMMON_RELIC","is_daily":false,"chose_seed":false,"campfire_upgraded":5,"win_rate":0.0,"timestamp":1609997600,"path_taken":["M","$","M","?","M","R","M","R","T","M","?","E","R","?","R","BOSS","M","$","M","M","?","E","R","E","T","M","?","M","R","$","R","BOSS","M","?","M","?","M"],"items_purchased_type":["Card","Card","Potion","Relic","Card"],"build_version":"2020-12-22","purchased_purges":2,"victory":false,"max_hp_per_floor":[75,75,75,75,75,75,75,75,75,75,75,75,75,75,75,75,80,80,85,85,85,85,85,85,85,85,85,85,85,85,85,85,85,85,85,85,85,81,81,81,81],"card_choices":[{"not_picked":["MokouMod:ShiftIgnition","MokouMod:ResoluteFlare"],"picked":"MokouMod:Refresh","floor":1},{"not_picked":["MokouMod:CrimsonArmoury","MokouMod:ResoluteFlare"],"picked":"MokouMod:GuidingSmoke","floor":3},{"not_picked":["MokouMod:Firecracker","MokouMod:HeatTransfer"],"picked":"MokouMod:Overheat","floor":5},{"not_picked":["MokouMod:PhoenixFeathers","MokouMod:SearingShot","MokouMod:Stoke"],"picked":"SKIP","floor":7},{"not_picked":["MokouMod:WarmUp","MokouMod:CrimsonArmoury","MokouMod:Meltdown"],"picked":"MokouMod:IllusoryBattlefield","floor":10},{"not_picked":["MokouMod:FusionFlare","MokouMod:Fireball","MokouMod:ScorchingColumn"],"picked":"MokouMod:RadiantBlade","floor":12},{"not_picked":["MokouMod:Combust","MokouMod:IndiscriminateIgnition","MokouMod:Burn"],"picked":"MokouMod:TemporalFireSeal","floor":14},{"not_picked":["MokouMod:Rekindle","MokouMod:EnchantingBambooForest","MokouMod:Extinguish"],"picked":"MokouMod:HouraiForge","floor":16},{"not_picked":["MokouMod:SearingShot","MokouMod:FlickeringFlame","MokouMod:BlazingComet"],"picked":"MokouMod:FlareStarter","floor":17},{"not_picked":["MokouMod:Stoke","MokouMod:CrimsonFlare+1","MokouMod:IcarusDive+1"],"picked":"MokouMod:SacredFire","floor":18},{"not_picked":["MokouMod:RoaringFlare+1","MokouMod:Refresh","MokouMod:ThermalPressure"],"picked":"MokouMod:InfernalWave","floor":20},{"not_picked":["MokouMod:PhoenixFeathers","MokouMod:FujiyamaVolcano+1","MokouMod:ImperishableFlame","MokouMod:AdaptivePyromancy+1"],"picked":"SKIP","floor":21},{"not_picked":["MokouMod:ScorchingColumn","MokouMod:ProfanedFlare","MokouMod:InfernalWave+1"],"picked":"MokouMod:BurningDraft","floor":23},{"not_picked":["MokouMod:FlickeringFlame+1","MokouMod:UncontrollableSolarReaction+1","MokouMod:ShiftIgnition"],"picked":"MokouMod:RoaringFlare+1","floor":25},{"not_picked":["MokouMod:ScorchingColumn+1","MokouMod:DanceofFlames","MokouMod:ProfanedFlare"],"picked":"MokouMod:HeatCyclone","floor":27},{"not_picked":["MokouMod:FlickeringFlame+1","MokouMod:Stoke","MokouMod:Singe+1","MokouMod:IndiscriminateIgnition"],"picked":"SKIP","floor":29},{"not_picked":["MokouMod:Rekindle","MokouMod:Rebirth","MokouMod:HouraiForge"],"picked":"MokouMod:Ventilation","floor":33},{"not_picked":["MokouMod:HeatTransfer","MokouMod:EternalBurstReactor+1","MokouMod:ResoluteFlare+1"],"picked":"MokouMod:Wildfire","floor":35},{"not_picked":["MokouMod:IcarusDive+1","MokouMod:Refresh","MokouMod:UncontrollableSolarReaction+1"],"picked":"MokouMod:RoaringFlare+1","floor":37}],"player_experience":1354444,"relics_obtained":[{"floor":9,"key":"Question Card"},{"floor":12,"key":"Shuriken"},{"floor":22,"key":"Guardian:PocketSentry"},{"floor":23,"key":"Pantograph"},{"floor":25,"key":"Molten Egg 2"},{"floor":26,"key":"Letter Opener"}],"event_choices":[{"damage_healed":0,"gold_gain":0,"player_choice":"Take Damage","damage_taken":18,"relics_obtained":["Golden Idol"],"max_hp_gain":0,"max_hp_loss":0,"event_name":"Golden Idol","floor":4,"gold_loss":0},{"damage_healed":0,"gold_gain":0,"player_choice":"Rummage","damage_taken":0,"relics_obtained":["WarpedTongs"],"max_hp_gain":0,"max_hp_loss":0,"event_name":"Accursed Blacksmith","floor":11,"gold_loss":0,"cards_obtained":["Pain"]},{"damage_healed":0,"gold_gain":0,"player_choice":"Opened","damage_taken":0,"relics_obtained":["Omamori"],"max_hp_gain":0,"max_hp_loss":0,"event_name":"The Mausoleum","floor":28,"gold_loss":0,"cards_obtained":["Writhe"]},{"damage_healed":0,"gold_gain":333,"player_choice":"Gave Idol","damage_taken":0,"max_hp_gain":0,"max_hp_loss":0,"event_name":"The Moai Head","floor":36,"relics_lost":["Golden Idol"],"gold_loss":0},{"damage_healed":0,"gold_gain":0,"player_choice":"Max HP","damage_taken":0,"max_hp_gain":0,"max_hp_loss":4,"event_name":"Winding Halls","floor":38,"gold_loss":0}],"is_beta":false,"boss_relics":[{"not_picked":["Philosopher\u0027s Stone","Snecko Eye"],"picked":"Tiny House"},{"not_picked":["Velvet Choker","Sozu"],"picked":"SacredBark"}],"items_purged_floors":[19,31],"is_endless":false,"potions_floor_spawned":[1,10,16,18,21,25,27,29,37],"killed_by":"Transient","ascension_level":6}}