{"host":"95i1gxnztdrdyvhi","time":1609997390,"event":{"mods":["100% Spire Juice","AchievementEnabler","Act Like it!","BaseMod","Minty Spire (QoL Compilation)","Quick Restart","StSLib"],"gold_per_floor":[111,130,230,243,243,243,276,36,36,36,69,69,69,46,46,145,25,35,35,35,35,46,77,77,77,77,97,12,25,25,52,52,153,33,48,48,65,65,65,90,108,137,137,163,163,194,119,119,119,119,119,119,119,150,150],"floor_reached":56,"playtime":3445,"items_purged":["Moonworks:Strike+1"],"score":1425,"play_id":"2c424cea-3a69-428f-b2e4-9feadc45ff01","local_time":"20210107052950","is_ascension_mode":false,"campfire_choices":[{"data":"Moonworks:AwakeningOfTalent","floor":6,"key":"SMITH"},{"data":"Moonworks:Ambush","floor":8,"key":"SMITH"},{"data":"Moonworks:EvilSpyWorkPreparation","floor":13,"key":"SMITH"},{"data":"Moonworks:LongDistanceShot","floor":15,"key":"SMITH"},{"data":"Moonworks:CompletionReward","floor":24,"key":"SMITH"},{"data":"Moonworks:AnotherUltimateWeapon","floor":30,"key":"SMITH"},{"floor":32,"key":"RECALL"},{"data":"Moonworks:GoAway","floor":45,"key":"SMITH"},{"data":"Moonworks:TreasureThief","floor":49,"key":"SMITH"},{"data":"Moonworks:Defend","floor":52,"key":"SMITH"}],"circlet_count":0,"master_deck":["Moonworks:Defend","Moonworks:Defend","Moonworks:Defend+1","Moonworks:Ambush+1","Moonworks:LongDistanceShot+1","Moonworks:EvilSpyWorkPreparation+1","Moonworks:WindyEnchantment","Moonworks:AwakeningOfTalent+1","Moonworks:AnotherUltimateWeapon+1","Moonworks:EvilSpyWorkPreparation+1","Moonworks:CompletionReward+1","Moonworks:RagingMadness+1","Moonworks:CookingTime+1","Moonworks:ScrambledEve","Moonworks:HolyNight","Moonworks:GoAway+1","Moonworks:ImOnFire+1","Panacea","Moonworks:SakisCookie","Moonworks:TreasureThief+1","Moonworks:WindyEnchantment"],"relics":["Moonworks:BrokenBomb","Moonworks:Homemark","Blue Candle","Ornamental Fan","Sundial","Empty Cage","MutagenicStrength","Peace Pipe","Kunai","Happy Flower","Bird Faced Urn","Black Star","Art of War","Lizard Tail","Shuriken","Bag of Marbles","Pear","Bottled Flame","Nunchaku","White Beast Statue","Gremlin Horn","FossilizedHelix"],"acts_visited":["Exordium","TheCity","TheBeyond","TheEnding"],"potions_floor_usage":[41,41,54,55],"damage_taken":[{"damage":2,"enemies":"Small Slimes","floor":1,"turns":3},{"damage":1,"enemies":"Cultist","floor":2,"turns":3},{"damage":1,"enemies":"Jaw Worm","floor":4,"turns":3},{"damage":43,"enemies":"Lagavulin","floor":7,"turns":7},{"damage":0,"enemies":"3 Sentries","floor":11,"turns":4},{"damage":0,"enemies":"Hexaghost","floor":16,"turns":5},{"damage":6,"enemies":"2 Thieves","floor":18,"turns":3},{"damage":0,"enemies":"3 Byrds","floor":22,"turns":3},{"damage":16,"enemies":"Book of Stabbing","floor":23,"turns":4},{"damage":0,"enemies":"Sentry and Sphere","floor":27,"turns":4},{"damage":32,"enemies":"Slavers","floor":28,"turns":3},{"damage":8,"enemies":"Centurion and Healer","floor":29,"turns":3},{"damage":15,"enemies":"Book of Stabbing","floor":31,"turns":3},{"damage":10,"enemies":"Collector","floor":33,"turns":4},{"damage":3,"enemies":"Orb Walker","floor":35,"turns":3},{"damage":5,"enemies":"3 Darklings","floor":37,"turns":4},{"damage":26,"enemies":"Reptomancer","floor":40,"turns":4},{"damage":40,"enemies":"4 Shapes","floor":41,"turns":5},{"damage":22,"enemies":"Nemesis","floor":42,"turns":4},{"damage":5,"enemies":"Giant Head","floor":44,"turns":5},{"damage":5,"enemies":"Reptomancer","floor":46,"turns":4},{"damage":29,"enemies":"Awakened One","floor":50,"turns":8},{"damage":6,"enemies":"Shield and Spear","floor":54,"turns":4},{"damage":102,"enemies":"The Heart","floor":55,"turns":8}],"seed_played":"942172345229388877","potions_obtained":[{"floor":7,"key":"BlessingOfTheForge"},{"floor":23,"key":"AttackPotion"},{"floor":28,"key":"AttackPotion"},{"floor":31,"key":"Energy Potion"},{"floor":42,"key":"AttackPotion"},{"floor":44,"key":"SkillPotion"},{"floor":54,"key":"Fruit Juice"}],"is_trial":false,"path_per_floor":["M","M","?","M","?","R","E","R","T","?","E","?","R","?","R","B",null,"M","?","?","?","M","E","R","?","T","M","E","M","R","E","R","B",null,"M","?","M","?","?","E","M","E","T","E","R","E","$","$","R","B",null,"R","$","E","B",null],"character_chosen":"THE_STARBREAKER","items_purchased":[],"campfire_rested":0,"item_purchase_floors":[],"current_hp_per_floor":[58,57,57,56,44,44,1,1,1,1,1,6,6,6,6,6,65,59,59,59,59,59,43,43,43,43,51,27,27,27,20,20,22,65,62,62,62,62,62,48,24,20,20,43,43,52,52,52,52,37,72,72,72,77,25],"gold":150,"neow_bonus":"THREE_CARDS","is_daily":false,"chose_seed":false,"campfire_upgraded":9,"win_rate":0.0,"timestamp":1609997390,"path_taken":["M","M","?","?","?","R","E","R","T","?","E","?","R","?","R","BOSS","M","?","?","?","M","E","R","?","T","M","E","?","R","E","R","BOSS","M","?","M","?","?","E","?","E","T","E","R","E","?","$","R","BOSS","R","$","E","BOSS"],"items_purchased_type":[],"build_version":"2020-12-22","purchased_purges":1,"victory":true,"max_hp_per_floor":[60,60,60,60,60,60,60,60,60,60,60,65,65,65,65,65,65,65,65,65,65,65,65,65,65,65,65,65,65,65,65,65,65,65,65,62,62,62,62,62,62,62,62,72,72,72,72,72,72,72,72,72,72,77,77],"card_choices":[{"not_picked":["Moonworks:SakisCookie","Moonworks:IndiscriminateFireSupport"],"picked":"Moonworks:EvilSpyWorkPreparation","floor":0},{"not_picked":["Moonworks:IndiscriminateFireSupport","Moonworks:NicePresent"],"picked":"Moonworks:WindyEnchantment","floor":1},{"not_picked":["Moonworks:IndiscriminateFireSupport","Moonworks:BigMagnum","Moonworks:NicePresent"],"picked":"SKIP","floor":2},{"not_picked":["Moonworks:Bloodlust","Moonworks:CloudOfSeagulls"],"picked":"Moonworks:AwakeningOfTalent","floor":4},{"not_picked":["Moonworks:DeployBits","Moonworks:BigMagnum","Moonworks:UnluckyCharm"],"picked":"SKIP","floor":7},{"not_picked":["Moonworks:LuckyCharm","Moonworks:BigMagnum","Moonworks:Bloodlust"],"picked":"SKIP","floor":11},{"not_picked":["Moonworks:Gamble","Moonworks:AccelHyper"],"picked":"Moonworks:AnotherUltimateWeapon","floor":16},{"not_picked":["Moonworks:JonathanRush+1","Moonworks:BindingChains+1"],"picked":"Moonworks:EvilSpyWorkPreparation+1","floor":18},{"not_picked":["Moonworks:WindyEnchantment","Moonworks:EvilSpyWorkPreparation+1"],"picked":"Moonworks:RagingMadness+1","floor":22},{"not_picked":["Moonworks:AwakeningOfTalent","Moonworks:BigMagnum"],"picked":"Moonworks:CookingTime+1","floor":23},{"not_picked":["Moonworks:Assault+1","Moonworks:DeployBits","Moonworks:IndiscriminateFireSupport"],"picked":"SKIP","floor":27},{"not_picked":["Moonworks:BigMagnum","Moonworks:CastOff"],"picked":"Moonworks:ScrambledEve","floor":28},{"not_picked":["Moonworks:EvilSpyWorkPreparation","Moonworks:JonathanRush"],"picked":"Moonworks:HolyNight","floor":29},{"not_picked":["Moonworks:Assault","Moonworks:IndiscriminateFireSupport","Moonworks:BigBangBell"],"picked":"SKIP","floor":31},{"not_picked":["Moonworks:PlushieMaster","Moonworks:SinkOrSwim"],"picked":"Moonworks:GoAway","floor":33},{"not_picked":["Moonworks:Assault+1","Moonworks:SealedMemories+1"],"picked":"Moonworks:ImOnFire+1","floor":35},{"not_picked":["Moonworks:RagingMadness","Moonworks:IndiscriminateFireSupport","Moonworks:BeyondHell+1"],"picked":"SKIP","floor":37},{"not_picked":["Enlightenment","Trip"],"picked":"Panacea","floor":38},{"not_picked":["Moonworks:Assault+1","Moonworks:DeployBits+1"],"picked":"Moonworks:SakisCookie","floor":40},{"not_picked":["Moonworks:SakisCookie","Moonworks:IndiscriminateFireSupport+1"],"picked":"Moonworks:TreasureThief","floor":41},{"not_picked":["Moonworks:NicePresent+1","Moonworks:Assault","Moonworks:Gamble"],"picked":"SKIP","floor":42},{"not_picked":["Moonworks:Dash","Moonworks:SakisCookie+1","Moonworks:FullSpeedAlicianrone+1"],"picked":"SKIP","floor":44},{"not_picked":["Moonworks:x16BigRocket","Moonworks:Assault+1"],"picked":"Moonworks:WindyEnchantment","floor":46},{"not_picked":["Moonworks:JonathanRush","Moonworks:IndiscriminateFireSupport","Moonworks:SakisCookie"],"picked":"SKIP","floor":54}],"player_experience":634055,"relics_obtained":[{"floor":7,"key":"Blue Candle"},{"floor":9,"key":"Ornamental Fan"},{"floor":11,"key":"Sundial"},{"floor":23,"key":"Peace Pipe"},{"floor":26,"key":"Kunai"},{"floor":28,"key":"Happy Flower"},{"floor":31,"key":"Bird Faced Urn"},{"floor":40,"key":"Art of War"},{"floor":40,"key":"Lizard Tail"},{"floor":42,"key":"Shuriken"},{"floor":42,"key":"Bag of Marbles"},{"floor":44,"key":"Pear"},{"floor":44,"key":"Bottled Flame"},{"floor":46,"key":"Nunchaku"},{"floor":46,"key":"White Beast Statue"},{"floor":54,"key":"Gremlin Horn"},{"floor":54,"key":"FossilizedHelix"}],"event_choices":[{"damage_healed":0,"gold_gain":100,"player_choice":"Pray","damage_taken":0,"max_hp_gain":0,"max_hp_loss":0,"event_name":"Golden Shrine","floor":3,"gold_loss":0},{"damage_healed":0,"gold_gain":0,"player_choice":"Entered Light","damage_taken":12,"max_hp_gain":0,"max_hp_loss":0,"event_name":"Shining Light","floor":5,"gold_loss":0,"cards_upgraded":["Moonworks:Strike","Moonworks:Strike"]},{"cards_removed":["Moonworks:Strike"],"damage_healed":0,"gold_gain":0,"player_choice":"Forget","damage_taken":0,"max_hp_gain":0,"max_hp_loss":0,"event_name":"Living Wall","floor":10,"gold_loss":0},{"damage_healed":0,"gold_gain":0,"player_choice":"Donut","damage_taken":0,"max_hp_gain":5,"max_hp_loss":0,"event_name":"Big Fish","floor":12,"gold_loss":0},{"damage_healed":0,"gold_gain":0,"player_choice":"Left Gold","damage_taken":0,"max_hp_gain":0,"max_hp_loss":0,"event_name":"World of Goop","floor":14,"gold_loss":23},{"cards_removed":["Moonworks:Strike"],"damage_healed":0,"gold_gain":0,"player_choice":"Elegance","damage_taken":0,"max_hp_gain":0,"max_hp_loss":0,"event_name":"Back to Basics","floor":19,"gold_loss":0},{"damage_healed":0,"gold_gain":0,"player_choice":"Inject Mutagens","damage_taken":0,"relics_obtained":["MutagenicStrength"],"max_hp_gain":0,"max_hp_loss":0,"event_name":"Drug Dealer","floor":20,"gold_loss":0},{"damage_healed":0,"gold_gain":0,"player_choice":"Read","damage_taken":0,"max_hp_gain":0,"max_hp_loss":0,"event_name":"The Library","floor":21,"gold_loss":0,"cards_obtained":["Moonworks:CompletionReward"]},{"damage_healed":0,"gold_gain":0,"player_choice":"Ignored","damage_taken":0,"max_hp_gain":0,"max_hp_loss":0,"event_name":"Vampires","floor":25,"gold_loss":0},{"damage_healed":0,"gold_gain":0,"player_choice":"Max HP","damage_taken":0,"max_hp_gain":0,"max_hp_loss":3,"event_name":"Winding Halls","floor":36,"gold_loss":0},{"damage_healed":0,"gold_gain":0,"player_choice":"Memory 1","damage_taken":0,"max_hp_gain":0,"max_hp_loss":0,"event_name":"SensoryStone","floor":38,"gold_loss":0},{"damage_healed":0,"gold_gain":0,"player_choice":"Ignored","damage_taken":0,"max_hp_gain":0,"max_hp_loss":0,"event_name":"NoteForYourself","floor":39,"gold_loss":0}],"is_beta":false,"boss_relics":[{"not_picked":["Runic Pyramid","Pandora\u0027s Box"],"picked":"Empty Cage"},{"not_picked":["Moonworks:SBBomb","Cursed Key"],"picked":"Black Star"}],"items_purged_floors":[47],"is_endless":false,"potions_floor_spawned":[7,16,23,28,29,31,35,42,44,54],"ascension_level":0}}