{"host":"mike","time":1609987417,"event":{"mods":["BaseMod","Downfall","Highlight Path","Minty Spire (QoL Compilation)","Random Character Button","Relic Stats","StSLib"],"gold_per_floor":[99,115,135,154,50,75,87,142,79,118,173,210,147,179,206,327,398,410,440,476,497,519,149,202,202,202,202],"floor_reached":25,"playtime":2259,"items_purged":["champ:Strike"],"score":250,"play_id":"c5ccacef-556e-4c27-9610-a840d23332a1","local_time":"20210106214337","is_ascension_mode":false,"campfire_choices":[{"data":"champ:Taunt","floor":1.0,"key":"SMITH"},{"floor":9.0,"key":"RECALL"},{"floor":13.0,"key":"REST"},{"data":"champ:IronFortress","floor":18,"key":"SMITH"}],"circlet_count":0,"master_deck":["champ:Strike","champ:Strike","champ:Strike","champ:Defend","champ:Defend","champ:Defend","champ:Defend","champ:Execute","champ:Taunt+1","champ:FanOfKnives","champ:FocusedBerserking","champ:DefensiveStyle","champ:ShieldThrow","champ:IronFortress+1","champ:TornadoPunch","champ:RecklessLeap","champ:Shatter","champ:HeartStrike","champ:DefensiveShout","champ:CrookedStrike","champ:Backstep+1","champ:StrikeOfGenius","champ:ArenaPreparation","champ:Circumvent","Necronomicurse"],"relics":["champ:ChampionCrown","MawBank","StrikeDummy","CeramicFish","downfall:HeartBlessingGreen","Ancient Tea Set","downfall:HeartBlessingRed","Tiny House","Necronomicon","Strange Spoon","PreservedInsect"],"acts_visited":["Exordium","TheCity"],"potions_floor_usage":[],"damage_taken":[{"damage":19.0,"enemies":"Cultist","floor":2.0,"turns":5.0},{"damage":0.0,"enemies":"2 Louse","floor":3.0,"turns":2.0},{"damage":15.0,"enemies":"Jaw Worm","floor":4.0,"turns":4.0},{"damage":15.0,"enemies":"downfall:FleeingMerchant","floor":5.0,"turns":4.0},{"damage":43.0,"enemies":"3 Sentries","floor":6.0,"turns":9.0},{"damage":20.0,"enemies":"Gremlin Nob","floor":8.0,"turns":3.0},{"damage":15.0,"enemies":"Large Slime","floor":10.0,"turns":4.0},{"damage":45.0,"enemies":"3 Sentries","floor":11.0,"turns":4.0},{"damage":19.0,"enemies":"Exordium Thugs","floor":12.0,"turns":3.0},{"damage":25.0,"enemies":"Exordium Wildlife","floor":14.0,"turns":3.0},{"damage":15.0,"enemies":"Red Slaver","floor":15.0,"turns":2.0},{"damage":64.0,"enemies":"downfall:Ironclad","floor":16.0,"turns":12.0},{"damage":52,"enemies":"Spheric Guardian","floor":19,"turns":4},{"damage":6,"enemies":"Chosen","floor":20,"turns":4},{"damage":49,"enemies":"Snecko","floor":22,"turns":6},{"damage":40,"enemies":"downfall:FleeingMerchant","floor":23,"turns":4},{"damage":40,"enemies":"downfall:CharBossIronclad","floor":25,"turns":5}],"seed_played":"-5556934424182825261","potions_obtained":[{"floor":4.0,"key":"champ:CounterPotion"},{"floor":8.0,"key":"ColorlessPotion"},{"floor":11.0,"key":"Weak Potion"},{"floor":12.0,"key":"PowerPotion"},{"floor":17,"key":"SmokeBomb"},{"floor":22,"key":"champ:UltimateStancePotion"}],"is_trial":false,"path_per_floor":["R","M","M","M","$","E","T","E","R","M","E","M","R","M","M","B",null,"R","M","M","?","M","$","T","?"],"character_chosen":"THE_CHAMP","items_purchased":["champ:IronFortress","champ:TornadoPunch","Strange Spoon","PreservedInsect"],"campfire_rested":1,"item_purchase_floors":[5,5,23,23],"current_hp_per_floor":[99,90,90,90,90,65,65,65,65,65,40,36,65,65,65,21,104,104,82,76,60,41,40,40,0,0,0],"gold":202,"neow_bonus":"TEN_PERCENT_HP_BONUS","is_daily":false,"chose_seed":false,"campfire_upgraded":2,"win_rate":0.0,"timestamp":1609987417,"path_taken":["R","M","M","?","$","E","T","E","R","M","E","M","R","M","M","BOSS","R","M","?","?","M","$","T","?"],"items_purchased_type":["Card","Card","Relic","Relic"],"build_version":"2020-12-18","purchased_purges":1,"victory":false,"max_hp_per_floor":[99,99,99,99,99,99,99,99,99,99,99,99,99,99,99,99,104,104,104,104,104,104,104,104,104,104,104],"relic_stats":{"Strange Spoon":[2],"counters":[17,78],"CeramicFish":81,"PreservedInsect":0,"Necronomicon":[4],"MawBank":204,"obtain_stats":[{"Strange Spoon":23,"Tiny House":17,"downfall:HeartBlessingRed":13,"CeramicFish":8,"champ:ChampionCrown":0,"downfall:HeartBlessingGreen":9,"PreservedInsect":23,"Necronomicon":21,"MawBank":6,"StrikeDummy":7,"Ancient Tea Set":11},{"Strange Spoon":16,"Tiny House":12,"downfall:HeartBlessingRed":9,"CeramicFish":6,"champ:ChampionCrown":0,"downfall:HeartBlessingGreen":6,"PreservedInsect":16,"Necronomicon":14,"MawBank":5,"StrikeDummy":5,"Ancient Tea Set":8},{"Strange Spoon":73,"Tiny House":55,"downfall:HeartBlessingRed":38,"CeramicFish":27,"champ:ChampionCrown":0,"downfall:HeartBlessingGreen":27,"PreservedInsect":73,"Necronomicon":63,"MawBank":24,"StrikeDummy":24,"Ancient Tea Set":35}]},"card_choices":[{"not_picked":["champ:CrookedStrike","champ:Circumvent"],"picked":"champ:FanOfKnives","floor":2.0},{"not_picked":["champ:GutPunch","champ:Haymaker"],"picked":"champ:FocusedBerserking","floor":3.0},{"not_picked":["champ:CrookedStrike","champ:StanceDance"],"picked":"champ:DefensiveStyle","floor":4.0},{"not_picked":["champ:BladeFlurry","champ:Circumvent"],"picked":"champ:ShieldThrow","floor":5.0},{"not_picked":["champ:FocusedBerserking","champ:RisingSlash"],"picked":"champ:RecklessLeap","floor":6.0},{"not_picked":["champ:DeathBlow","champ:CrookedStrike"],"picked":"champ:Shatter","floor":8.0},{"not_picked":["champ:Circumvent","champ:SkillfulDodge"],"picked":"champ:HeartStrike","floor":10.0},{"not_picked":["champ:Encircle","champ:DeathBlow"],"picked":"champ:DefensiveShout","floor":11.0},{"not_picked":["champ:GladiatorsShout","champ:BerserkersShout"],"picked":"champ:CrookedStrike","floor":12.0},{"not_picked":["champ:BladeFlurry","champ:FanOfKnives"],"picked":"champ:Backstep","floor":14.0},{"not_picked":["champ:Backstep","champ:TornadoPunch","champ:FanOfKnives"],"picked":"SKIP","floor":15.0},{"not_picked":["champ:SteelEdge","champ:ShieldThrow"],"picked":"champ:StrikeOfGenius","floor":16.0},{"not_picked":["champ:DefensiveShout","champ:GutPunch"],"picked":"champ:ArenaPreparation","floor":17},{"not_picked":["champ:ArenaPreparation","champ:TornadoPunch+1","champ:AdrenalArmor"],"picked":"SKIP","floor":19},{"not_picked":["champ:TornadoPunch","champ:GladiatorStyle"],"picked":"champ:Circumvent","floor":20},{"not_picked":["champ:GutPunch","champ:Backstep","champ:BerserkersShout"],"picked":"SKIP","floor":22},{"not_picked":["champ:GladiatorStyle","champ:DefensiveShout","champ:FanOfKnives"],"picked":"SKIP","floor":23}],"player_experience":257215,"relics_obtained":[{"floor":6.0,"key":"MawBank"},{"floor":7.0,"key":"StrikeDummy"},{"floor":8.0,"key":"CeramicFish"},{"floor":11.0,"key":"Ancient Tea Set"},{"floor":21,"key":"Necronomicon"}],"event_choices":[],"is_beta":true,"boss_relics":[{"not_picked":["Calling Bell","Coffee Dripper"],"picked":"Tiny House"}],"items_purged_floors":[23],"is_endless":false,"potions_floor_spawned":[4,8,11,12,14,22],"killed_by":"downfall:CharBossIronclad","ascension_level":0}}