{"host":"xrbutm0tzv4qwo7u","time":1609993388,"event":{"mods":["AchievementEnabler","BaseMod","Colored Powertips","Hermit","Minty Spire (QoL Compilation)","StSLib","The Cursed","The Marked"],"gold_per_floor":[118,130,130,20,37,71,71,88,88,99,49,106,6,21,21,125,125,139,158,172,172,172,199,199,213,261,275,295,295,295,315,315,419,419,433,433,433,453,14,42,42,52,75,95,110,123,123,137,137,137],"floor_reached":51,"playtime":1980,"items_purged":["Regret","Defend_R"],"score":780,"play_id":"1ef520a4-3d20-43cb-851e-845593622937","local_time":"20210106222308","is_ascension_mode":false,"campfire_choices":[{"data":"Whirlwind","floor":7,"key":"SMITH"},{"data":"Rage","floor":15,"key":"SMITH"},{"data":"Bludgeon","floor":24,"key":"SMITH"},{"floor":30,"key":"REST"},{"data":"Inflame","floor":32,"key":"SMITH"},{"floor":41,"key":"REST"},{"data":"Demon Form","floor":49,"key":"SMITH"}],"circlet_count":0,"master_deck":["Strike_R","Strike_R","Strike_R","Defend_R","Defend_R","Bash+1","Bludgeon+1","Clash","Infernal Blade","Combust","Whirlwind+1","Sword Boomerang","Rage+1","Rupture","Pummel","Thunderclap+1","Corruption","Bloodletting+1","Battle Trance","Perfected Strike+1","Heavy Blade+1","Limit Break","Thunderclap+1","Sword Boomerang+1","Inflame+1","Bloodletting+1","Demon Form+1","CurseOfTheBell","Rupture+1","Iron Wave","Offering","Flex","Transmutation","Rage","Cleave","Dual Wield+1","Pommel Strike","Seeing Red+1","Doubt","Parasite","Bloodletting"],"relics":["Black Blood","Strawberry","CaptainsWheel","Self Forming Clay","Lizard Tail","Enchiridion","Toy Ornithopter","Bag of Preparation","Calling Bell","Bag of Marbles","Eternal Feather","Ginger","Boot","Sundial","Whetstone"],"acts_visited":["Exordium","TheCity","TheBeyond"],"potions_floor_usage":[16,23,23,23,27,31,33,33,50],"damage_taken":[{"damage":0,"enemies":"Cultist","floor":1,"turns":2},{"damage":0,"enemies":"2 Louse","floor":2,"turns":2},{"damage":1,"enemies":"Small Slimes","floor":5,"turns":2},{"damage":14,"enemies":"Gremlin Nob","floor":6,"turns":3},{"damage":10,"enemies":"Looter","floor":8,"turns":2},{"damage":12,"enemies":"Exordium Wildlife","floor":10,"turns":3},{"damage":9,"enemies":"Gremlin Nob","floor":12,"turns":3},{"damage":4,"enemies":"Gremlin Gang","floor":14,"turns":3},{"damage":52,"enemies":"The Guardian","floor":16,"turns":10},{"damage":19,"enemies":"Shell Parasite","floor":18,"turns":6},{"damage":10,"enemies":"Spheric Guardian","floor":19,"turns":3},{"damage":17,"enemies":"Snecko","floor":20,"turns":5},{"damage":35,"enemies":"Slavers","floor":23,"turns":7},{"damage":20,"enemies":"3 Cultists","floor":25,"turns":4},{"damage":15,"enemies":"Shelled Parasite and Fungi","floor":27,"turns":4},{"damage":9,"enemies":"Snecko","floor":28,"turns":4},{"damage":6,"enemies":"Cultist and Chosen","floor":31,"turns":4},{"damage":27,"enemies":"Automaton","floor":33,"turns":6},{"damage":3,"enemies":"3 Shapes","floor":35,"turns":2},{"damage":21,"enemies":"Orb Walker","floor":38,"turns":3},{"damage":50,"enemies":"Nemesis","floor":40,"turns":5},{"damage":32,"enemies":"Jaw Worm Horde","floor":42,"turns":5},{"damage":42,"enemies":"Spire Growth","floor":44,"turns":5},{"damage":14,"enemies":"Sphere and 2 Shapes","floor":45,"turns":5},{"damage":12,"enemies":"Transient","floor":46,"turns":5},{"damage":28,"enemies":"Writhing Mass","floor":48,"turns":6},{"damage":62,"enemies":"Donu and Deca","floor":50,"turns":5}],"seed_played":"-7976733136502698050","potions_obtained":[{"floor":6,"key":"Dexterity Potion"},{"floor":10,"key":"Weak Potion"},{"floor":14,"key":"HeartOfIron"},{"floor":22,"key":"SneckoOil"},{"floor":22,"key":"Regen Potion"},{"floor":23,"key":"Fire Potion"},{"floor":27,"key":"Block Potion"},{"floor":28,"key":"Explosive Potion"},{"floor":31,"key":"AttackPotion"},{"floor":33,"key":"FairyPotion"},{"floor":35,"key":"EntropicBrew"},{"floor":38,"key":"DuplicationPotion"},{"floor":42,"key":"Strength Potion"}],"is_trial":false,"path_per_floor":["M","M","?","$","M","E","R","M","T","M","?","?","$","M","R","B",null,"M","M","M","?","?","E","R","M","T","M","M","?","R","M","R","B",null,"M","?","?","M","$","E","R","M","T","M","M","M","?","M","R","B",null],"character_chosen":"IRONCLAD","items_purchased":["Whirlwind","Boot","Offering","Flex","Transmutation"],"campfire_rested":2,"item_purchase_floors":[4,39,39,39,39],"current_hp_per_floor":[62,68,75,75,80,72,72,68,68,62,62,59,59,61,61,15,87,80,82,77,61,61,53,53,45,45,47,50,50,76,87,87,82,87,87,87,87,78,78,40,84,64,64,34,32,32,87,71,87,42],"gold":137,"neow_bonus":"TRANSFORM_TWO_CARDS","is_daily":false,"chose_seed":false,"campfire_upgraded":5,"win_rate":0.0,"timestamp":1609993388,"path_taken":["M","M","?","$","M","E","R","M","T","M","?","?","?","?","R","BOSS","M","?","?","?","?","E","R","M","T","?","M","?","R","M","R","BOSS","M","?","?","M","$","E","R","M","T","M","M","M","?","?","R","BOSS"],"items_purchased_type":["Card","Relic","Card","Card","Card"],"build_version":"2020-12-22","purchased_purges":2,"victory":true,"max_hp_per_floor":[80,80,87,87,87,87,87,87,87,87,87,87,87,87,87,87,87,87,87,87,87,87,87,87,87,87,87,87,87,87,87,87,87,87,87,87,87,87,87,87,87,87,87,87,87,87,87,87,87,87],"card_choices":[{"not_picked":["Perfected Strike","Anger"],"picked":"Infernal Blade","floor":1},{"not_picked":["Clash","Entrench"],"picked":"Combust","floor":2},{"not_picked":["Anger","Shrug It Off"],"picked":"Sword Boomerang","floor":5},{"not_picked":["Battle Trance","Armaments"],"picked":"Rage","floor":6},{"not_picked":["Hemokinesis","Iron Wave"],"picked":"Rupture","floor":8},{"not_picked":["Twin Strike","Armaments"],"picked":"Pummel","floor":10},{"not_picked":["Dual Wield","Pommel Strike"],"picked":"Heavy Blade","floor":12},{"not_picked":["Juggernaut","Anger"],"picked":"Thunderclap","floor":14},{"not_picked":["Barricade","Juggernaut"],"picked":"Corruption","floor":16},{"not_picked":["Inflame","Thunderclap+1"],"picked":"Bloodletting+1","floor":18},{"not_picked":["Shrug It Off","Reckless Charge"],"picked":"Battle Trance","floor":19},{"not_picked":["Dark Embrace","Armaments+1"],"picked":"Perfected Strike+1","floor":20},{"not_picked":["Cleave","Thunderclap"],"picked":"Heavy Blade+1","floor":23},{"not_picked":["Armaments","Hemokinesis"],"picked":"Limit Break","floor":25},{"not_picked":["Anger","Twin Strike"],"picked":"Thunderclap+1","floor":27},{"not_picked":["Clothesline","Armaments"],"picked":"Sword Boomerang+1","floor":28},{"not_picked":["Perfected Strike","Second Wind"],"picked":"Bloodletting+1","floor":31},{"not_picked":["Corruption","Offering"],"picked":"Demon Form","floor":33},{"not_picked":["Twin Strike+1","Anger+1"],"picked":"Rupture+1","floor":35},{"not_picked":["True Grit+1","Ghostly Armor+1"],"picked":"Iron Wave","floor":38},{"not_picked":["Twin Strike+1","Anger+1"],"picked":"Rage","floor":40},{"not_picked":["Clothesline+1","Body Slam+1"],"picked":"Cleave","floor":42},{"not_picked":["Searing Blow","Perfected Strike"],"picked":"Dual Wield+1","floor":44},{"not_picked":["Shrug It Off","Juggernaut"],"picked":"Pommel Strike","floor":45},{"not_picked":["Warcry","Flex"],"picked":"Seeing Red+1","floor":46},{"not_picked":["Rampage+1","Spot Weakness+1"],"picked":"Bloodletting","floor":48}],"player_experience":20610,"relics_obtained":[{"floor":6,"key":"CaptainsWheel"},{"floor":9,"key":"Self Forming Clay"},{"floor":21,"key":"Enchiridion"},{"floor":23,"key":"Toy Ornithopter"},{"floor":26,"key":"Bag of Preparation"},{"floor":34,"key":"Bag of Marbles"},{"floor":34,"key":"Eternal Feather"},{"floor":34,"key":"Ginger"},{"floor":40,"key":"Sundial"},{"floor":43,"key":"Whetstone"}],"event_choices":[{"damage_healed":0,"gold_gain":0,"player_choice":"Box","damage_taken":0,"relics_obtained":["Strawberry"],"max_hp_gain":0,"max_hp_loss":0,"event_name":"Big Fish","floor":3,"gold_loss":0,"cards_obtained":["Regret"]},{"cards_removed":["Defend_R"],"damage_healed":0,"gold_gain":0,"player_choice":"Card Removal","damage_taken":0,"max_hp_gain":0,"max_hp_loss":0,"event_name":"The Cleric","floor":11,"gold_loss":50},{"damage_healed":0,"gold_gain":0,"player_choice":"Searched \u00273\u0027 times","damage_taken":0,"relics_obtained":["Lizard Tail"],"max_hp_gain":0,"max_hp_loss":0,"event_name":"Dead Adventurer","floor":12,"gold_loss":0},{"damage_healed":0,"gold_gain":0,"player_choice":"Obtained Book","damage_taken":16,"max_hp_gain":0,"max_hp_loss":0,"event_name":"Cursed Tome","floor":21,"gold_loss":0},{"damage_healed":0,"gold_gain":0,"player_choice":"Got Potions","damage_taken":0,"max_hp_gain":0,"max_hp_loss":0,"event_name":"Lab","floor":22,"gold_loss":0},{"damage_healed":0,"gold_gain":0,"player_choice":"Read","damage_taken":0,"max_hp_gain":0,"max_hp_loss":0,"event_name":"The Library","floor":29,"gold_loss":0,"cards_obtained":["Inflame"]},{"damage_healed":0,"gold_gain":0,"player_choice":"Ignored","damage_taken":0,"max_hp_gain":0,"max_hp_loss":0,"event_name":"Tomb of Lord Red Mask","floor":36,"gold_loss":0},{"cards_removed":["Heavy Blade"],"damage_healed":0,"gold_gain":0,"player_choice":"Removed Attack","damage_taken":0,"max_hp_gain":0,"max_hp_loss":0,"event_name":"Falling","floor":37,"gold_loss":0},{"damage_healed":55,"gold_gain":0,"player_choice":"Heal","damage_taken":0,"max_hp_gain":0,"max_hp_loss":0,"event_name":"MindBloom","floor":47,"gold_loss":0,"cards_obtained":["Doubt"]}],"is_beta":false,"boss_relics":[{"not_picked":["Tiny House","SlaversCollar"],"picked":"Black Blood"},{"not_picked":["Philosopher\u0027s Stone","Busted Crown"],"picked":"Calling Bell"}],"items_purged_floors":[4,13],"is_endless":false,"potions_floor_spawned":[6,10,14,23,27,28,31,33,35,38,42,45],"ascension_level":0}}