{"host":"54vghy6hfkyy1r39","time":1609984689,"event":{"mods":["AchievementEnabler","BaseMod","Minty Spire (QoL Compilation)","StSLib","SuperFastMode","everything is the same but u backflip on backflip"],"gold_per_floor":[117,67,14,25,25,25,51,67,115,135,135,135,161,86,86,190,190,203,203,203,220,220,220],"floor_reached":22,"playtime":432,"items_purged":["Strike_P"],"score":271,"play_id":"2ca51e90-e100-4a0b-827f-4d42c1703d84","local_time":"20210107105809","is_ascension_mode":true,"campfire_choices":[{"data":"ClearTheMind","floor":6,"key":"SMITH"},{"data":"ConjureBlade","floor":11,"key":"SMITH"},{"floor":15,"key":"REST"}],"circlet_count":0,"master_deck":["Strike_P","Strike_P","Defend_P","Defend_P","Defend_P","Defend_P","Eruption+1","Vigilance","ClearTheMind+1","Halt","FlurryOfBlows","ConjureBlade+1","DevaForm","FlurryOfBlows","Writhe","Adaptation"],"relics":["PureWater","NeowsBlessing","PreservedInsect","Centennial Puzzle","GremlinMask","Question Card","VioletLotus","Dream Catcher"],"acts_visited":["Exordium","TheCity"],"potions_floor_usage":[16],"damage_taken":[{"damage":0,"enemies":"2 Louse","floor":1,"turns":1},{"damage":0,"enemies":"Jaw Worm","floor":4,"turns":1},{"damage":0,"enemies":"3 Sentries","floor":7,"turns":2},{"damage":0,"enemies":"Cultist","floor":8,"turns":3},{"damage":10,"enemies":"3 Louse","floor":10,"turns":3},{"damage":23,"enemies":"Lagavulin","floor":13,"turns":3},{"damage":23,"enemies":"Slime Boss","floor":16,"turns":5},{"damage":20,"enemies":"2 Thieves","floor":18,"turns":3},{"damage":29,"enemies":"3 Byrds","floor":21,"turns":5},{"damage":12,"enemies":"Shelled Parasite and Fungi","floor":22,"turns":2}],"seed_played":"3934167147590676804","potions_obtained":[{"floor":7,"key":"Ancient Potion"},{"floor":13,"key":"SkillPotion"},{"floor":16,"key":"FearPotion"}],"is_trial":false,"path_per_floor":["M","?","$","M","?","R","E","M","T","M","R","?","E","$","R","B",null,"M","?","?","M","M"],"character_chosen":"WATCHER","items_purchased":["Halt"],"campfire_rested":1,"item_purchase_floors":[3],"current_hp_per_floor":[72,72,72,72,72,72,72,72,72,62,62,62,39,39,60,37,63,43,43,43,14,2,2],"gold":220,"neow_bonus":"THREE_ENEMY_KILL","is_daily":false,"chose_seed":false,"campfire_upgraded":2,"win_rate":0.0,"timestamp":1609984689,"path_taken":["M","?","$","M","?","R","E","M","T","?","R","?","E","$","R","BOSS","M","?","?","M","M"],"items_purchased_type":["Card"],"build_version":"2020-12-22","purchased_purges":1,"victory":false,"max_hp_per_floor":[72,72,72,72,72,72,72,72,72,72,72,72,72,72,72,72,72,72,72,72,72,72,72],"card_choices":[{"not_picked":["Protect","CrushJoints"],"picked":"ClearTheMind","floor":1},{"not_picked":["Nirvana","FollowUp"],"picked":"FlurryOfBlows","floor":4},{"not_picked":["WaveOfTheHand","FlyingSleeves"],"picked":"ConjureBlade","floor":7},{"not_picked":["SashWhip","Evaluate","EmptyFist"],"picked":"SKIP","floor":8},{"not_picked":["ThirdEye","BowlingBash","Blasphemy"],"picked":"SKIP","floor":10},{"not_picked":["ClearTheMind","WreathOfFlame","Collect"],"picked":"SKIP","floor":13},{"not_picked":["Vault","DeusExMachina","Scrawl"],"picked":"DevaForm","floor":16},{"not_picked":["CrushJoints+1","SignatureMove","ThirdEye"],"picked":"FlurryOfBlows","floor":18},{"not_picked":["FollowUp","CutThroughFate","Worship"],"picked":"Adaptation","floor":21}],"player_experience":193372,"relics_obtained":[{"floor":7,"key":"PreservedInsect"},{"floor":9,"key":"Centennial Puzzle"},{"floor":13,"key":"Question Card"}],"event_choices":[{"cards_removed":["Strike_P"],"damage_healed":0,"gold_gain":0,"player_choice":"Card Removal","damage_taken":0,"max_hp_gain":0,"max_hp_loss":0,"event_name":"The Cleric","floor":2,"gold_loss":50},{"damage_healed":0,"gold_gain":0,"player_choice":"Forge","damage_taken":0,"max_hp_gain":0,"max_hp_loss":0,"event_name":"Accursed Blacksmith","floor":5,"gold_loss":0,"cards_upgraded":["Eruption"]},{"damage_healed":0,"gold_gain":0,"player_choice":"Trade","damage_taken":0,"relics_obtained":["GremlinMask"],"max_hp_gain":0,"max_hp_loss":0,"event_name":"FaceTrader","floor":12,"gold_loss":0},{"damage_healed":0,"gold_gain":0,"player_choice":"Ignored","damage_taken":0,"max_hp_gain":0,"max_hp_loss":0,"event_name":"Vampires","floor":19,"gold_loss":0},{"damage_healed":0,"gold_gain":0,"player_choice":"Opened","damage_taken":0,"relics_obtained":["Dream Catcher"],"max_hp_gain":0,"max_hp_loss":0,"event_name":"The Mausoleum","floor":20,"gold_loss":0,"cards_obtained":["Writhe"]}],"is_beta":false,"boss_relics":[{"not_picked":["Velvet Choker","Ectoplasm"],"picked":"VioletLotus"}],"items_purged_floors":[14],"is_endless":false,"potions_floor_spawned":[7,13,16],"killed_by":"Shelled Parasite and Fungi","ascension_level":5}}