{"host":"ig7tc0uedzltt2sr","time":1609980410,"event":{"mods":["BaseMod","Better Twitch Integration","Block Reminder","Colored Map","Colored Powertips","Communication Mod","Current Relic Mod","GifTheSpireLib","HexUI Lib","Minty Spire (QoL Compilation)","Quick Restart","Random Character Button","Rare Cards Sparkle","Relic Sorter","Relic Stats","Slay the Relics Exporter","StSLib","SuperFastMode","Synergy Search","Twitch Decklist","Twitch Utils","everything is the same but u backflip on backflip","slay the spire mod where everything is the same but ironclad has a cowboy hat"],"gold_per_floor":[114,126,126,92,17,17,42,42,42,58,78,89,78,89,89,184,184,184,184],"floor_reached":18,"playtime":146,"items_purged":["Defend_R"],"score":189,"play_id":"eec38e01-b95a-462a-a73b-b4308535d69b","local_time":"20210106164650","is_ascension_mode":false,"campfire_choices":[{"data":"Bash","floor":6,"key":"SMITH"},{"data":"Strike_R","floor":8,"key":"SMITH"},{"floor":15,"key":"REST"}],"circlet_count":0,"master_deck":["Strike_R+1","Strike_R","Strike_R","Strike_R","Strike_R","Defend_R","Defend_R","Defend_R","Bash+1","Clothesline","Disarm","Rampage","Sentinel","Clash","Bludgeon","Metallicize","Berserk","Juggernaut"],"relics":["Burning Blood","NeowsBlessing","TungstenRod","Runic Cube"],"acts_visited":["Exordium","TheCity"],"potions_floor_usage":[],"damage_taken":[{"damage":0,"enemies":"Cultist","floor":1,"turns":1},{"damage":0,"enemies":"Small Slimes","floor":2,"turns":1},{"damage":0,"enemies":"3 Sentries","floor":7,"turns":2},{"damage":11,"enemies":"Jaw Worm","floor":10,"turns":9},{"damage":24,"enemies":"Lots of Slimes","floor":11,"turns":8},{"damage":9,"enemies":"Exordium Wildlife","floor":12,"turns":7},{"damage":23,"enemies":"Exordium Thugs","floor":13,"turns":4},{"damage":7,"enemies":"Large Slime","floor":14,"turns":6},{"damage":33,"enemies":"Hexaghost","floor":16,"turns":8},{"damage":80,"enemies":"3 Byrds","floor":18,"turns":8}],"seed_played":"-6097980691785586896","potions_obtained":[{"floor":2,"key":"ColorlessPotion"},{"floor":11,"key":"Swift Potion"},{"floor":14,"key":"DistilledChaos"},{"floor":16,"key":"ColorlessPotion"}],"is_trial":false,"path_per_floor":["M","M","?","?","$","R","E","R","T","M","M","M","M","M","R","B",null,"M"],"character_chosen":"IRONCLAD","items_purchased":[],"campfire_rested":1,"item_purchase_floors":[],"current_hp_per_floor":[80,80,80,80,80,80,80,80,80,75,57,54,37,36,60,33,80,0,0],"gold":184,"neow_bonus":"THREE_ENEMY_KILL","is_daily":false,"chose_seed":false,"campfire_upgraded":2,"win_rate":0.0,"timestamp":1609980410,"path_taken":["M","M","?","?","?","R","E","R","T","M","M","?","M","M","R","BOSS","M"],"items_purchased_type":[],"build_version":"2020-12-22","purchased_purges":1,"victory":false,"max_hp_per_floor":[80,80,80,80,80,80,80,80,80,80,80,80,80,80,80,80,80,80,80],"relic_stats":{"counters":[10,54],"obtain_stats":[{"NeowsBlessing":0,"Burning Blood":0,"TungstenRod":7,"Runic Cube":17},{"NeowsBlessing":0,"Burning Blood":0,"TungstenRod":3,"Runic Cube":9},{"NeowsBlessing":0,"Burning Blood":0,"TungstenRod":4,"Runic Cube":46}],"Burning Blood":36,"TungstenRod":60,"Runic Cube":[19]},"card_choices":[{"not_picked":["Thunderclap","Iron Wave"],"picked":"Clothesline","floor":1},{"not_picked":["Warcry","Heavy Blade"],"picked":"Disarm","floor":2},{"not_picked":["Evolve","Wild Strike"],"picked":"Rampage","floor":7},{"not_picked":["Clothesline","Shockwave"],"picked":"Sentinel","floor":10},{"not_picked":["True Grit","Combust"],"picked":"Clash","floor":11},{"not_picked":["Perfected Strike","Armaments"],"picked":"Bludgeon","floor":12},{"not_picked":["Bloodletting","Iron Wave"],"picked":"Metallicize","floor":13},{"not_picked":["Rage","Warcry"],"picked":"Berserk","floor":14},{"not_picked":["Barricade","Offering"],"picked":"Juggernaut","floor":16}],"player_experience":1433644,"relics_obtained":[{"floor":7,"key":"TungstenRod"}],"event_choices":[{"damage_healed":0,"gold_gain":0,"player_choice":"Ignored","damage_taken":0,"max_hp_gain":0,"max_hp_loss":0,"event_name":"Liars Game","floor":3,"gold_loss":0},{"damage_healed":0,"gold_gain":0,"player_choice":"Left Gold","damage_taken":0,"max_hp_gain":0,"max_hp_loss":0,"event_name":"World of Goop","floor":4,"gold_loss":34}],"is_beta":false,"boss_relics":[{"not_picked":["Mark of Pain","Astrolabe"],"picked":"Runic Cube"}],"items_purged_floors":[5],"is_endless":false,"potions_floor_spawned":[2,11,14,16],"killed_by":"3 Byrds","ascension_level":0}}