{"host":"ff4g3thpm8pmsxyp","time":1609991861,"event":{"mods":["AchievementEnabler","BaseMod","Colored Map","DeckTracker","Highlight Path","Minty Spire (QoL Compilation)","Permanent Neow","Rare Cards Sparkle","Relic Stats","StSLib","SuperFastMode"],"gold_per_floor":[116,116,66,81,81,81,114,126,163,175,202,228,240,240],"floor_reached":13,"playtime":369,"items_purged":[],"score":100,"play_id":"f24025c7-8c5a-4bf7-84bf-4a08cc344578","local_time":"20210106225741","is_ascension_mode":true,"campfire_choices":[{"data":"Ragnarok","floor":6,"key":"SMITH"},{"data":"Vault","floor":8,"key":"SMITH"},{"data":"WindmillStrike","floor":10,"key":"SMITH"}],"circlet_count":0,"master_deck":["Strike_P","Strike_P","Defend_P+1","Defend_P","Eruption","Vigilance+1","Alpha","Ragnarok+1","WindmillStrike+1","Evaluate","Vault+1","Perseverance","Perseverance"],"relics":["PureWater","MawBank","Smiling Mask"],"acts_visited":["Exordium"],"potions_floor_usage":[7],"damage_taken":[{"damage":0,"enemies":"Cultist","floor":1,"turns":2},{"damage":0,"enemies":"2 Louse","floor":4,"turns":2},{"damage":14,"enemies":"3 Sentries","floor":7,"turns":5},{"damage":18,"enemies":"Small Slimes","floor":11,"turns":3},{"damage":0,"enemies":"2 Fungi Beasts","floor":12,"turns":2},{"damage":30,"enemies":"Gremlin Nob","floor":13,"turns":4}],"seed_played":"3254980842890966009","potions_obtained":[{"floor":1,"key":"EssenceOfSteel"},{"floor":4,"key":"SteroidPotion"},{"floor":11,"key":"SpeedPotion"}],"is_trial":false,"path_per_floor":["M","?","?","M","?","R","E","R","T","R","M","M","E"],"character_chosen":"WATCHER","items_purchased":[],"campfire_rested":0,"item_purchase_floors":[],"current_hp_per_floor":[65,52,52,52,45,45,31,31,31,31,13,13,0,0],"gold":240,"neow_bonus":"TRANSFORM_TWO_CARDS","is_daily":false,"chose_seed":false,"campfire_upgraded":3,"win_rate":0.0,"timestamp":1609991861,"path_taken":["M","?","?","M","?","R","E","R","T","R","M","M","E"],"items_purchased_type":[],"build_version":"2020-12-22","purchased_purges":0,"victory":false,"max_hp_per_floor":[65,65,65,65,65,65,65,65,65,65,65,65,65,65],"relic_stats":{"counters":[6,18],"MawBank":72,"Smiling Mask":0,"obtain_stats":[{"PureWater":0,"MawBank":7,"Smiling Mask":9},{"PureWater":0,"MawBank":3,"Smiling Mask":3},{"PureWater":0,"MawBank":9,"Smiling Mask":9}]},"card_choices":[{"not_picked":["LikeWater","Vengeance"],"picked":"WindmillStrike","floor":1},{"not_picked":["EmptyFist","Collect"],"picked":"Evaluate","floor":4},{"not_picked":["CutThroughFate","PathToVictory"],"picked":"Vault","floor":7},{"not_picked":["EmptyFist","FlyingSleeves"],"picked":"Perseverance","floor":11},{"not_picked":["PathToVictory","BattleHymn"],"picked":"Perseverance","floor":12}],"player_experience":253988,"relics_obtained":[{"floor":7,"key":"MawBank"},{"floor":9,"key":"Smiling Mask"}],"event_choices":[{"damage_healed":0,"gold_gain":0,"player_choice":"Entered Light","damage_taken":13,"max_hp_gain":0,"max_hp_loss":0,"event_name":"Shining Light","floor":2,"gold_loss":0,"cards_upgraded":["Defend_P","Vigilance"]},{"cards_removed":["Strike_P"],"damage_healed":0,"gold_gain":0,"player_choice":"Card Removal","damage_taken":0,"max_hp_gain":0,"max_hp_loss":0,"event_name":"The Cleric","floor":3,"gold_loss":50},{"cards_removed":["Defend_P"],"damage_healed":0,"gold_gain":0,"player_choice":"Card Removal","damage_taken":7,"max_hp_gain":0,"max_hp_loss":0,"event_name":"Golden Wing","floor":5,"gold_loss":0}],"is_beta":false,"boss_relics":[],"items_purged_floors":[],"is_endless":false,"potions_floor_spawned":[1,4,11],"killed_by":"Gremlin Nob","ascension_level":4}}