{"host":"98ajcw3do3zsggh8","time":1609984754,"event":{"mods":["BaseMod","Minty Spire (QoL Compilation)","Replay The Spire","StSLib","The Marked"],"gold_per_floor":[111,130,130,130,1,32,32,59,59,100,100,125,145,163,163,292,292,310,310,310],"floor_reached":19,"playtime":560,"items_purged":["Delirium"],"score":232,"play_id":"9d3a1ca3-f77a-4b62-a297-3f11efb6ea52","local_time":"20210107025914","is_ascension_mode":true,"campfire_choices":[{"data":"Flex","floor":15,"key":"SMITH"}],"circlet_count":0,"master_deck":["Strike_R","Strike_R","Strike_R","Strike_R","Strike_R","Defend_R","Defend_R","Defend_R","Defend_R","Heavy Blade","Whirlwind","Battle Trance+1","Flex+1","Clash","Regret","Rampage","Armaments+1","Demon Form","Heavy Blade"],"relics":["Burning Blood","NeowsBlessing","Ring of Peace","Pantograph","Golden Idol","PreservedInsect","ReplayTheSpireMod:Ninjato","Quantum Egg","Toxic Egg 2","Velvet Choker"],"acts_visited":["Exordium","TheCity"],"potions_floor_usage":[12,16,16,16],"damage_taken":[{"damage":0,"enemies":"Jaw Worm","floor":1,"turns":1},{"damage":0,"enemies":"Small Slimes","floor":2,"turns":1},{"damage":0,"enemies":"Gremlin Nob","floor":6,"turns":1},{"damage":35,"enemies":"Lagavulin","floor":10,"turns":6},{"damage":6,"enemies":"2 Louse","floor":12,"turns":5},{"damage":27,"enemies":"2 Fungi Beasts","floor":13,"turns":5},{"damage":13,"enemies":"Blue Slaver","floor":14,"turns":5},{"damage":41,"enemies":"Hexaghost","floor":16,"turns":8},{"damage":39,"enemies":"Spheric Guardian","floor":18,"turns":6}],"seed_played":"-6034337518544984337","potions_obtained":[{"floor":6,"key":"Regen Potion"},{"floor":10,"key":"Fire Potion"},{"floor":13,"key":"BloodPotion"},{"floor":14,"key":"Death Potion"},{"floor":16,"key":"GamblersBrew"}],"is_trial":false,"path_per_floor":["M","M","?","?","$","E","?","T","T","E","?","M","M","M","R","B",null,"M","?"],"character_chosen":"IRONCLAD","items_purchased":["Flex"],"campfire_rested":0,"item_purchase_floors":[5],"current_hp_per_floor":[80,80,80,80,80,80,60,60,60,31,31,45,24,17,17,23,80,47,47,47],"gold":310,"neow_bonus":"THREE_ENEMY_KILL","is_daily":false,"chose_seed":false,"campfire_upgraded":1,"win_rate":0.0,"timestamp":1609984754,"path_taken":["M","M","?","?","?","E","?","?","T","E","?","M","?","M","R","BOSS","M","?"],"items_purchased_type":["Card"],"build_version":"2020-12-22","purchased_purges":1,"victory":false,"max_hp_per_floor":[80,80,80,80,80,80,80,80,80,80,80,80,80,80,80,80,80,80,80,80],"card_choices":[{"not_picked":["Run Through","Wild Strike"],"picked":"Heavy Blade","floor":1},{"not_picked":["Headbutt","ReplayTheSpireMod:Muscle Training"],"picked":"Whirlwind","floor":2},{"not_picked":["Havoc","Iron Wave","True Grit"],"picked":"SKIP","floor":6},{"not_picked":["Demonic Infusion","Sword Boomerang"],"picked":"Clash","floor":10},{"not_picked":["Cleave","Pommel Strike","Heavy Blade"],"picked":"SKIP","floor":12},{"not_picked":["Heavy Blade","True Grit+1"],"picked":"Rampage","floor":13},{"not_picked":["ReplayTheSpireMod:Stacked+1","Abandon+1"],"picked":"Armaments+1","floor":14},{"not_picked":["Feed","Demonic Infusion+1"],"picked":"Demon Form","floor":16},{"not_picked":["Burning Pact+1","Dual Wield+1","Pommel Strike"],"picked":"SKIP","floor":18}],"player_experience":321247,"relics_obtained":[{"floor":4,"key":"Ring of Peace"},{"floor":6,"key":"Pantograph"},{"floor":8,"key":"PreservedInsect"},{"floor":9,"key":"ReplayTheSpireMod:Ninjato"},{"floor":10,"key":"Quantum Egg"}],"event_choices":[{"damage_healed":0,"gold_gain":0,"player_choice":"Take Damage","damage_taken":20,"relics_obtained":["Golden Idol"],"max_hp_gain":0,"max_hp_loss":0,"event_name":"Golden Idol","floor":7,"gold_loss":0},{"damage_healed":0,"gold_gain":0,"player_choice":"Box","damage_taken":0,"relics_obtained":["Toxic Egg 2"],"max_hp_gain":0,"max_hp_loss":0,"event_name":"Big Fish","floor":11,"gold_loss":0,"cards_obtained":["Regret"]},{"damage_healed":0,"gold_gain":0,"player_choice":"Read","damage_taken":0,"max_hp_gain":0,"max_hp_loss":0,"event_name":"The Library","floor":19,"gold_loss":0,"cards_obtained":["Heavy Blade"]}],"is_beta":false,"boss_relics":[{"not_picked":["Snecko Eye","Runic Dome"],"picked":"Velvet Choker"}],"items_purged_floors":[5],"is_endless":false,"potions_floor_spawned":[6,10,13,14,16],"ascension_level":3}}