{"host":"svwqvw2il1zfkkg0","time":1609985654,"event":{"mods":["AchievementEnabler","BaseMod","BetterRewards","Colored Map","Colored Powertips","Custom Start","Downfall","GifTheSpireLib","Highlight Path","Hubris","Infinite Spire","Minty Spire (QoL Compilation)","Quick Restart","Replay The Spire","Shop Mod","StSLib","SuperFastMode"],"gold_per_floor":[111,121,139,156,171,171,204,215,215,215,229,229,229,243,243,345,345,358,369,33,33,33,51,51,51,51,63,63,83,83,114,114,219,219,237,285,331,347,359,359,376,406,406,109,109,129,129,129,129,129],"floor_reached":51,"playtime":3442,"items_purged":["Shame"],"score":701,"play_id":"f481d62a-73f9-45d6-989b-733744693654","local_time":"20210106181414","is_ascension_mode":false,"campfire_choices":[{"data":"Bullet Time","floor":6,"key":"SMITH"},{"floor":10,"key":"REST"},{"data":"Riddle With Holes","floor":15,"key":"SMITH"},{"data":"Glass Knife","floor":24,"key":"SMITH"},{"data":"Draining Mist","floor":28,"key":"SMITH"},{"floor":32,"key":"REST"},{"floor":40,"key":"REST"},{"floor":47,"key":"REST"},{"data":"Backstab","floor":49,"key":"SMITH"}],"circlet_count":0,"master_deck":["Strike_G","Strike_G","Strike_G","Strike_G","Strike_G","Defend_G","Defend_G","Defend_G","Defend_G","Defend_G","Survivor","Neutralize","hubris:Strike_Merchant","hubris:Strike_Merchant","Poisoned Stab","Bullet Time+1","Riddle With Holes+1","Toxin Wave","Dash","Draining Mist+1","PiercingWail","Acrobatics","Quick Slash","Glass Knife+1","Replay:Poison Smokescreen","Blade Dance","Poisoned Stab","Bane","Dagger Spray","Bane","Backstab+1","Unload","Endless Agony+1","Infinite Blades","Prepared+1","Masterful Stab+1","Quick Slash+1","Masterful Stab+1","Bouncing Flask","Endless Agony+1","Blade Dance","Cloak And Dagger+1"],"relics":["Ring of the Serpent","Lantern","hubris:BottledRain","Ring of Peace","hubris:Zylophone","ChewingGum","Membership Card","TungstenRod","hubris:TinFlute","Pantograph","infinitespire:EmpoweringShard","Tough Bandages","infinitespire:CursedDice","Smiling Mask","Replay:Mystery Machine","Gremlin Food","hubris:CrystalStatue","ReplayFunnel","BargainBundle"],"acts_visited":["Exordium","TheCity","TheBeyond"],"potions_floor_usage":[16,16,23,23,33,33,35,36,39,42,50,50,50],"damage_taken":[{"damage":5,"enemies":"Small Slimes","floor":1,"turns":3},{"damage":1,"enemies":"Cultist","floor":2,"turns":4},{"damage":2,"enemies":"2 Louse","floor":3,"turns":2},{"damage":0,"enemies":"Blue Slaver","floor":4,"turns":2},{"damage":4,"enemies":"Looter","floor":5,"turns":3},{"damage":10,"enemies":"Replay:BlueRogue","floor":7,"turns":7},{"damage":8,"enemies":"2 Fungi Beasts","floor":8,"turns":3},{"damage":10,"enemies":"Exordium Thugs","floor":11,"turns":6},{"damage":0,"enemies":"Lots of Slimes","floor":14,"turns":4},{"damage":17,"enemies":"The Guardian","floor":16,"turns":13},{"damage":2,"enemies":"Shell Parasite","floor":18,"turns":5},{"damage":0,"enemies":"Chosen","floor":19,"turns":4},{"damage":9,"enemies":"3 Cultists","floor":23,"turns":7},{"damage":4,"enemies":"Cultist and Chosen","floor":27,"turns":5},{"damage":0,"enemies":"Snecko","floor":29,"turns":4},{"damage":13,"enemies":"Slavers","floor":31,"turns":6},{"damage":76,"enemies":"Automaton","floor":33,"turns":11},{"damage":6,"enemies":"3 Darklings","floor":35,"turns":6},{"damage":49,"enemies":"2 Orb Walkers","floor":36,"turns":6},{"damage":3,"enemies":"Orb Walker","floor":38,"turns":4},{"damage":29,"enemies":"Sphere and 2 Shapes","floor":39,"turns":5},{"damage":5,"enemies":"4 Shapes","floor":41,"turns":3},{"damage":5,"enemies":"Nemesis","floor":42,"turns":6},{"damage":0,"enemies":"Jaw Worm Horde","floor":46,"turns":3},{"damage":49,"enemies":"infinitespire:MassOfShapes","floor":50,"turns":16}],"seed_played":"-2039916908293405961","potions_obtained":[{"floor":5,"key":"Block Potion"},{"floor":7,"key":"Weak Potion"},{"floor":8,"key":"ColorlessPotion"},{"floor":18,"key":"Guardian:BlockOnCardUsePotion"},{"floor":19,"key":"DuplicationPotion"},{"floor":27,"key":"hexamod:EctoCoolerPotion"},{"floor":33,"key":"CunningPotion"},{"floor":35,"key":"Adrenaline Potion"},{"floor":36,"key":"LiquidMemories"},{"floor":38,"key":"Swift Potion"}],"is_trial":false,"path_per_floor":["M","M","M","M","M","R","E","M","T","R","M","?","T","M","R","B",null,"M","M","$","?","?","M","R","T","T","M","R","M","?","E","R","B",null,"M","?","T","M","M","R","M","E","T","$","?","M","R","?","R","B",null],"character_chosen":"THE_SILENT","items_purchased":["Membership Card","TungstenRod","Poisoned Stab","Bane","hubris:CrystalStatue","ReplayFunnel","BargainBundle","Bouncing Flask","Endless Agony","Blade Dance","Block Potion","FearPotion","LiquidBronze"],"campfire_rested":4,"item_purchase_floors":[20,20,20,20,44,44,44,44,44,44,44,44,44],"current_hp_per_floor":[79,78,76,76,72,72,62,54,54,79,69,69,69,69,69,52,84,82,82,82,82,82,73,73,73,73,69,69,69,69,56,81,8,84,78,29,29,26,30,55,50,45,45,45,45,45,70,70,70,35],"gold":129,"neow_bonus":"TWENTY_PERCENT_HP_BONUS","is_daily":false,"chose_seed":false,"campfire_upgraded":5,"win_rate":0.0,"timestamp":1609985654,"path_taken":["M","M","M","M","M","R","E","M","T","R","M","?","?","M","R","BOSS","M","M","$","?","?","M","R","?","T","M","R","M","?","E","R","BOSS","M","?","?","M","M","R","M","E","T","$","?","?","R","?","R","BOSS"],"items_purchased_type":["Relic","Relic","Card","Card","Relic","Relic","Relic","Card","Card","Card","Potion","Potion","Potion"],"build_version":"2020-12-22","purchased_purges":1,"victory":true,"max_hp_per_floor":[84,84,84,84,84,84,84,84,84,84,84,84,84,84,84,84,84,84,84,84,84,84,84,84,84,84,84,84,84,84,84,84,84,84,84,84,84,84,84,84,84,84,84,84,84,84,84,84,84,84],"card_choices":[{"not_picked":["hubris:Sniper","Escape Plan"],"picked":"Poisoned Stab","floor":1},{"not_picked":["Flechettes","Backflip"],"picked":"Bullet Time","floor":2},{"not_picked":["Slice","Deadly Poison"],"picked":"Riddle With Holes","floor":3},{"not_picked":["Sucker Punch","Dagger Throw"],"picked":"Toxin Wave","floor":4},{"not_picked":["Deflect","hubris:Sniper"],"picked":"Dash","floor":5},{"not_picked":["Deadly Poison","Backflip"],"picked":"Draining Mist","floor":7},{"not_picked":["ReplayTheSpireMod:Scrap Shanks","Acrobatics"],"picked":"PiercingWail","floor":8},{"not_picked":["Slice","Toxin Wave"],"picked":"Acrobatics","floor":11},{"not_picked":["Sucker Punch","Outmaneuver"],"picked":"Quick Slash","floor":14},{"not_picked":["Burst","Bullet Time"],"picked":"Glass Knife","floor":16},{"not_picked":["Deflect","Caltrops"],"picked":"Replay:Poison Smokescreen","floor":18},{"not_picked":["Outmaneuver","Escape Plan"],"picked":"Blade Dance","floor":19},{"not_picked":["Acrobatics","Accuracy"],"picked":"Dagger Spray","floor":23},{"not_picked":["Endless Agony","Dagger Throw+1"],"picked":"Bane","floor":27},{"not_picked":["Endless Agony","Tactician"],"picked":"Backstab","floor":29},{"not_picked":["Reflex","Footwork","hubris:SlightOfHand"],"picked":"SKIP","floor":31},{"not_picked":["Wraith Form v2","Burst"],"picked":"Unload","floor":33},{"not_picked":["Slice","Sucker Punch"],"picked":"Endless Agony+1","floor":35},{"not_picked":["Sucker Punch","ReplayTheSpireMod:Shiv Toss+1"],"picked":"Infinite Blades","floor":36},{"not_picked":["Hidden Blade","Heel Hook"],"picked":"Prepared+1","floor":38},{"not_picked":["ReplayTheSpireMod:Shiv Toss","After Image"],"picked":"Masterful Stab+1","floor":39},{"not_picked":["Prepared","Dodge and Roll+1"],"picked":"Quick Slash+1","floor":41},{"not_picked":["Deflect","Quick Slash+1"],"picked":"Masterful Stab+1","floor":42},{"not_picked":["Hidden Blade+1","ReplayTheSpireMod:The Works"],"picked":"Cloak And Dagger+1","floor":46}],"player_experience":456799,"relics_obtained":[{"floor":7,"key":"Lantern"},{"floor":9,"key":"hubris:BottledRain"},{"floor":12,"key":"Ring of Peace"},{"floor":13,"key":"hubris:Zylophone"},{"floor":25,"key":"Pantograph"},{"floor":26,"key":"infinitespire:EmpoweringShard"},{"floor":31,"key":"Tough Bandages"},{"floor":36,"key":"infinitespire:CursedDice"},{"floor":37,"key":"Smiling Mask"},{"floor":42,"key":"Replay:Mystery Machine"},{"floor":43,"key":"Gremlin Food"}],"event_choices":[{"damage_healed":0,"gold_gain":0,"player_choice":"Stole Relic","damage_taken":0,"relics_obtained":["hubris:TinFlute"],"max_hp_gain":0,"max_hp_loss":0,"event_name":"Addict","floor":22,"gold_loss":0,"cards_obtained":["Shame"]},{"damage_healed":0,"gold_gain":0,"player_choice":"Ignored","damage_taken":0,"max_hp_gain":0,"max_hp_loss":0,"event_name":"Cursed Tome","floor":30,"gold_loss":0},{"damage_healed":0,"gold_gain":0,"player_choice":"Fight","damage_taken":0,"max_hp_gain":0,"max_hp_loss":0,"event_name":"Mysterious Sphere","floor":36,"gold_loss":0},{"damage_healed":0,"gold_gain":0,"player_choice":"Ignored","damage_taken":0,"max_hp_gain":0,"max_hp_loss":0,"event_name":"NoteForYourself","floor":45,"gold_loss":0}],"is_beta":false,"boss_relics":[{"not_picked":["Pandora\u0027s Box","hubris:HollowSoul"],"picked":"ChewingGum"},{"not_picked":["hubris:VirtuousBlindfold","Kintsugi"],"picked":"Ring of the Serpent"}],"items_purged_floors":[44],"is_endless":false,"potions_floor_spawned":[5,7,8,18,19,27,33,35,36,38,46],"ascension_level":0}}