{"host":"h6vkjb2m7gyzzrtk","time":1609999576,"event":{"mods":["Act Like it!","BaseMod","Downfall","Hallownest","Hermit","Melee Mod","Minty Spire (QoL Compilation)","Potionbrewer","StSLib","The Bug Knight","The Runesmith","TheLocksmith"],"gold_per_floor":[111,121,140,215,215,25,25,54,133,144,319,319,319,332,332,455,455,474,389,18,43,43,43,74,74,74,48,68,84,84,100,100,100,100],"floor_reached":33,"playtime":2499,"items_purged":["Doubt"],"score":265,"play_id":"dd18d27b-5565-4079-9c1b-63faaea37f98","local_time":"20210107000616","is_ascension_mode":false,"campfire_choices":[{"data":"Rainbow","floor":7,"key":"SMITH"},{"floor":13,"key":"REST"},{"floor":15,"key":"REST"},{"floor":23,"key":"REST"},{"floor":30,"key":"REST"},{"floor":32,"key":"RECALL"}],"circlet_count":0,"master_deck":["Strike_B","Strike_B","Strike_B","Defend_B","Defend_B","Defend_B","Defend_B","Zap","Dualcast","Ball Lightning","Sweeping Beam","Barrage","Compile Driver","Echo Form","Rainbow+1","Steam Power","Doom and Gloom","Barrage","Leap","Redo","Glacier","Core Surge","Cold Snap","Hologram+1","Necronomicurse","Rebound+1","Go for the Eyes","Coolheaded","Cold Snap","Conserve Battery","Gash","Stack+1"],"relics":["Cracked Core","Dream Catcher","Golden Idol","Inserter","Meat on the Bone","Lantern","Ancient Tea Set","Necronomicon","Blood Vial","Regal Pillow"],"acts_visited":["Exordium","TheCity"],"potions_floor_usage":[8,18,24,29,29,29,33],"damage_taken":[{"damage":1,"enemies":"Jaw Worm","floor":1,"turns":3},{"damage":10,"enemies":"Small Slimes","floor":2,"turns":3},{"damage":0,"enemies":"2 Louse","floor":3,"turns":2},{"damage":5,"enemies":"HollowMod:MossKnight","floor":8,"turns":4},{"damage":0,"enemies":"Large Slime","floor":10,"turns":3},{"damage":6,"enemies":"Looter","floor":14,"turns":3},{"damage":11,"enemies":"Slime Boss","floor":16,"turns":8},{"damage":35,"enemies":"2 Thieves","floor":18,"turns":4},{"damage":21,"enemies":"Centurion and Healer","floor":21,"turns":6},{"damage":9,"enemies":"HollowMod:Nosk","floor":24,"turns":6},{"damage":11,"enemies":"Snake Plant","floor":28,"turns":8},{"damage":27,"enemies":"Shelled Parasite and Fungi","floor":29,"turns":5},{"damage":9,"enemies":"Centurion and Healer","floor":31,"turns":5},{"damage":73,"enemies":"Automaton","floor":33,"turns":10}],"seed_played":"-8869788168466234156","potions_obtained":[{"floor":3,"key":"Fire Potion"},{"floor":16,"key":"potionbrewer:ToxicPotion"},{"floor":21,"key":"BlessingOfTheForge"},{"floor":28,"key":"potionbrewer:SplittingPotion"},{"floor":31,"key":"Dexterity Potion"}],"is_trial":false,"path_per_floor":["M","M","M","?","?","$","R","E","T","M","?","?","R","M","R","B",null,"M","?","$","M","?","R","E","?","T","$","M","M","R","M","R","B"],"character_chosen":"DEFECT","items_purchased":["Rainbow","Steam Power","Lantern","Ancient Tea Set","Coolheaded"],"campfire_rested":4,"item_purchase_floors":[6,6,20,20,27],"current_hp_per_floor":[74,64,64,53,53,53,53,48,48,48,48,30,52,46,68,57,75,40,40,40,31,15,37,40,40,40,40,43,30,67,60,60,0,0],"gold":100,"neow_bonus":"THREE_CARDS","is_daily":false,"chose_seed":false,"campfire_upgraded":1,"win_rate":0.0,"timestamp":1609999576,"path_taken":["M","M","M","?","?","$","R","E","T","M","?","?","R","M","R","BOSS","M","?","$","M","?","R","E","?","T","?","M","M","R","M","R","BOSS"],"items_purchased_type":["Card","Card","Relic","Relic","Card"],"build_version":"2020-12-22","purchased_purges":1,"victory":false,"max_hp_per_floor":[75,75,75,75,75,75,75,75,75,75,75,75,75,75,75,75,75,75,75,75,75,75,75,75,75,75,75,75,75,75,75,75,75,75],"card_choices":[{"not_picked":["Leap","Hologram"],"picked":"Ball Lightning","floor":0},{"not_picked":["Scrape","Turbo"],"picked":"Sweeping Beam","floor":1},{"not_picked":["Scrape","Leap"],"picked":"Barrage","floor":2},{"not_picked":["Stack","Go for the Eyes"],"picked":"Compile Driver","floor":3},{"not_picked":["Hologram","Beam Cell"],"picked":"Doom and Gloom","floor":8},{"not_picked":["Sweeping Beam","Blizzard"],"picked":"Barrage","floor":10},{"not_picked":["Rebound","Darkness"],"picked":"Leap","floor":13},{"not_picked":["Self Repair","Ball Lightning"],"picked":"Redo","floor":14},{"not_picked":["Barrage","Storm"],"picked":"Glacier","floor":15},{"not_picked":["Rainbow","All For One"],"picked":"Core Surge","floor":16},{"not_picked":["Barrage+1","Streamline"],"picked":"Cold Snap","floor":18},{"not_picked":["Steam","Leap"],"picked":"Hologram+1","floor":21},{"not_picked":["Streamline","Force Field"],"picked":"Rebound+1","floor":23},{"not_picked":["Barrage+1","Leap"],"picked":"Go for the Eyes","floor":24},{"not_picked":["Hello World","Rebound"],"picked":"Cold Snap","floor":28},{"not_picked":["Gash","Coolheaded+1"],"picked":"Conserve Battery","floor":29},{"not_picked":["Seek","Hologram"],"picked":"Gash","floor":30},{"not_picked":["Gash","Steam"],"picked":"Stack+1","floor":31}],"player_experience":98918,"relics_obtained":[{"floor":8,"key":"Dream Catcher"},{"floor":22,"key":"Necronomicon"},{"floor":24,"key":"Blood Vial"},{"floor":26,"key":"Regal Pillow"}],"event_choices":[{"damage_healed":0,"gold_gain":75,"player_choice":"Gather Gold","damage_taken":11,"max_hp_gain":0,"max_hp_loss":0,"event_name":"World of Goop","floor":4,"gold_loss":0},{"damage_healed":0,"gold_gain":0,"cards_transformed":["Strike_B"],"player_choice":"Change","damage_taken":0,"max_hp_gain":0,"max_hp_loss":0,"event_name":"Living Wall","floor":5,"gold_loss":0,"cards_obtained":["Echo Form"]},{"damage_healed":0,"gold_gain":175,"player_choice":"AGREE","damage_taken":0,"max_hp_gain":0,"max_hp_loss":0,"event_name":"Liars Game","floor":11,"gold_loss":0,"cards_obtained":["Doubt"]},{"damage_healed":0,"gold_gain":0,"player_choice":"Take Damage","damage_taken":18,"relics_obtained":["Golden Idol"],"max_hp_gain":0,"max_hp_loss":0,"event_name":"Golden Idol","floor":12,"gold_loss":0},{"damage_healed":0,"gold_gain":0,"player_choice":"Obtained Relic","damage_taken":0,"relics_obtained":["Meat on the Bone"],"max_hp_gain":0,"max_hp_loss":0,"event_name":"Addict","floor":19,"gold_loss":85},{"damage_healed":0,"gold_gain":0,"player_choice":"Obtained Book","damage_taken":16,"max_hp_gain":0,"max_hp_loss":0,"event_name":"Cursed Tome","floor":22,"gold_loss":0},{"damage_healed":0,"gold_gain":0,"player_choice":"Ignored","damage_taken":0,"max_hp_gain":0,"max_hp_loss":0,"event_name":"Ghosts","floor":25,"gold_loss":0}],"is_beta":false,"boss_relics":[{"not_picked":["Snecko Eye","Empty Cage"],"picked":"Inserter"}],"items_purged_floors":[20],"is_endless":false,"potions_floor_spawned":[3,16,21,28,31],"killed_by":"Automaton","ascension_level":0}}