{"host":"dhtq6diq1v6cnmza","time":1609981668,"event":{"mods":["Act Like it!","BaseMod","BetterRewards","Colored Map","Colored Powertips","Downfall","Highlight Path","Hubris","Infinite Spire","Minty Spire (QoL Compilation)","Replay The Spire","Shop Mod","StSLib","The Jungle"],"gold_per_floor":[99,99,70,70,70,70,96,96,96,96,96,96,96,128,145,243,243,168,185,202,96,196,246,297,316,433,443,368,385,435,448,465,465,465,465],"floor_reached":33,"playtime":3531,"items_purged":["sneckomod:Bewildered"],"score":316,"play_id":"dc3114bd-c351-4547-918e-52537fd32e30","local_time":"20210106200747","is_ascension_mode":false,"campfire_choices":[{"data":"Slimebound:Split","floor":1,"key":"SMITH"},{"data":"Slimebound:SplitMire","floor":8,"key":"SMITH"},{"data":"Slimebound:SplitMire","floor":10,"key":"SMITH"},{"data":"Slimebound:SplitBruiser","floor":13,"key":"SMITH"},{"data":"Slimebound:MassFeed","floor":18,"key":"SMITH"},{"data":"Slimebound:LeechEnergy","floor":28,"key":"SMITH"}],"circlet_count":0,"master_deck":["Slimebound:Strike_Slimebound","Slimebound:Strike_Slimebound","Slimebound:Strike_Slimebound","Slimebound:Defend_Slimebound+1","Slimebound:Defend_Slimebound","Slimebound:Defend_Slimebound","Slimebound:Split+1","Slimebound:SplitMire+1","Slimebound:MegaLick+1","Slimebound:SplitMire+1","Slimebound:SplitBruiser","Slimebound:SplitBruiser+1","Slimebound:LeechEnergy+1","Slimebound:MassFeed+1","Slimebound:MinionMaster","Slimebound:DouseInSlime+1","Slimebound:Gluttony+1","Slimebound:SlimeSlap+1","Slimebound:MegaLick+1","Slimebound:GrowthPunch","Slimebound:MinionMaster","Slimebound:LevelUp+1","Slimebound:SplitLeeching","Slimebound:SplitMire","Slimebound:LeechEnergy","Slimebound:PressTheAttack","Slimebound:SplitMire"],"relics":["Slimebound:AbsorbEndCombat","downfall:HeartsMalice","ReplayTheSpireMod:CursedCoin","Blue Doll","WarpedTongs","Juzu Bracelet","Darkstone Periapt","Astrolabe","downfall:HeartBlessingGreen","downfall:CloakOfManyFaces","CultistMask","FaceOfCleric","NlothsMask","GremlinMask","SsserpentHead","ReplayTheSpireMod:Ring of Addiction","Chameleon Ring","Toy Ornithopter","ReplayTheSpireMod:Ring of Collecting","downfall:HeartBlessingBlue"],"acts_visited":["Exordium","TheCity"],"potions_floor_usage":[16,16,19,25,29,29,32,33,33],"damage_taken":[{"damage":0,"enemies":"2 Louse","floor":2,"turns":1},{"damage":0,"enemies":"downfall:FleeingMerchant","floor":3,"turns":1},{"damage":0,"enemies":"infinitespire:Voidling","floor":12,"turns":1},{"damage":31,"enemies":"Replay:BlueRogue","floor":14,"turns":4},{"damage":15,"enemies":"Cultist","floor":15,"turns":3},{"damage":52,"enemies":"downfall:Ironclad","floor":16,"turns":6},{"damage":26,"enemies":"Chosen","floor":19,"turns":4},{"damage":30,"enemies":"Spheric Guardian","floor":20,"turns":4},{"damage":20,"enemies":"downfall:FleeingMerchant","floor":21,"turns":4},{"damage":21,"enemies":"downfall:FaceTrader","floor":22,"turns":6},{"damage":42,"enemies":"Centurion and Healer","floor":25,"turns":5},{"damage":27,"enemies":"Snake Plant","floor":27,"turns":3},{"damage":44,"enemies":"Shelled Parasite and Fungi","floor":29,"turns":4},{"damage":26,"enemies":"Cultist and Chosen","floor":31,"turns":4},{"damage":39,"enemies":"3 Cultists","floor":32,"turns":4},{"damage":73,"enemies":"downfall:Watcher","floor":33,"turns":4}],"seed_played":"-6515276682036237906","potions_obtained":[{"floor":14,"key":"hexamod:EctoCoolerPotion"},{"floor":15,"key":"Regen Potion"},{"floor":16,"key":"EntropicBrew"},{"floor":20,"key":"LiquidBronze"},{"floor":23,"key":"Weak Potion"},{"floor":23,"key":"LifebloodPotion"},{"floor":25,"key":"champ:CounterPotion"},{"floor":26,"key":"DuplicationPotion"},{"floor":29,"key":"DuplicationPotion"},{"floor":32,"key":"Weak Potion"}],"is_trial":false,"path_per_floor":["R","M","$","?","?","?","T","R","?","R","?","M","R","E","M","B",null,"R","M","M","$","?","?","T","M","?","M","R","M","?","M","M","B"],"character_chosen":"SLIMEBOUND","items_purchased":["ReplayTheSpireMod:CursedCoin","Slimebound:SplitMire","Slimebound:SplitBruiser","Slimebound:LevelUp+1","Slimebound:SplitLeeching"],"campfire_rested":0,"item_purchase_floors":[3,3,3,21,21],"current_hp_per_floor":[60,60,60,53,53,53,53,53,53,53,53,53,53,50,51,57,60,60,60,58,64,63,69,69,65,37,31,41,28,20,35,30,0,0,0],"gold":465,"neow_bonus":"THREE_ENEMY_KILL","is_daily":false,"chose_seed":false,"campfire_upgraded":6,"win_rate":0.0,"timestamp":1609981667,"path_taken":["R","M","$","?","?","?","T","R","?","R","?","M","R","E","M","BOSS","R","M","M","?","?","?","T","M","?","M","R","M","?","M","M","BOSS"],"items_purchased_type":["Relic","Card","Card","Card","Card"],"build_version":"2020-12-22","purchased_purges":1,"victory":false,"max_hp_per_floor":[60,60,60,60,60,60,60,60,60,60,60,60,60,60,60,60,60,60,60,64,64,64,70,70,71,71,72,82,85,85,90,91,91,91,91],"card_choices":[{"not_picked":["Slimebound:FinishingTackle","Slimebound:Grow"],"picked":"Slimebound:SplitMire","floor":2},{"not_picked":["Slimebound:RainOfGoop","Slimebound:GoopTackle"],"picked":"Slimebound:MegaLick","floor":3},{"not_picked":["Slimebound:LeechingTouch","Slimebound:SlimeSpikes"],"picked":"Slimebound:SplitBruiser","floor":12},{"not_picked":["Slimebound:Chomp","Slimebound:FinishingTackle"],"picked":"Slimebound:LeechEnergy","floor":14},{"not_picked":["Slimebound:MegaLick","Slimebound:SlimeSpikes"],"picked":"Slimebound:MassFeed","floor":15},{"not_picked":["Slimebound:RallyTheTroops","Slimebound:SlimeSlap"],"picked":"Slimebound:MinionMaster","floor":16},{"not_picked":["Slimebound:DisruptingSlam","Slimebound:Chomp"],"picked":"Slimebound:MegaLick+1","floor":19},{"not_picked":["Slimebound:FirmFortitude+1","Slimebound:Nibble"],"picked":"Slimebound:GrowthPunch","floor":20},{"not_picked":["Slimebound:FinishingTackle","Slimebound:PressTheAttack"],"picked":"Slimebound:MinionMaster","floor":21},{"not_picked":["Slimebound:LeechingTouch","Slimebound:SplitAcid+1"],"picked":"Slimebound:SplitMire","floor":22},{"not_picked":["Slimebound:Dissolve","Slimebound:FinishingTackle","Slimebound:ComboTackle"],"picked":"SKIP","floor":25},{"not_picked":["Slimebound:GrowthPunch","Slimebound:PressTheAttack"],"picked":"Slimebound:LeechEnergy","floor":26},{"not_picked":["Slimebound:ViciousTackle","Slimebound:TongueLash+1","Slimebound:HauntingLick"],"picked":"SKIP","floor":27},{"not_picked":["Slimebound:SplitBruiser","Slimebound:LeechingTouch"],"picked":"Slimebound:PressTheAttack","floor":29},{"not_picked":["Slimebound:FinishingTackle","Slimebound:RollThrough","Slimebound:Prepare"],"picked":"SKIP","floor":31},{"not_picked":["Slimebound:FinishingTackle","Slimebound:FirmFortitude"],"picked":"Slimebound:SplitMire","floor":32}],"player_experience":187693,"relics_obtained":[{"floor":7,"key":"Juzu Bracelet"},{"floor":14,"key":"Darkstone Periapt"},{"floor":22,"key":"downfall:CloakOfManyFaces"},{"floor":23,"key":"ReplayTheSpireMod:Ring of Addiction"},{"floor":23,"key":"Chameleon Ring"},{"floor":23,"key":"Toy Ornithopter"},{"floor":23,"key":"ReplayTheSpireMod:Ring of Collecting"}],"event_choices":[{"damage_healed":0,"gold_gain":0,"player_choice":"Success","damage_taken":7,"relics_obtained":["Blue Doll"],"max_hp_gain":0,"max_hp_loss":0,"event_name":"Scrap Ooze","floor":4,"gold_loss":0},{"damage_healed":0,"gold_gain":0,"player_choice":"Grow","damage_taken":0,"max_hp_gain":0,"max_hp_loss":0,"event_name":"Living Wall","floor":5,"gold_loss":0,"cards_upgraded":["Slimebound:MegaLick"]},{"damage_healed":0,"gold_gain":0,"player_choice":"Rummage","damage_taken":0,"relics_obtained":["WarpedTongs"],"max_hp_gain":0,"max_hp_loss":0,"event_name":"Accursed Blacksmith","floor":6,"gold_loss":0,"cards_obtained":["Pain"]},{"cards_removed":["Pain"],"damage_healed":0,"gold_gain":0,"player_choice":"Card Removal","damage_taken":0,"max_hp_gain":0,"max_hp_loss":0,"event_name":"The Cleric","floor":9,"gold_loss":0}],"is_beta":false,"boss_relics":[{"not_picked":["Slimebound:AbsorbEndCombatUpgraded","Philosopher\u0027s Stone"],"picked":"Astrolabe"}],"items_purged_floors":[3],"is_endless":false,"potions_floor_spawned":[14,15,16,20,22,25,29,32],"killed_by":"downfall:Watcher","ascension_level":0}}