{"host":"o0q01dgb4z8zpo6o","time":1609988172,"event":{"mods":["BaseMod","GifTheSpireLib","Minty Spire (QoL Compilation)","Relic Stats","StSLib"],"gold_per_floor":[111,161,61,79,79,112,131,131,131,143,143,175,187,203,203,282,282,300,119,119,169,80,80,80],"floor_reached":23,"playtime":1270,"items_purged":["Strike_B","Strike_B"],"score":426,"play_id":"6aa51927-bbcf-4139-af2e-0fddcce10917","local_time":"20210106185612","is_ascension_mode":true,"campfire_choices":[{"data":"Dualcast","floor":8,"key":"SMITH"},{"data":"Seek","floor":11,"key":"SMITH"},{"data":"Coolheaded","floor":15,"key":"SMITH"}],"circlet_count":0,"master_deck":["AscendersBane","Strike_B","Strike_B","Defend_B+1","Defend_B","Defend_B","Defend_B","Zap+1","Dualcast+1","Compile Driver","Conserve Battery","Seek+1","Auto Shields","Ball Lightning","Rebound","Gash","Coolheaded+1","Hyperbeam","Core Surge","Go for the Eyes+1","Defragment","White Noise"],"relics":["FrozenCore","NeowsBlessing","Kunai","Question Card","War Paint"],"acts_visited":["Exordium","TheCity"],"potions_floor_usage":[13,18],"damage_taken":[{"damage":0,"enemies":"2 Louse","floor":1,"turns":1},{"damage":0,"enemies":"Cultist","floor":4,"turns":1},{"damage":0,"enemies":"3 Sentries","floor":6,"turns":1},{"damage":2,"enemies":"Small Slimes","floor":7,"turns":3},{"damage":7,"enemies":"Exordium Wildlife","floor":10,"turns":3},{"damage":20,"enemies":"Lagavulin","floor":12,"turns":6},{"damage":12,"enemies":"Large Slime","floor":13,"turns":4},{"damage":0,"enemies":"2 Fungi Beasts","floor":14,"turns":3},{"damage":5,"enemies":"The Guardian","floor":16,"turns":11},{"damage":19,"enemies":"2 Thieves","floor":18,"turns":4},{"damage":40,"enemies":"Gremlin Leader","floor":23,"turns":4}],"seed_played":"7398904798450481615","potions_obtained":[{"floor":10,"key":"SneckoOil"},{"floor":13,"key":"Block Potion"},{"floor":14,"key":"Ancient Potion"}],"is_trial":false,"path_per_floor":["M","?","$","M","$","E","M","R","T","M","R","E","M","M","R","B",null,"M","$","?","?","$","E"],"character_chosen":"DEFECT","items_purchased":["Conserve Battery","Defragment","White Noise"],"campfire_rested":0,"item_purchase_floors":[3,19,22],"current_hp_per_floor":[64,57,57,57,57,57,55,55,55,48,48,28,16,16,16,11,56,37,37,37,37,37,0,0],"gold":80,"neow_bonus":"THREE_ENEMY_KILL","is_daily":false,"chose_seed":false,"campfire_upgraded":3,"win_rate":0.0,"timestamp":1609988172,"path_taken":["M","?","$","?","?","E","?","R","T","M","R","E","M","M","R","BOSS","M","$","?","?","?","E"],"items_purchased_type":["Card","Card","Card"],"build_version":"2020-12-22","purchased_purges":2,"victory":false,"max_hp_per_floor":[71,71,71,71,71,71,71,71,71,71,71,71,71,71,71,71,71,71,71,71,71,71,71,71],"relic_stats":{"counters":[11,41],"Kunai":[10],"War Paint":["Zap","Defend_B"],"Question Card":6,"obtain_stats":[{"NeowsBlessing":0,"Kunai":6,"War Paint":12,"Cracked Core":0,"Question Card":9,"FrozenCore":17},{"NeowsBlessing":0,"Kunai":3,"War Paint":6,"Cracked Core":0,"Question Card":4,"FrozenCore":9},{"NeowsBlessing":0,"Kunai":3,"War Paint":15,"Cracked Core":0,"Question Card":6,"FrozenCore":33}],"FrozenCore":[3]},"card_choices":[{"not_picked":["Stack","Barrage"],"picked":"Compile Driver","floor":1},{"not_picked":["Hologram","Beam Cell"],"picked":"Seek","floor":4},{"not_picked":["Stack","Blizzard"],"picked":"Auto Shields","floor":6},{"not_picked":["Reprogram","Fusion"],"picked":"Ball Lightning","floor":7},{"not_picked":["Tempest","Self Repair","Rip and Tear"],"picked":"Rebound","floor":10},{"not_picked":["Stack","Barrage","Storm"],"picked":"Gash","floor":12},{"not_picked":["Leap","Gash","Sunder"],"picked":"Coolheaded","floor":13},{"not_picked":["Barrage","Fusion","Rip and Tear"],"picked":"Hyperbeam","floor":14},{"not_picked":["Reboot","Seek","Buffer"],"picked":"Core Surge","floor":16},{"not_picked":["Compile Driver","Turbo+1","Blizzard"],"picked":"Go for the Eyes+1","floor":18}],"player_experience":1051026,"relics_obtained":[{"floor":6,"key":"Kunai"},{"floor":9,"key":"Question Card"},{"floor":12,"key":"War Paint"}],"event_choices":[{"damage_healed":0,"gold_gain":50,"player_choice":"Touch","damage_taken":7,"max_hp_gain":0,"max_hp_loss":0,"event_name":"FaceTrader","floor":2,"gold_loss":0},{"damage_healed":0,"gold_gain":0,"player_choice":"Ignored","damage_taken":0,"max_hp_gain":0,"max_hp_loss":0,"event_name":"Cursed Tome","floor":20,"gold_loss":0},{"damage_healed":0,"gold_gain":50,"player_choice":"Stole From Cult","damage_taken":0,"max_hp_gain":0,"max_hp_loss":0,"event_name":"Nest","floor":21,"gold_loss":0}],"is_beta":false,"boss_relics":[{"not_picked":["Ectoplasm","Calling Bell"],"picked":"FrozenCore"}],"items_purged_floors":[3,19],"is_endless":false,"potions_floor_spawned":[10,13,14],"killed_by":"Gremlin Leader","ascension_level":18}}