{"host":"mydft8i2zzydgggw","time":1609990512,"event":{"mods":["AchievementEnabler","BaseMod","BetterRewards","Colored Map","Colored Powertips","DeckTracker","Keyboard Shortcuts","Minty Spire (QoL Compilation)","Quick Restart","Rare Cards Sparkle","StSLib","SuperFastMode","The Poker Player","everything is the same but u backflip on backflip"],"gold_per_floor":[114,114,39,52,52,78,153,153,176,176,22,56,71,101,101,206,206,219,219,230,230,230,259,259,275,357,357,368,22,22,22,22,22,22],"floor_reached":33,"playtime":661,"items_purged":["Defend_R","Writhe"],"score":362,"play_id":"ff3c64ed-3734-4a9d-908c-8d61cd8d9b90","local_time":"20210107123512","is_ascension_mode":true,"campfire_choices":[{"data":"Thunderclap","floor":10.0,"key":"SMITH"},{"data":"Uppercut","floor":15,"key":"SMITH"},{"floor":27,"key":"REST"},{"floor":32,"key":"REST"}],"circlet_count":0,"master_deck":["Strike_R+1","Strike_R+1","Strike_R+1","Defend_R","Defend_R","Defend_R","Bash+1","Thunderclap+1","Bloodletting","Entrench","Uppercut+1","Barricade","Impervious","Barricade"],"relics":["Burning Blood","NeowsBlessing","Bronze Scales","Juzu Bracelet","Pen Nib","Whetstone","Runic Pyramid","Nloth\u0027s Gift","Oddly Smooth Stone","Smiling Mask","Bottled Flame","Nunchaku"],"acts_visited":["Exordium","TheCity"],"potions_floor_usage":[12,20,28,29],"damage_taken":[{"damage":0.0,"enemies":"2 Louse","floor":1.0,"turns":1.0},{"damage":0.0,"enemies":"Jaw Worm","floor":4.0,"turns":1.0},{"damage":0.0,"enemies":"Lagavulin","floor":6.0,"turns":1.0},{"damage":3,"enemies":"Gremlin Nob","floor":12,"turns":2},{"damage":3,"enemies":"Small Slimes","floor":13,"turns":3},{"damage":27,"enemies":"Lagavulin","floor":14,"turns":6},{"damage":54,"enemies":"The Guardian","floor":16,"turns":11},{"damage":32,"enemies":"Shell Parasite","floor":18,"turns":5},{"damage":18,"enemies":"3 Byrds","floor":20,"turns":3},{"damage":28,"enemies":"Gremlin Leader","floor":23,"turns":7},{"damage":32,"enemies":"Snake Plant","floor":25,"turns":5},{"damage":40,"enemies":"3 Cultists","floor":28,"turns":6},{"damage":21,"enemies":"Colosseum Slavers","floor":30,"turns":4},{"damage":51,"enemies":"Collector","floor":33,"turns":9}],"seed_played":"4958002808650546598","potions_obtained":[{"floor":1.0,"key":"AttackPotion"},{"floor":6.0,"key":"FairyPotion"},{"floor":18,"key":"Fire Potion"},{"floor":25,"key":"Regen Potion"}],"is_trial":false,"path_per_floor":["M","?","$","M","?","E","?","?","T","R","$","E","M","E","R","B",null,"M","?","M","?","?","E","?","M","T","R","M","$","?","?","R","B"],"character_chosen":"IRONCLAD","items_purchased":["Pen Nib","Nunchaku","BloodPotion","EntropicBrew"],"campfire_rested":2,"item_purchase_floors":[11,29,29,29],"current_hp_per_floor":[80,80,80,80,85,85,74,57,57,57,57,60,63,42,42,20,85,59,59,47,47,31,9,39,13,13,40,21,39,24,24,51,0,0],"gold":22,"neow_bonus":"THREE_ENEMY_KILL","is_daily":false,"chose_seed":false,"campfire_upgraded":2,"win_rate":0.0,"timestamp":1609990512,"path_taken":["M","?","$","M","?","E","?","?","T","R","$","E","M","E","R","BOSS","M","?","M","?","?","E","?","M","T","R","M","?","?","?","R","BOSS"],"items_purchased_type":["Relic","Relic","Potion","Potion"],"build_version":"2020-12-22","purchased_purges":2,"victory":false,"max_hp_per_floor":[80,80,80,80,85,85,85,85,85,85,85,85,85,85,85,85,85,85,85,85,85,90,90,90,90,90,90,90,90,90,90,90,90,90],"card_choices":[{"not_picked":["Shrug It Off","Iron Wave","Sever Soul"],"picked":"SKIP","floor":1.0},{"not_picked":["Twin Strike","Uppercut"],"picked":"Thunderclap","floor":4.0},{"not_picked":["Sword Boomerang","True Grit"],"picked":"Bloodletting","floor":6.0},{"not_picked":["Thunderclap","Spot Weakness"],"picked":"Entrench","floor":12},{"not_picked":["Wild Strike","Twin Strike","Second Wind"],"picked":"SKIP","floor":13},{"not_picked":["Sword Boomerang","Heavy Blade"],"picked":"Uppercut","floor":14},{"not_picked":["Fiend Fire","Immolate"],"picked":"Barricade","floor":16},{"not_picked":["True Grit","Pommel Strike","Wild Strike+1"],"picked":"SKIP","floor":18},{"not_picked":["Dual Wield+1","Spot Weakness","Cleave"],"picked":"SKIP","floor":20},{"not_picked":["Metallicize","Iron Wave+1"],"picked":"Impervious","floor":23},{"not_picked":["Seeing Red","Bloodletting+1","Clothesline"],"picked":"SKIP","floor":25},{"not_picked":["Iron Wave","Clash","Pommel Strike"],"picked":"SKIP","floor":28}],"player_experience":133993,"relics_obtained":[{"floor":6.0,"key":"Bronze Scales"},{"floor":9.0,"key":"Juzu Bracelet"},{"floor":12,"key":"Ancient Tea Set"},{"floor":14,"key":"Whetstone"},{"floor":23,"key":"Smiling Mask"},{"floor":26,"key":"Bottled Flame"}],"event_choices":[{"cards_removed":["Strike_R"],"damage_healed":0.0,"max_hp_gain":0.0,"max_hp_loss":0.0,"gold_gain":0.0,"event_name":"Living Wall","player_choice":"Forget","floor":2.0,"gold_loss":0.0,"damage_taken":0.0},{"damage_healed":0.0,"max_hp_gain":5.0,"max_hp_loss":0.0,"gold_gain":0.0,"event_name":"Big Fish","player_choice":"Donut","floor":5.0,"gold_loss":0.0,"damage_taken":0.0},{"damage_healed":0.0,"max_hp_gain":0.0,"max_hp_loss":0.0,"gold_gain":75.0,"event_name":"World of Goop","player_choice":"Gather Gold","floor":7.0,"gold_loss":0.0,"damage_taken":11.0},{"damage_healed":0.0,"max_hp_gain":0.0,"max_hp_loss":0.0,"gold_gain":0.0,"event_name":"Shining Light","player_choice":"Entered Light","floor":8.0,"gold_loss":0.0,"damage_taken":17.0,"cards_upgraded":["Strike_R","Strike_R"]},{"damage_healed":0,"gold_gain":0,"player_choice":"Traded Relic","damage_taken":0,"relics_obtained":["Nloth\u0027s Gift"],"max_hp_gain":0,"max_hp_loss":0,"event_name":"N\u0027loth","floor":19,"relics_lost":["Ancient Tea Set"],"gold_loss":0},{"damage_healed":0,"gold_gain":0,"player_choice":"Opened","damage_taken":0,"relics_obtained":["Oddly Smooth Stone"],"max_hp_gain":0,"max_hp_loss":0,"event_name":"The Mausoleum","floor":21,"gold_loss":0,"cards_obtained":["Writhe"]},{"damage_healed":0,"gold_gain":0,"player_choice":"Shed Blood","damage_taken":21,"max_hp_gain":5,"max_hp_loss":0,"event_name":"Forgotten Altar","floor":22,"gold_loss":0},{"damage_healed":30,"gold_gain":0,"player_choice":"Heal","damage_taken":0,"max_hp_gain":0,"max_hp_loss":0,"event_name":"The Library","floor":24,"gold_loss":0},{"damage_healed":0,"gold_gain":0,"player_choice":"Fight","damage_taken":0,"max_hp_gain":0,"max_hp_loss":0,"event_name":"Colosseum","floor":30,"gold_loss":0},{"damage_healed":0,"gold_gain":0,"player_choice":"Fled From Nobs","damage_taken":0,"max_hp_gain":0,"max_hp_loss":0,"event_name":"Colosseum","floor":30,"gold_loss":0},{"damage_healed":0,"gold_gain":0,"cards_transformed":["Strike_R"],"player_choice":"Transformed","damage_taken":0,"max_hp_gain":0,"max_hp_loss":0,"event_name":"Transmorgrifier","floor":31,"gold_loss":0,"cards_obtained":["Barricade"]}],"is_beta":false,"boss_relics":[{"not_picked":["Ectoplasm","SlaversCollar"],"picked":"Runic Pyramid"}],"items_purged_floors":[3,29],"is_endless":false,"potions_floor_spawned":[1,6,18,25],"killed_by":"Collector","ascension_level":2}}