{"host":"x2ek6o6i0zlpy2ld","time":1609981546,"event":{"mods":["AchievementEnabler","BaseMod","Downfall","Minty Spire (QoL Compilation)","Quick Restart","StSLib"],"gold_per_floor":[99,118,118,132,42,81,131,157,186,199,49,69,62,82,94,190,190,115,138,162,185,178,213,213,229,88,88,107,107,121,137,137,137,137],"floor_reached":32,"playtime":3290,"items_purged":["Pain"],"score":328,"play_id":"ddb10c80-4409-417d-b86d-6b0985742268","local_time":"20210106190546","is_ascension_mode":false,"campfire_choices":[{"floor":1,"key":"RECALL"},{"data":"hexamod:TimeOfNeed","floor":11,"key":"SMITH"},{"data":"hexamod:RadiantFlame","floor":18,"key":"SMITH"},{"floor":29,"key":"REST"}],"circlet_count":0,"master_deck":["hexamod:Strike","hexamod:Strike+1","hexamod:Strike+1","hexamod:Strike+1","hexamod:Defend+1","hexamod:Defend+1","hexamod:Defend+1","hexamod:Defend+1","hexamod:Sear","hexamod:Float","hexamod:DynamicBlow","hexamod:SpectersWail","hexamod:SecondSeal","hexamod:TimeOfNeed+1","hexamod:NightmareGuise","hexamod:ThirdSeal","hexamod:RadiantFlame+1","hexamod:Firestarter+1","hexamod:EmpoweredFlame","hexamod:UnleashSpirits","hexamod:EmpoweredFlame","hexamod:HauntingEcho","hexamod:GhostShield","hexamod:SkipABeat","hexamod:SixthSeal","hexamod:FifthSeal","hexamod:FirstSeal","hexamod:GhostOfSpireFuture+1","hexamod:SoulSteal","hexamod:RecurringNightmare+1","hexamod:FourthSeal","hexamod:Hexaguard+1","hexamod:SixthSeal","hexamod:BurningTouch+1","hexamod:NightmareGuise+1","hexamod:BurningTouch","hexamod:SixthSeal","hexamod:ExtraCrispy+1","hexamod:ShieldOfDarkness+1","hexamod:ShieldOfDarkness+1","hexamod:ThermalTransfer+1","hexamod:CrushingStance+1","hexamod:ThermalTransfer+1","hexamod:GhostLash+1","hexamod:ParanormalForm"],"relics":["hexamod:SpiritBrand","WarpedTongs","Toy Ornithopter","The Courier","downfall:HeartBlessingBlue","downfall:HeartBlessingGreen","Sozu","downfall:HeartBlessingRed","Omamori","Molten Egg 2","Nunchaku"],"acts_visited":["Exordium","TheCity"],"potions_floor_usage":[9,10,21],"damage_taken":[{"damage":6,"enemies":"Jaw Worm","floor":2,"turns":3},{"damage":3,"enemies":"Cultist","floor":4,"turns":3},{"damage":4,"enemies":"downfall:FleeingMerchant","floor":5,"turns":4},{"damage":13,"enemies":"3 Sentries","floor":6,"turns":9},{"damage":8,"enemies":"2 Louse","floor":8,"turns":3},{"damage":12,"enemies":"Gremlin Nob","floor":9,"turns":5},{"damage":10,"enemies":"Exordium Thugs","floor":10,"turns":4},{"damage":0,"enemies":"3 Louse","floor":12,"turns":3},{"damage":0,"enemies":"downfall:FleeingMerchant","floor":13,"turns":4},{"damage":3,"enemies":"Gremlin Gang","floor":14,"turns":6},{"damage":15,"enemies":"Lots of Slimes","floor":15,"turns":5},{"damage":14,"enemies":"downfall:Watcher","floor":16,"turns":9},{"damage":18,"enemies":"Spheric Guardian","floor":19,"turns":8},{"damage":26,"enemies":"Snake Plant","floor":20,"turns":7},{"damage":2,"enemies":"Cultist and Chosen","floor":21,"turns":7},{"damage":5,"enemies":"downfall:FleeingMerchant","floor":22,"turns":4},{"damage":58,"enemies":"Gremlin Leader","floor":23,"turns":8},{"damage":10,"enemies":"Centurion and Healer","floor":25,"turns":9},{"damage":0,"enemies":"downfall:FleeingMerchant","floor":26,"turns":4},{"damage":0,"enemies":"Snake Plant","floor":28,"turns":3},{"damage":5,"enemies":"Snecko","floor":30,"turns":6},{"damage":28,"enemies":"Cultist and Chosen","floor":31,"turns":6},{"damage":11,"enemies":"Chosen and Byrds","floor":32,"turns":4}],"seed_played":"-385653910075687322","potions_obtained":[{"floor":2,"key":"sneckomod:MuddlingPotion"},{"floor":8,"key":"AttackPotion"},{"floor":9,"key":"DuplicationPotion"},{"floor":10,"key":"BlessingOfTheForge"},{"floor":15,"key":"LiquidMemories"}],"is_trial":false,"path_per_floor":["R","M","?","M","$","E","T","M","E","M","R","M","$","M","M","B",null,"R","M","M","M","$","E","T","M","$","?","M","R","M","M","M"],"character_chosen":"THE_SPIRIT","items_purchased":["Nunchaku"],"campfire_rested":1,"item_purchase_floors":[26],"current_hp_per_floor":[77,71,71,68,64,51,51,43,36,31,41,41,41,38,23,9,87,87,69,50,60,62,11,11,8,8,8,8,34,36,8,0,0,0],"gold":137,"neow_bonus":"TEN_PERCENT_HP_BONUS","is_daily":false,"chose_seed":false,"campfire_upgraded":2,"win_rate":0.0,"timestamp":1609981546,"path_taken":["R","M","?","?","$","E","T","M","E","M","R","M","?","M","M","BOSS","R","M","M","M","?","E","T","M","?","?","M","R","M","?","M"],"items_purchased_type":["Relic"],"build_version":"2020-12-22","purchased_purges":1,"victory":false,"max_hp_per_floor":[77,77,77,77,77,77,77,77,77,77,87,87,87,87,87,87,87,87,87,87,87,87,87,87,87,87,87,87,87,87,87,87,87,87],"card_choices":[{"not_picked":["hexamod:Haunt","hexamod:SpectralAdrenaline"],"picked":"hexamod:DynamicBlow","floor":2},{"not_picked":["hexamod:BacktrackSmack","hexamod:ShieldOfDarkness"],"picked":"hexamod:SpectersWail","floor":4},{"not_picked":["hexamod:SpectersWail","hexamod:NightmareStrike"],"picked":"hexamod:SecondSeal","floor":5},{"not_picked":["hexamod:CatchUp","hexamod:CrushingStance"],"picked":"hexamod:TimeOfNeed","floor":6},{"not_picked":["hexamod:Rewind","hexamod:NightmareStrike"],"picked":"hexamod:NightmareGuise","floor":8},{"not_picked":["hexamod:FastForward","hexamod:InspiringFlames"],"picked":"hexamod:ThirdSeal","floor":9},{"not_picked":["hexamod:Again","hexamod:GhostOfSpirePast"],"picked":"hexamod:RadiantFlame","floor":10},{"not_picked":["hexamod:BacktrackSmack","hexamod:SpectersWail"],"picked":"hexamod:Firestarter","floor":10},{"not_picked":["hexamod:AdvancingGuard","hexamod:SpectersWail"],"picked":"hexamod:EmpoweredFlame","floor":12},{"not_picked":["hexamod:RetreatToShadows","hexamod:GhostOfSpireFuture"],"picked":"hexamod:UnleashSpirits","floor":13},{"not_picked":["hexamod:RetreatToShadows","hexamod:NightmareGuise"],"picked":"hexamod:EmpoweredFlame","floor":13},{"not_picked":["hexamod:EtherealExpedition","hexamod:RainOfEmbers"],"picked":"hexamod:HauntingEcho","floor":14},{"not_picked":["hexamod:SoulSteal","hexamod:RainOfEmbers"],"picked":"hexamod:GhostShield","floor":15},{"not_picked":["hexamod:BacktrackSmack","hexamod:SpectersWail"],"picked":"hexamod:SkipABeat","floor":15},{"not_picked":["hexamod:SearingWound","hexamod:TurnItUp"],"picked":"hexamod:SixthSeal","floor":16},{"not_picked":["hexamod:GhostflameInferno","hexamod:TurnItUp"],"picked":"hexamod:FifthSeal","floor":16},{"not_picked":["hexamod:SixthSeal","hexamod:SecondSeal"],"picked":"hexamod:FirstSeal","floor":19},{"not_picked":["hexamod:GhostShield+1","hexamod:BacktrackSmack"],"picked":"hexamod:GhostOfSpireFuture+1","floor":19},{"not_picked":["hexamod:PhantomFireball","hexamod:SwordOfDarkness"],"picked":"hexamod:SoulSteal","floor":19},{"not_picked":["hexamod:CrushingStance","hexamod:GhostLash"],"picked":"hexamod:RecurringNightmare+1","floor":20},{"not_picked":["hexamod:SecondSeal","hexamod:ThirdSeal"],"picked":"hexamod:FourthSeal","floor":20},{"not_picked":["hexamod:Rewind","hexamod:Haunt"],"picked":"hexamod:Hexaguard+1","floor":20},{"not_picked":["hexamod:FourthSeal","hexamod:SecondSeal"],"picked":"hexamod:SixthSeal","floor":21},{"not_picked":["hexamod:HeatMetal","hexamod:Rewind"],"picked":"hexamod:BurningTouch","floor":21},{"not_picked":["hexamod:CatchUp","hexamod:ThermalTransfer"],"picked":"hexamod:NightmareGuise+1","floor":21},{"not_picked":["hexamod:NightmareStrike","hexamod:RainOfEmbers"],"picked":"hexamod:BurningTouch","floor":22},{"not_picked":["hexamod:FirstSeal","hexamod:FourthSeal"],"picked":"hexamod:SixthSeal","floor":22},{"not_picked":["hexamod:HauntingEcho","hexamod:RecurringNightmare"],"picked":"hexamod:ExtraCrispy","floor":22},{"not_picked":["hexamod:FastForward","hexamod:Hexaguard"],"picked":"hexamod:ShieldOfDarkness+1","floor":23},{"not_picked":["hexamod:BacktrackSmack+1","hexamod:ChargedBarrage"],"picked":"hexamod:ShieldOfDarkness+1","floor":25},{"not_picked":["hexamod:DynamicBlow+1","hexamod:SwordOfDarkness+1"],"picked":"hexamod:ThermalTransfer+1","floor":26},{"not_picked":["hexamod:NightmareGuise","hexamod:Incineration+1"],"picked":"hexamod:CrushingStance+1","floor":28},{"not_picked":["hexamod:SpectersWail+1","hexamod:RainOfEmbers+1"],"picked":"hexamod:ThermalTransfer+1","floor":30},{"not_picked":["hexamod:NightmareStrike+1","hexamod:RainOfEmbers+1"],"picked":"hexamod:GhostLash+1","floor":31},{"not_picked":["hexamod:ExtraCrispy","hexamod:HeatCrush+1"],"picked":"hexamod:ParanormalForm","floor":31}],"player_experience":315053,"relics_obtained":[{"floor":6,"key":"Toy Ornithopter"},{"floor":9,"key":"The Courier"},{"floor":23,"key":"Omamori"},{"floor":24,"key":"Molten Egg 2"}],"event_choices":[{"damage_healed":0,"gold_gain":0,"player_choice":"Rummage","damage_taken":0,"relics_obtained":["WarpedTongs"],"max_hp_gain":0,"max_hp_loss":0,"event_name":"Accursed Blacksmith","floor":3,"gold_loss":0,"cards_obtained":["Pain"]}],"is_beta":false,"boss_relics":[{"not_picked":["Empty Cage","Astrolabe"],"picked":"Sozu"}],"items_purged_floors":[5],"is_endless":false,"potions_floor_spawned":[2,8,9,10,15,19,25,28,31],"killed_by":"Chosen and Byrds","ascension_level":0}}