{"host":"we0tvcz4okyzqurd","time":1609985341,"event":{"mods":["BaseMod","Colored Powertips","Downfall","Hermit","Hubris","Infinite Spire","Minty Spire (QoL Compilation)","Replay The Spire","StSLib","The Cursed","The IronCluck","The Jungle","The Runesmith"],"gold_per_floor":[119,130,106,121,138,164,164,184,211,211,25,25,43,70,130,235,235,247,247,247,257,41,41,51,78,103,114,114,176,210,221,221,324,324,343,388,136,136,136],"floor_reached":38,"playtime":1820,"items_purged":["TheCursedMod:Defend_TheCursed","TheCursedMod:Strike_TheCursed"],"score":449,"play_id":"573711e8-45a5-44c8-9a61-bc7e42bd1db5","local_time":"20210106180901","is_ascension_mode":false,"campfire_choices":[{"floor":7,"key":"REST"},{"data":"TheCursedMod:HellfireBreathing","floor":23,"key":"SMITH"},{"floor":32,"key":"REST"}],"circlet_count":0,"master_deck":["TheCursedMod:Strike_TheCursed","TheCursedMod:Strike_TheCursed","TheCursedMod:Strike_TheCursed","TheCursedMod:Defend_TheCursed+1","TheCursedMod:Defend_TheCursed","TheCursedMod:Defend_TheCursed","TheCursedMod:CleanUpWorkshop","TheCursedMod:Dregs","TheCursedMod:TacticalStrike","TheCursedMod:WearCloak","TheCursedMod:CursedAmulet+1","TheCursedMod:SurpriseAttack","hubris:DuctTapeCard","TheCursedMod:HellfireBreathing","TheCursedMod:CursedBlade","TheCursedMod:SoulReap","TheCursedMod:VoidForm","TheCursedMod:CursedBoomerang+1","TheCursedMod:HellfireBreathing+1","TheCursedMod:SurpriseAttack","TheCursedMod:AbyssShockwave","TheCursedMod:AbyssShockwave","infinitespire:DeathsTouch","ReplayTheSpireMod:Splinters","TheCursedMod:SpitefulStrike","TheCursedMod:LuckyCharm+1","TheCursedMod:SpitefulStrike","TheCursedMod:Wield+1","TheCursedMod:SpitefulPray+1","TheCursedMod:SpitefulStrike","TheCursedMod:HellfireBreathing+1"],"relics":["TheCursedMod:BlackMagic101","NeowsBlessing","hubris:DuctTape","Bronze Scales","Membership Card","hubris:Metronome","hubris:ScarierMask","Replay:Blank Codex","MutagenicStrength","Juzu Bracelet","Lee\u0027s Waffle","Frozen Egg 2","Runesmith:AutoHammer","War Paint","hubris:FunFungus","Replay:Grab Bag","Cursed Key","Replay:Bronze Core","hubris:Stopwatch","infinitespire:Lychee Nut","hubris:BundleOfHerbs"],"acts_visited":["Exordium","TheCity","TheBeyond"],"potions_floor_usage":[16,30,31,31,38],"damage_taken":[{"damage":0,"enemies":"infinitespire:Voidling","floor":1,"turns":1},{"damage":0,"enemies":"Cultist","floor":2,"turns":1},{"damage":0,"enemies":"Jaw Worm","floor":4,"turns":1},{"damage":1,"enemies":"2 Fungi Beasts","floor":5,"turns":4},{"damage":25,"enemies":"Replay:BlueRogue","floor":6,"turns":6},{"damage":0,"enemies":"3 Louse","floor":8,"turns":3},{"damage":5,"enemies":"Exordium Wildlife","floor":13,"turns":4},{"damage":2,"enemies":"3 Sentries","floor":14,"turns":5},{"damage":45,"enemies":"The Guardian","floor":16,"turns":11},{"damage":0,"enemies":"2 Thieves","floor":18,"turns":3},{"damage":8,"enemies":"3 Byrds","floor":21,"turns":3},{"damage":0,"enemies":"Centurion and Healer","floor":24,"turns":1},{"damage":0,"enemies":"Gremlin Leader","floor":25,"turns":3},{"damage":10,"enemies":"Cultist and Chosen","floor":27,"turns":2},{"damage":33,"enemies":"Replay:Snechameleon","floor":30,"turns":2},{"damage":0,"enemies":"Snecko","floor":31,"turns":3},{"damage":27,"enemies":"Champ","floor":33,"turns":9},{"damage":0,"enemies":"Orb Walker","floor":35,"turns":1},{"damage":0,"enemies":"2 Orb Walkers","floor":36,"turns":1},{"damage":13,"enemies":"infinitespire:Three Voidlings","floor":38,"turns":2},{"damage":62,"enemies":"Nightmare_Alpha","floor":38,"turns":2}],"seed_played":"3282347915952521608","potions_obtained":[{"floor":4,"key":"hexamod:EctoCoolerPotion"},{"floor":6,"key":"Fire Potion"},{"floor":10,"key":"Guardian:BlockOnCardUsePotion"},{"floor":10,"key":"Languid Potion"},{"floor":16,"key":"DistilledChaos"},{"floor":27,"key":"DistilledChaos"},{"floor":30,"key":"SkillPotion"},{"floor":33,"key":"PowerPotion"}],"is_trial":false,"path_per_floor":["M","M","$","M","M","E","R","M","T","?","$","$","M","E","R","B",null,"M","?","?","M","$","R","M","E","T","M","?","?","E","M","R","B",null,"M","?","$","?"],"character_chosen":"THE_CURSED","items_purchased":["TheCursedMod:Wield","Membership Card","TheCursedMod:HellfireBreathing","Juzu Bracelet","Lee\u0027s Waffle","TheCursedMod:SurpriseAttack","hubris:BundleOfHerbs","TheCursedMod:SpitefulStrike","TheCursedMod:HellfireBreathing+1"],"campfire_rested":2,"item_purchase_floors":[3,11,11,22,22,22,37,37,37],"current_hp_per_floor":[75,75,75,75,74,49,71,71,71,71,71,71,66,64,64,24,75,75,59,59,52,82,82,82,82,82,72,53,53,24,27,51,39,82,82,61,61,0,0],"gold":136,"neow_bonus":"THREE_ENEMY_KILL","is_daily":false,"chose_seed":false,"campfire_upgraded":1,"win_rate":0.0,"timestamp":1609985341,"path_taken":["M","M","$","?","M","E","R","M","T","?","?","$","M","E","R","BOSS","M","?","?","M","$","R","M","E","T","M","?","?","E","M","R","BOSS","M","?","$","?"],"items_purchased_type":["Card","Relic","Card","Relic","Relic","Card","Relic","Card","Card"],"build_version":"2020-12-22","purchased_purges":2,"victory":false,"max_hp_per_floor":[75,75,75,75,75,75,75,75,75,75,75,75,75,75,75,75,75,75,75,75,75,82,82,82,82,82,82,82,82,82,82,82,82,82,82,61,61,61,61],"card_choices":[{"not_picked":["TheCursedMod:Torture","TheCursedMod:SaltUponWound"],"picked":"TheCursedMod:TacticalStrike","floor":1},{"not_picked":["TheCursedMod:ReleasedKnowledge","TheCursedMod:CircleOfFlame"],"picked":"TheCursedMod:WearCloak","floor":2},{"not_picked":["TheCursedMod:VitalStrike","TheCursedMod:FleshFromBone"],"picked":"TheCursedMod:CursedAmulet","floor":4},{"not_picked":["TheCursedMod:ReleasedStrength","TheCursedMod:PrepareRite"],"picked":"TheCursedMod:SurpriseAttack","floor":5},{"not_picked":["TheCursedMod:RapidMovement","TheCursedMod:Neurasthenia","TheCursedMod:TacticalStrike"],"picked":"SKIP","floor":6},{"not_picked":["TheCursedMod:Obscuration","TheCursedMod:PrepareRite","TheCursedMod:SaltUponWound"],"picked":"SKIP","floor":8},{"not_picked":["TheCursedMod:FleshFromBone","TheCursedMod:Stretching"],"picked":"TheCursedMod:CursedBlade","floor":13},{"not_picked":["TheCursedMod:Stigma","TheCursedMod:RavingStaff"],"picked":"TheCursedMod:SoulReap","floor":14},{"not_picked":["TheCursedMod:AntiAging","TheCursedMod:DarkBarrier"],"picked":"TheCursedMod:VoidForm","floor":16},{"not_picked":["TheCursedMod:Torture","TheCursedMod:BlessingInDisguise"],"picked":"TheCursedMod:CursedBoomerang+1","floor":18},{"not_picked":["TheCursedMod:PrepareRite+1","TheCursedMod:Stigma+1"],"picked":"TheCursedMod:HellfireBreathing","floor":21},{"not_picked":["TheCursedMod:PrepareRite","TheCursedMod:Stigma"],"picked":"TheCursedMod:AbyssShockwave","floor":24},{"not_picked":["TheCursedMod:CursedShiv","TheCursedMod:FleshFromBone","TheCursedMod:VitalStrike+1"],"picked":"SKIP","floor":25},{"not_picked":["TheCursedMod:Torture+1","TheCursedMod:CircleOfAmplification"],"picked":"TheCursedMod:AbyssShockwave","floor":27},{"not_picked":["infinitespire:SealOfDarkness+","infinitespire:Starlight"],"picked":"infinitespire:DeathsTouch","floor":28},{"not_picked":["TheCursedMod:VitalStrike+1","TheCursedMod:SmokeScreen"],"picked":"TheCursedMod:SpitefulStrike","floor":29},{"not_picked":["TheCursedMod:ManaCirculation+1","TheCursedMod:Wield"],"picked":"TheCursedMod:LuckyCharm+1","floor":29},{"not_picked":["TheCursedMod:Torture","TheCursedMod:ReleasedStrength"],"picked":"TheCursedMod:SpitefulStrike","floor":30},{"not_picked":["TheCursedMod:CircleOfFlame+1","TheCursedMod:CursedBlade","TheCursedMod:CursedArmor"],"picked":"SKIP","floor":31},{"not_picked":["TheCursedMod:Torture","TheCursedMod:Stretching+1"],"picked":"TheCursedMod:Wield+1","floor":35},{"not_picked":["TheCursedMod:Hemoplague+1","TheCursedMod:CursedArmor+1"],"picked":"TheCursedMod:SpitefulPray+1","floor":36}],"player_experience":461054,"relics_obtained":[{"floor":6,"key":"hubris:DuctTape"},{"floor":9,"key":"Bronze Scales"},{"floor":14,"key":"hubris:Metronome"},{"floor":19,"key":"Replay:Blank Codex"},{"floor":25,"key":"Frozen Egg 2"},{"floor":26,"key":"Runesmith:AutoHammer"},{"floor":29,"key":"War Paint"},{"floor":30,"key":"hubris:FunFungus"},{"floor":36,"key":"infinitespire:Lychee Nut"}],"event_choices":[{"damage_healed":0,"gold_gain":0,"player_choice":"Got Potions","damage_taken":0,"max_hp_gain":0,"max_hp_loss":0,"event_name":"Lab","floor":10,"gold_loss":0},{"damage_healed":0,"gold_gain":0,"player_choice":"Obtained Book","damage_taken":16,"max_hp_gain":0,"max_hp_loss":0,"event_name":"Cursed Tome","floor":19,"gold_loss":0},{"damage_healed":0,"gold_gain":0,"player_choice":"Inject Mutagens","damage_taken":0,"relics_obtained":["MutagenicStrength"],"max_hp_gain":0,"max_hp_loss":0,"event_name":"Drug Dealer","floor":20,"gold_loss":0},{"damage_healed":0,"gold_gain":0,"player_choice":"Fight","damage_taken":0,"max_hp_gain":0,"max_hp_loss":0,"event_name":"Mysterious Sphere","floor":36,"gold_loss":0}],"is_beta":false,"boss_relics":[{"not_picked":["Replay:Ancient Bell","Busted Crown"],"picked":"hubris:ScarierMask"},{"not_picked":["hubris:VirtuousBlindfold","Ring of Chaos"],"picked":"Replay:Grab Bag"},{"not_picked":["TheCursedMod:OminousMark","Abe\u0027s Treasure"],"picked":"Cursed Key"},{"not_picked":["Runic Dome","hubris:RunicObelisk"],"picked":"Replay:Bronze Core"},{"not_picked":["Black Star","Snecko Eye"],"picked":"hubris:Stopwatch"}],"items_purged_floors":[22,37],"is_endless":false,"potions_floor_spawned":[4,6,13,16,24,25,27,30,33,38],"killed_by":"Nightmare_Alpha","ascension_level":0}}