{"host":"fbx1xozvurcjx58m","time":1609980856,"event":{"mods":["AchievementEnabler","BaseMod","Colored Map","Colored Powertips","Downfall","Googly Eyes","Highlight Path","Minty Spire (QoL Compilation)","Replay The Spire","Shop Mod","StSLib","The Animator"],"gold_per_floor":[99,99,99,124,124,149,149,42,217,227,227,227,246,263,188,235,254,355,355,280,294,308,408,25,25,25,43,57,57,57,86,186,216,228,328,328,253,268,286,356,374,405,405,455,12,34,112,112,138,3,29,29,29,29,29,29],"floor_reached":54,"playtime":5329,"items_purged":[],"score":834,"play_id":"9dfed13b-dbfa-4347-aed3-1365e8dc7336","local_time":"20210106195416","is_ascension_mode":false,"campfire_choices":[{"floor":15,"key":"RECALL"},{"data":"Slimebound:CorrosiveSpit","floor":20,"key":"SMITH"},{"data":"Slimebound:FirmFortitude","floor":25,"key":"SMITH"},{"data":"Slimebound:Split","floor":30,"key":"SMITH"},{"data":"1","floor":37,"key":"LIFT"},{"data":"2","floor":48,"key":"LIFT"}],"circlet_count":0,"master_deck":["Slimebound:Tackle","Slimebound:Defend_Slimebound","Slimebound:Defend_Slimebound","Slimebound:Defend_Slimebound","Slimebound:Defend_Slimebound","Slimebound:Split+1","Slimebound:CorrosiveSpit+1","Slimebound:LeechingTouch","Slimebound:RollThrough","Slimebound:MegaLick","Slimebound:SplitMire","Slimebound:Prepare","Slimebound:FinishingTackle+1","Slimebound:FinishingTackle+1","Slimebound:SplitAcid","Doubt","Slimebound:RejuvenatingLick","Slimebound:ItLooksTasty+1","Slimebound:RollThrough+1","Slimebound:GrowthPunch+1","Slimebound:OneTwoCombo+1","Slimebound:FirmFortitude+1","Slimebound:LevelUp+1","Slimebound:Schlurp+1","Replay:SS_hec_1","Slimebound:HauntingLick","Slimebound:ViciousTackle+1","Slimebound:LeechEnergy+1","Bite+1","Bite+1","Bite+1","Bite+1","Bite+1","Slimebound:LivingWall","Slimebound:Nibble+1","Slimebound:SamplingLick+1","Slimebound:DouseInSlime","Slimebound:ProtectTheBoss+1","Slimebound:ViciousTackle+1","Parasite","Slimebound:LivingWall+1","Slimebound:Repurpose+1","Slimebound:GoopSpray+1","Slimebound:CorrosiveSpit+1","Slimebound:SlimeTap","Slimebound:FinishingTackle+1","Slimebound:LeechEnergy+1","Slimebound:SlimeSpikes","Slimebound:GoopTackle+1","Slimebound:Gluttony+1","Panache","Slimebound:PressTheAttack+1"],"relics":["Slimebound:AbsorbEndCombat","downfall:HeartsMalice","Thread and Needle","Molten Egg 2","downfall:HeartBlessingBlue","Strawberry","Painkiller Herb","downfall:HeartBlessingRed","Bottled Flame","Pocketwatch","downfall:CloakOfManyFaces","CultistMask","FaceOfCleric","NlothsMask","GremlinMask","SsserpentHead","Girya","Black Star","downfall:HeartBlessingGreen","Toy Ornithopter","Mercury Hourglass","PreservedInsect","CeramicFish","Turnip"],"acts_visited":["Exordium","TheCity","TheBeyond","TheEnding"],"potions_floor_usage":[6,6,14,17,18,21,22,27,31,33,35,39,40,45,46,47,51,52],"damage_taken":[{"damage":0,"enemies":"Cultist","floor":2,"turns":1},{"damage":0,"enemies":"Small Slimes","floor":3,"turns":1},{"damage":0,"enemies":"Jaw Worm","floor":5,"turns":1},{"damage":24,"enemies":"Lagavulin","floor":6,"turns":5},{"damage":8,"enemies":"downfall:FleeingMerchant","floor":8,"turns":4},{"damage":25,"enemies":"Large Slime","floor":10,"turns":5},{"damage":5,"enemies":"2 Fungi Beasts","floor":13,"turns":4},{"damage":4,"enemies":"3 Louse","floor":14,"turns":3},{"damage":0,"enemies":"Lots of Slimes","floor":17,"turns":1},{"damage":47,"enemies":"downfall:Ironclad","floor":18,"turns":9},{"damage":10,"enemies":"3 Byrds","floor":21,"turns":4},{"damage":10,"enemies":"Centurion and Healer","floor":22,"turns":4},{"damage":4,"enemies":"downfall:FleeingMerchant","floor":24,"turns":4},{"damage":17,"enemies":"3 Cultists","floor":27,"turns":4},{"damage":3,"enemies":"Chosen and Byrds","floor":28,"turns":4},{"damage":14,"enemies":"Slavers","floor":31,"turns":3},{"damage":8,"enemies":"downfall:FaceTrader","floor":32,"turns":4},{"damage":58,"enemies":"Replay:Snechameleon","floor":33,"turns":5},{"damage":19,"enemies":"Snake Plant","floor":34,"turns":3},{"damage":20,"enemies":"downfall:Watcher","floor":35,"turns":8},{"damage":12,"enemies":"3 Darklings","floor":38,"turns":5},{"damage":4,"enemies":"3 Shapes","floor":39,"turns":3},{"damage":36,"enemies":"Writhing Mass","floor":40,"turns":5},{"damage":21,"enemies":"Spire Growth","floor":41,"turns":4},{"damage":12,"enemies":"R_Hoarder","floor":42,"turns":7},{"damage":8,"enemies":"downfall:FleeingMerchant","floor":45,"turns":4},{"damage":15,"enemies":"4 Shapes","floor":46,"turns":2},{"damage":15,"enemies":"Transient","floor":47,"turns":5},{"damage":11,"enemies":"Sphere and 2 Shapes","floor":49,"turns":4},{"damage":0,"enemies":"downfall:FleeingMerchant","floor":50,"turns":1},{"damage":23,"enemies":"Jaw Worm Horde","floor":51,"turns":3},{"damage":56,"enemies":"downfall:Silent","floor":52,"turns":9},{"damage":121,"enemies":"downfall:CharBossMerchant","floor":54,"turns":7}],"seed_played":"3394955371629311267","potions_obtained":[{"floor":1,"key":"CultistPotion"},{"floor":1,"key":"Fire Potion"},{"floor":13,"key":"LifebloodPotion"},{"floor":14,"key":"Explosive Potion"},{"floor":17,"key":"AttackPotion"},{"floor":18,"key":"BlessingOfTheForge"},{"floor":21,"key":"Reflective Coating"},{"floor":27,"key":"Slimebound:SlimedPotion"},{"floor":32,"key":"Guardian:BlockOnCardUsePotion"},{"floor":34,"key":"GamblersBrew"},{"floor":38,"key":"Death Potion"},{"floor":39,"key":"Milkshake"},{"floor":42,"key":"Swift Potion"},{"floor":46,"key":"Toxic Potion"},{"floor":49,"key":"Strength Potion"}],"is_trial":false,"path_per_floor":["R_BF","M","M","T","M","E","T","$","?","M","PTL","PTL","M","M","R","T","M","B",null,"T","?","?","?","T","T","T","?","?","?","T","E","?","E","?","B",null,"T","?","?","?","?","E","T","?","T","?","?","T","?","T","?","B",null,"E"],"character_chosen":"SLIMEBOUND","items_purchased":["Slimebound:FinishingTackle+1","Slimebound:SplitAcid","Replay:SS_hec_1","Blood Vial","Slimebound:HauntingLick","Fire Potion","PreservedInsect","CeramicFish","Slimebound:SlimeTap","Adrenaline Potion","Slimebound:FinishingTackle+1","Turnip","Panache","Slimebound:SlimedPotion"],"campfire_rested":0,"item_purchase_floors":[8,8,24,24,24,24,45,45,45,45,45,50,50,50],"current_hp_per_floor":[60,60,60,60,60,44,44,56,56,51,51,51,60,60,70,77,77,72,77,77,77,71,71,77,77,77,64,77,77,77,77,77,48,57,80,80,80,81,82,59,74,81,81,81,86,87,73,73,79,80,89,72,92,0,0,0],"gold":29,"neow_bonus":"THREE_ENEMY_KILL","is_daily":false,"chose_seed":false,"campfire_upgraded":3,"win_rate":0.0,"timestamp":1609980856,"path_taken":["R_BF","M","M","?","M","E","T","$","?","M","PTL","PTL","M","M","R","?","M","BOSS","T","?","?","?","T","T","T","?","?","?","T","E","?","E","?","BOSS","T","?","?","?","?","E","T","?","T","?","?","T","?","?","?","BOSS","E"],"items_purchased_type":["Card","Card","Card","Relic","Card","Potion","Relic","Relic","Card","Potion","Card","Relic","Card","Potion"],"build_version":"2020-12-22","purchased_purges":0,"victory":false,"max_hp_per_floor":[60,60,60,60,60,60,60,60,60,60,60,60,60,60,70,77,77,77,77,77,77,77,77,77,77,77,77,77,77,77,77,77,78,79,80,80,80,81,82,83,84,85,85,85,86,87,88,88,89,90,91,92,92,92,92,92],"card_choices":[{"not_picked":["Slimebound:Prepare","Slimebound:Equalize"],"picked":"Slimebound:LeechingTouch","floor":2},{"not_picked":["Slimebound:Equalize","Slimebound:SlimeBarrage"],"picked":"Slimebound:RollThrough","floor":3},{"not_picked":["Slimebound:SlimeSpikes","Slimebound:SplitBruiser"],"picked":"Slimebound:MegaLick","floor":5},{"not_picked":["Slimebound:LeechEnergy","Slimebound:SplitLeeching"],"picked":"Slimebound:SplitMire","floor":6},{"not_picked":["Slimebound:Gluttony","Slimebound:SamplingLick"],"picked":"Slimebound:Prepare","floor":8},{"not_picked":["Slimebound:FinishingTackle+1","Slimebound:Chomp+1"],"picked":"Slimebound:RejuvenatingLick","floor":10},{"not_picked":["Slimebound:Chomp+1","Slimebound:Repurpose"],"picked":"Slimebound:ItLooksTasty+1","floor":13},{"not_picked":["Slimebound:SplitLeeching","Slimebound:ComboTackle+1"],"picked":"Slimebound:RollThrough+1","floor":14},{"not_picked":["Slimebound:Grow","Slimebound:SplitMire"],"picked":"Slimebound:GrowthPunch+1","floor":17},{"not_picked":["Slimebound:DouseInSlime","Slimebound:Teamwork"],"picked":"Slimebound:OneTwoCombo+1","floor":18},{"not_picked":["Slimebound:SplitLeeching","Slimebound:SlimeBrawl+1"],"picked":"Slimebound:FirmFortitude","floor":21},{"not_picked":["Slimebound:GrowthPunch+1","Slimebound:LeadByExample"],"picked":"Slimebound:LevelUp+1","floor":22},{"not_picked":["Slimebound:SplitBruiser","Slimebound:FinishingTackle+1"],"picked":"Slimebound:Schlurp+1","floor":24},{"not_picked":["Slimebound:Grow","Slimebound:Gluttony"],"picked":"Slimebound:ViciousTackle+1","floor":27},{"not_picked":["Slimebound:ItLooksTasty+1","Slimebound:GrowthPunch+1"],"picked":"Slimebound:LeechEnergy+1","floor":28},{"not_picked":["Slimebound:Overexert","Slimebound:ViciousTackle+1","Slimebound:BestDefense"],"picked":"SKIP","floor":31},{"not_picked":["Slimebound:SplitBruiser","Slimebound:SamplingLick"],"picked":"Slimebound:LivingWall","floor":32},{"not_picked":["Slimebound:LeechingTouch+1","Slimebound:RollThrough+1"],"picked":"Slimebound:Nibble+1","floor":33},{"not_picked":["Slimebound:SpikyOuterGoop","Slimebound:ViciousTackle+1"],"picked":"Slimebound:SamplingLick+1","floor":34},{"not_picked":["Slimebound:Teamwork","Slimebound:Overexert"],"picked":"Slimebound:DouseInSlime","floor":35},{"not_picked":["Slimebound:ComboTackle+1","Slimebound:RejuvenatingLick"],"picked":"Slimebound:ProtectTheBoss+1","floor":38},{"not_picked":["Slimebound:SplitBruiser","Slimebound:LevelUp+1"],"picked":"Slimebound:ViciousTackle+1","floor":39},{"not_picked":["Slimebound:FinishingTackle+1","Slimebound:LeechingTouch+1"],"picked":"Slimebound:LivingWall+1","floor":40},{"not_picked":["Slimebound:PressTheAttack+1","Slimebound:SplitBruiser+1"],"picked":"Slimebound:Repurpose+1","floor":41},{"not_picked":["Slimebound:RallyTheTroops+1","Slimebound:BestDefense"],"picked":"Slimebound:GoopSpray+1","floor":42},{"not_picked":["Slimebound:Grow+1","Slimebound:LeadByExample+1","Slimebound:FinishingTackle+1"],"picked":"SKIP","floor":45},{"not_picked":["Slimebound:LeechingTouch+1","Slimebound:Repurpose+1"],"picked":"Slimebound:LeechEnergy+1","floor":46},{"not_picked":["Slimebound:RejuvenatingLick","Slimebound:Grow"],"picked":"Slimebound:SlimeSpikes","floor":47},{"not_picked":["Slimebound:SlimeBarrage+1","Slimebound:FirmFortitude+1"],"picked":"Slimebound:GoopTackle+1","floor":49},{"not_picked":["Slimebound:ProtectTheBoss+1","Slimebound:SplitMire"],"picked":"Slimebound:Gluttony+1","floor":50},{"not_picked":["Slimebound:ForwardTackle+1","Slimebound:LeechEnergy+1"],"picked":"Slimebound:PressTheAttack+1","floor":51}],"player_experience":3581585,"relics_obtained":[{"floor":6,"key":"Thread and Needle"},{"floor":7,"key":"Molten Egg 2"},{"floor":16,"key":"Strawberry"},{"floor":26,"key":"Bottled Flame"},{"floor":31,"key":"Pocketwatch"},{"floor":32,"key":"downfall:CloakOfManyFaces"},{"floor":33,"key":"Girya"},{"floor":42,"key":"Toy Ornithopter"},{"floor":42,"key":"Mercury Hourglass"}],"event_choices":[{"damage_healed":0,"gold_gain":0,"player_choice":"Became a vampire (Vial)","damage_taken":0,"max_hp_gain":0,"max_hp_loss":0,"event_name":"Vampires","floor":29,"relics_lost":["Blood Vial"],"gold_loss":0,"cards_obtained":["Bite","Bite","Bite","Bite","Bite"]},{"damage_healed":0,"gold_gain":0,"player_choice":"Copied","damage_taken":0,"max_hp_gain":0,"max_hp_loss":0,"event_name":"Duplicator","floor":44,"gold_loss":0,"cards_obtained":["Slimebound:CorrosiveSpit"]}],"is_beta":false,"boss_relics":[{"not_picked":["Calling Bell","Kintsugi"],"picked":"Painkiller Herb"},{"not_picked":["Philosopher\u0027s Stone","SacredBark"],"picked":"Black Star"}],"items_purged_floors":[],"is_endless":false,"potions_floor_spawned":[13,14,17,18,21,27,32,34,38,39,42,46,49],"killed_by":"downfall:CharBossMerchant","ascension_level":0}}