{"host":"Qube","time":1609996000,"event":{"mods":["AchievementEnabler","BaseMod","Colored Map","Colored Powertips","Minty Spire (QoL Compilation)","Quick Restart","Random Character Button","StSLib"],"gold_per_floor":[117,117,131,150,150,183,183,11,35,35,35,35],"floor_reached":11,"playtime":529,"items_purged":[],"score":135,"play_id":"c6ed5110-f6c2-4a24-899f-fc7b3906b516","local_time":"20210106210640","is_ascension_mode":true,"campfire_choices":[{"data":"Backflip","floor":7,"key":"SMITH"},{"floor":10,"key":"REST"}],"circlet_count":0,"master_deck":["AscendersBane","Strike_G","Strike_G","Strike_G","Strike_G","Strike_G","Defend_G","Defend_G","Defend_G","Defend_G","Survivor","Neutralize","Noxious Fumes+1","Poisoned Stab","Backflip+1","Escape Plan","Doubt"],"relics":["Cursed Key","Lantern","Membership Card","Ancient Tea Set"],"acts_visited":["Exordium"],"potions_floor_usage":[6,11],"damage_taken":[{"damage":0,"enemies":"2 Louse","floor":1,"turns":5},{"damage":4,"enemies":"Small Slimes","floor":3,"turns":4},{"damage":2,"enemies":"Jaw Worm","floor":4,"turns":4},{"damage":35,"enemies":"3 Sentries","floor":6,"turns":9},{"damage":19,"enemies":"Lagavulin","floor":11,"turns":6}],"seed_played":"5717543180959387458","potions_obtained":[{"floor":1,"key":"Ancient Potion"},{"floor":3,"key":"Poison Potion"}],"is_trial":false,"path_per_floor":["M","?","M","M","?","E","R","$","T","R","E"],"character_chosen":"THE_SILENT","items_purchased":["Membership Card"],"campfire_rested":1,"item_purchase_floors":[8],"current_hp_per_floor":[59,59,55,53,46,11,11,11,11,30,11,11],"gold":35,"neow_bonus":"BOSS_RELIC","is_daily":false,"chose_seed":false,"campfire_upgraded":1,"win_rate":0.0,"timestamp":1609996000,"path_taken":["M","?","M","M","?","E","R","?","T","R","E"],"items_purchased_type":["Relic"],"build_version":"2020-12-18","purchased_purges":0,"victory":false,"max_hp_per_floor":[66,66,66,66,66,66,66,66,66,66,66,66],"card_choices":[{"not_picked":["Expertise","Sucker Punch"],"picked":"Noxious Fumes","floor":1},{"not_picked":["Dagger Spray","Reflex"],"picked":"Poisoned Stab","floor":3},{"not_picked":["Endless Agony","Terror"],"picked":"Backflip","floor":4},{"not_picked":["Dagger Spray","All Out Attack"],"picked":"Escape Plan","floor":6}],"player_experience":842708,"relics_obtained":[{"floor":6,"key":"Lantern"},{"floor":9,"key":"Ancient Tea Set"}],"event_choices":[{"damage_healed":0,"gold_gain":0,"player_choice":"Grow","damage_taken":0,"max_hp_gain":0,"max_hp_loss":0,"event_name":"Living Wall","floor":2,"gold_loss":0,"cards_upgraded":["Noxious Fumes"]},{"cards_removed":["Defend_G"],"damage_healed":0,"gold_gain":0,"player_choice":"Card Removal","damage_taken":7,"max_hp_gain":0,"max_hp_loss":0,"event_name":"Golden Wing","floor":5,"gold_loss":0}],"is_beta":true,"boss_relics":[],"items_purged_floors":[],"is_endless":false,"potions_floor_spawned":[1,3],"killed_by":"Lagavulin","ascension_level":18}}