{"host":"vddkjx04kiwje1tk","time":1609992232,"event":{"mods":["AchievementEnabler","BaseMod","Colored Map","Minty Spire (QoL Compilation)","Quick Restart","SuperFastMode"],"gold_per_floor":[110,75,4,4,14,39,39,69,69,69,69,69,69,69,69,172,222,234,159,159,159,159,159,175,175,175,75,86,86,86,118,118,221,221,241,241,259,0,10,10,28,38,90,115,115,130,130,130,130],"floor_reached":48,"playtime":1082,"items_purged":["Whirlwind","Defend_R"],"score":684,"play_id":"7c50d619-97b6-4231-9972-270a6884686e","local_time":"20210107130352","is_ascension_mode":true,"campfire_choices":[{"data":"Searing Blow","floor":7,"key":"SMITH"},{"data":"Searing Blow+1","floor":10,"key":"SMITH"},{"floor":12,"key":"REST"},{"data":"Searing Blow+3","floor":15,"key":"SMITH"},{"data":"Searing Blow+4","floor":23,"key":"SMITH"},{"data":"Searing Blow+5","floor":25,"key":"SMITH"},{"floor":29,"key":"REST"},{"data":"Searing Blow+6","floor":32,"key":"SMITH"},{"floor":40,"key":"REST"},{"floor":45,"key":"REST"},{"data":"Searing Blow+7","floor":47,"key":"SMITH"}],"circlet_count":0,"master_deck":["Strike_R+1","Strike_R+1","Defend_R","Defend_R","Bash+1","Searing Blow+8","Whirlwind","Reaper","Fiend Fire","Headbutt+1","Limit Break"],"relics":["Mark of Pain","Pantograph","Nunchaku","PreservedInsect","Gremlin Horn","Nilry\u0027s Codex","Matryoshka","Nloth\u0027s Gift","Shovel","Empty Cage","Red Mask","Lantern","Regal Pillow","Ancient Tea Set"],"acts_visited":["Exordium","TheCity","TheBeyond"],"potions_floor_usage":[6,16,31,33,40,42,44,46],"damage_taken":[{"damage":13,"enemies":"Jaw Worm","floor":1,"turns":4},{"damage":7,"enemies":"Small Slimes","floor":5,"turns":3},{"damage":15,"enemies":"3 Sentries","floor":6,"turns":4},{"damage":29,"enemies":"Gremlin Nob","floor":8,"turns":4},{"damage":51,"enemies":"Hexaghost","floor":16,"turns":9},{"damage":0,"enemies":"3 Byrds","floor":18,"turns":4},{"damage":14,"enemies":"Shell Parasite","floor":24,"turns":2},{"damage":33,"enemies":"Snake Plant","floor":28,"turns":3},{"damage":13,"enemies":"Slavers","floor":31,"turns":3},{"damage":44,"enemies":"Collector","floor":33,"turns":4},{"damage":17,"enemies":"3 Darklings","floor":35,"turns":4},{"damage":46,"enemies":"3 Shapes","floor":37,"turns":4},{"damage":27,"enemies":"Spire Growth","floor":39,"turns":3},{"damage":11,"enemies":"3 Darklings","floor":41,"turns":3},{"damage":31,"enemies":"Maw","floor":42,"turns":5},{"damage":0,"enemies":"Reptomancer","floor":44,"turns":2},{"damage":32,"enemies":"4 Shapes","floor":46,"turns":4},{"damage":35,"enemies":"Spire Growth","floor":48,"turns":2}],"seed_played":"-8412672251253358438","potions_obtained":[{"floor":1,"key":"Energy Potion"},{"floor":8,"key":"GamblersBrew"},{"floor":17,"key":"Explosive Potion"},{"floor":24,"key":"GamblersBrew"},{"floor":33,"key":"Swift Potion"},{"floor":35,"key":"FearPotion"},{"floor":39,"key":"Fruit Juice"},{"floor":41,"key":"Explosive Potion"}],"is_trial":false,"path_per_floor":["M","?","$","?","M","E","R","E","T","R","T","R","?","?","R","B",null,"M","$","?","?","?","R","M","R","T","$","M","R","?","E","R","B",null,"M","?","M","?","M","R","M","M","T","E","R","M","R","M"],"character_chosen":"IRONCLAD","items_purchased":["Searing Blow"],"campfire_rested":4,"item_purchase_floors":[3],"current_hp_per_floor":[59,79,79,63,56,41,41,12,12,12,12,36,36,36,36,16,69,77,77,77,61,61,61,49,49,49,49,20,45,45,32,32,27,71,66,66,34,34,7,37,36,9,9,9,51,19,19,0,0],"gold":130,"neow_bonus":"BOSS_RELIC","is_daily":false,"chose_seed":false,"campfire_upgraded":7,"win_rate":0.0,"timestamp":1609992232,"path_taken":["M","?","$","?","M","E","R","E","T","R","?","R","?","?","R","BOSS","M","$","?","?","?","R","M","R","T","?","M","R","?","E","R","BOSS","M","?","?","?","M","R","M","M","T","E","R","M","R","M"],"items_purchased_type":["Card"],"build_version":"2020-12-22","purchased_purges":2,"victory":false,"max_hp_per_floor":[80,80,80,80,80,80,80,80,80,80,80,80,80,80,80,80,85,85,85,85,85,85,85,85,85,85,85,85,85,85,85,85,85,85,85,85,85,85,85,90,90,90,90,90,90,90,90,90,90],"card_choices":[{"not_picked":["Sword Boomerang","Cleave","Iron Wave"],"picked":"SKIP","floor":1},{"not_picked":["True Grit","Searing Blow"],"picked":"Whirlwind","floor":5},{"not_picked":["Clothesline","Anger","Carnage"],"picked":"SKIP","floor":6},{"not_picked":["Bloodletting","Clothesline","Body Slam"],"picked":"SKIP","floor":8},{"not_picked":["Impervious","Berserk"],"picked":"Fiend Fire","floor":16},{"not_picked":["Searing Blow","Perfected Strike","Whirlwind"],"picked":"SKIP","floor":18},{"not_picked":["Perfected Strike","Iron Wave+1","Shrug It Off+1"],"picked":"SKIP","floor":24},{"not_picked":["Heavy Blade","Warcry"],"picked":"Headbutt+1","floor":28},{"not_picked":["Clash","Limit Break","Havoc+1"],"picked":"SKIP","floor":31},{"not_picked":["Whirlwind","Flame Barrier","Pommel Strike+1"],"picked":"SKIP","floor":35},{"not_picked":["Metallicize+1","Dark Embrace+1","Wild Strike"],"picked":"SKIP","floor":37},{"not_picked":["Clash+1","Pommel Strike+1","Flex"],"picked":"SKIP","floor":39},{"not_picked":["Reckless Charge+1","Pummel","Blood for Blood"],"picked":"SKIP","floor":41},{"not_picked":["Dropkick","Pommel Strike+1","Clothesline+1"],"picked":"SKIP","floor":42},{"not_picked":["Rupture+1","Pommel Strike","Intimidate"],"picked":"SKIP","floor":44},{"not_picked":["Armaments+1","Havoc+1","Clothesline+1"],"picked":"SKIP","floor":46}],"player_experience":245972,"relics_obtained":[{"floor":6,"key":"Pantograph"},{"floor":8,"key":"Nunchaku"},{"floor":9,"key":"PreservedInsect"},{"floor":11,"key":"Gremlin Horn"},{"floor":21,"key":"Nilry\u0027s Codex"},{"floor":26,"key":"Matryoshka"},{"floor":31,"key":"Shovel"},{"floor":43,"key":"Lantern"},{"floor":43,"key":"Regal Pillow"},{"floor":44,"key":"Ancient Tea Set"}],"event_choices":[{"damage_healed":20,"gold_gain":0,"player_choice":"Healed","damage_taken":0,"max_hp_gain":0,"max_hp_loss":0,"event_name":"The Cleric","floor":2,"gold_loss":35},{"damage_healed":0,"gold_gain":0,"player_choice":"Entered Light","damage_taken":16,"max_hp_gain":0,"max_hp_loss":0,"event_name":"Shining Light","floor":4,"gold_loss":0,"cards_upgraded":["Strike_R","Bash"]},{"damage_healed":0,"gold_gain":0,"player_choice":"Grow","damage_taken":0,"max_hp_gain":0,"max_hp_loss":0,"event_name":"Living Wall","floor":13,"gold_loss":0,"cards_upgraded":["Searing Blow"]},{"damage_healed":0,"gold_gain":0,"player_choice":"2 cards matched","damage_taken":0,"max_hp_gain":0,"max_hp_loss":0,"event_name":"Match and Keep!","floor":14,"gold_loss":0,"cards_obtained":["Whirlwind","Reaper"]},{"cards_removed":["Strike_R"],"damage_healed":0,"gold_gain":0,"player_choice":"Elegance","damage_taken":0,"max_hp_gain":0,"max_hp_loss":0,"event_name":"Back to Basics","floor":20,"gold_loss":0},{"damage_healed":0,"gold_gain":0,"player_choice":"Obtained Book","damage_taken":16,"max_hp_gain":0,"max_hp_loss":0,"event_name":"Cursed Tome","floor":21,"gold_loss":0},{"damage_healed":0,"gold_gain":0,"player_choice":"Ignored","damage_taken":0,"max_hp_gain":0,"max_hp_loss":0,"event_name":"Vampires","floor":22,"gold_loss":0},{"damage_healed":0,"gold_gain":0,"player_choice":"Traded Relic","damage_taken":0,"relics_obtained":["Nloth\u0027s Gift"],"max_hp_gain":0,"max_hp_loss":0,"event_name":"N\u0027loth","floor":30,"relics_lost":["Tiny House"],"gold_loss":0},{"damage_healed":0,"gold_gain":0,"cards_transformed":["Defend_R"],"player_choice":"Transformed","damage_taken":0,"max_hp_gain":0,"max_hp_loss":0,"event_name":"Transmorgrifier","floor":36,"gold_loss":0,"cards_obtained":["Limit Break"]},{"damage_healed":0,"gold_gain":0,"player_choice":"Paid","damage_taken":0,"relics_obtained":["Red Mask"],"max_hp_gain":0,"max_hp_loss":0,"event_name":"Tomb of Lord Red Mask","floor":38,"gold_loss":259}],"is_beta":false,"boss_relics":[{"not_picked":["Philosopher\u0027s Stone","Pandora\u0027s Box"],"picked":"Tiny House"},{"not_picked":["Velvet Choker","Black Star"],"picked":"Empty Cage"}],"items_purged_floors":[19,27],"is_endless":false,"potions_floor_spawned":[1,8,24,33,35,39,41],"killed_by":"Spire Growth","ascension_level":7}}