{"host":"vex7walpoxzv48nx","time":1609982061,"event":{"mods":["BaseMod","Highlight Path","Minty Spire (QoL Compilation)","Permanent Neow","Quick Restart","Relic Stats"],"gold_per_floor":[369,33,33,33,44,79,134,163,189,2,33,208,283,298,298,403,403,419,43,53,0,0,0,0],"floor_reached":23,"playtime":2801,"items_purged":["Strike_P","Defend_P"],"score":242,"play_id":"f304c568-064d-4914-b56d-c933c420db74","local_time":"20210107021421","is_ascension_mode":true,"campfire_choices":[{"data":"TalkToTheHand","floor":15.0,"key":"SMITH"}],"circlet_count":0,"master_deck":["Strike_P","Strike_P","Strike_P","Defend_P","Defend_P","Defend_P","Eruption","Vigilance","TalkToTheHand+1","Secret Weapon","EmptyFist","EmptyBody","DeceiveReality","CutThroughFate+1","Crescendo","Doubt","Perseverance","Scrawl","FlyingSleeves+1","Study","ClearTheMind"],"relics":["PureWater","Juzu Bracelet","Torii","Pantograph","Incense Burner","MawBank","Lee\u0027s Waffle","Kunai","Snecko Eye","Meat on the Bone"],"acts_visited":["Exordium","TheCity"],"potions_floor_usage":[16,16,20,23],"damage_taken":[{"damage":3.0,"enemies":"2 Louse","floor":1.0,"turns":3.0},{"damage":0.0,"enemies":"Cultist","floor":5.0,"turns":2.0},{"damage":8.0,"enemies":"Gremlin Nob","floor":6.0,"turns":3.0},{"damage":11.0,"enemies":"Lagavulin Event","floor":7.0,"turns":5.0},{"damage":21.0,"enemies":"3 Sentries","floor":8.0,"turns":9.0},{"damage":0.0,"enemies":"Lagavulin","floor":11.0,"turns":7.0},{"damage":0.0,"enemies":"Small Slimes","floor":14.0,"turns":3.0},{"damage":29,"enemies":"Slime Boss","floor":16,"turns":19},{"damage":29,"enemies":"Spheric Guardian","floor":18,"turns":4},{"damage":22,"enemies":"Shell Parasite","floor":20,"turns":5},{"damage":7,"enemies":"Book of Stabbing","floor":23,"turns":6}],"seed_played":"2903268802545274606","potions_obtained":[{"floor":5.0,"key":"DistilledChaos"},{"floor":7.0,"key":"Weak Potion"},{"floor":11.0,"key":"DistilledChaos"},{"floor":14.0,"key":"Regen Potion"},{"floor":16,"key":"Weak Potion"}],"is_trial":false,"path_per_floor":["M","$","?","$","M","E","?","E","T","$","E","?","?","M","R","B",null,"M","$","M","?","?","E"],"character_chosen":"WATCHER","items_purchased":["TalkToTheHand","Secret Weapon","Lee\u0027s Waffle","CutThroughFate","Meat on the Bone","Study"],"campfire_rested":0,"item_purchase_floors":[2,2,10,10,19,19],"current_hp_per_floor":[62,62,62,62,62,54,43,22,22,72,72,72,65,65,65,43,72,43,43,33,33,33,41,41],"gold":0,"neow_bonus":"TWO_FIFTY_GOLD","is_daily":false,"chose_seed":false,"campfire_upgraded":1,"win_rate":0.0,"timestamp":1609982061,"path_taken":["M","$","?","?","M","E","?","E","T","$","E","?","?","M","R","BOSS","M","$","M","?","?","E"],"items_purchased_type":["Card","Card","Relic","Card","Relic","Card"],"build_version":"2020-12-22","purchased_purges":2,"victory":false,"max_hp_per_floor":[65,65,65,65,65,65,65,65,65,72,72,72,72,72,72,72,72,72,72,72,72,72,72,72],"relic_stats":{"Lee\u0027s Waffle":50,"Torii":15,"counters":[11,66],"Pantograph":7,"Snecko Eye":[27,29,28,29],"Juzu Bracelet":2,"Kunai":[11],"MawBank":12,"obtain_stats":[{"Lee\u0027s Waffle":10,"Torii":6,"Pantograph":7,"Snecko Eye":17,"Juzu Bracelet":3,"Incense Burner":8,"Kunai":11,"PureWater":0,"MawBank":9,"Meat on the Bone":19},{"Lee\u0027s Waffle":5,"Torii":3,"Pantograph":3,"Snecko Eye":8,"Juzu Bracelet":1,"Incense Burner":5,"Kunai":6,"PureWater":0,"MawBank":5,"Meat on the Bone":9},{"Lee\u0027s Waffle":22,"Torii":8,"Pantograph":8,"Snecko Eye":51,"Juzu Bracelet":3,"Incense Burner":22,"Kunai":29,"PureWater":0,"MawBank":22,"Meat on the Bone":55}],"Meat on the Bone":12},"card_choices":[{"not_picked":["EmptyBody","Halt"],"picked":"CutThroughFate","floor":1.0},{"not_picked":["Halt","Nirvana"],"picked":"EmptyFist","floor":5.0},{"not_picked":["CrushJoints","Swivel"],"picked":"EmptyBody","floor":6.0},{"not_picked":["Tantrum","SashWhip"],"picked":"DeceiveReality","floor":8.0},{"not_picked":["Fasting2","DeceiveReality"],"picked":"Crescendo","floor":11.0},{"not_picked":["Prostrate","Wallop"],"picked":"Perseverance","floor":14.0},{"not_picked":["Establishment","DeusExMachina"],"picked":"Scrawl","floor":16},{"not_picked":["WreathOfFlame","EmptyMind"],"picked":"FlyingSleeves+1","floor":18},{"not_picked":["InnerPeace","FlyingSleeves"],"picked":"ClearTheMind","floor":20}],"player_experience":104780,"relics_obtained":[{"floor":6.0,"key":"Torii"},{"floor":8.0,"key":"Incense Burner"},{"floor":9.0,"key":"MawBank"},{"floor":11.0,"key":"Kunai"}],"event_choices":[{"cards_removed":["CutThroughFate"],"damage_healed":0.0,"max_hp_gain":0.0,"max_hp_loss":0.0,"gold_gain":0.0,"event_name":"WeMeetAgain","player_choice":"Gave Card","floor":3.0,"gold_loss":0.0,"damage_taken":0.0,"relics_obtained":["Juzu Bracelet"]},{"damage_healed":0.0,"max_hp_gain":0.0,"max_hp_loss":0.0,"gold_gain":0.0,"event_name":"Dead Adventurer","player_choice":"Searched \u00273\u0027 times","floor":7.0,"gold_loss":0.0,"damage_taken":0.0,"relics_obtained":["Pantograph"]},{"damage_healed":0.0,"max_hp_gain":0.0,"max_hp_loss":0.0,"gold_gain":175.0,"event_name":"Liars Game","player_choice":"AGREE","floor":12.0,"gold_loss":0.0,"damage_taken":0.0,"cards_obtained":["Doubt"]},{"damage_healed":0.0,"max_hp_gain":0.0,"max_hp_loss":0.0,"gold_gain":75.0,"event_name":"FaceTrader","player_choice":"Touch","floor":13.0,"gold_loss":0.0,"damage_taken":7.0},{"damage_healed":0,"gold_gain":0,"player_choice":"Paid Fearfully","damage_taken":0,"max_hp_gain":0,"max_hp_loss":0,"event_name":"Masked Bandits","floor":21,"gold_loss":53},{"damage_healed":0,"gold_gain":0,"player_choice":"Forge","damage_taken":0,"max_hp_gain":0,"max_hp_loss":0,"event_name":"Accursed Blacksmith","floor":22,"gold_loss":0,"cards_upgraded":["CutThroughFate"]}],"is_beta":false,"boss_relics":[{"not_picked":["Velvet Choker","VioletLotus"],"picked":"Snecko Eye"}],"items_purged_floors":[2,19],"is_endless":false,"potions_floor_spawned":[5,7,11,14,16],"killed_by":"Book of Stabbing","ascension_level":1}}