{"host":"vhikgave70uorr7d","time":1609989787,"event":{"mods":["100% Spire Juice","AchievementEnabler","Act Like it!","Ascension Reborn","Ascension Unlocker","Bard","BaseMod","Beaked The Cultist","Better Altar","Better Match","Better Note","Better Sensory Stone","Better Skull","Better Third Choice","BetterRewards","ChefMod","Colored Powertips","Custom Start","Defuse TimeMaze Blight","Downfall","Elementarium","Energized Spire","Evolution","GifTheSpireLib","Hallownest","Hermit","Hero for Fun","Highlight Path","Hubris","Infinite Spire","JesterMod","Luminous","Marisa????????","Melee Mod","Menagerie","Mimic Mod","Minty Spire (QoL Compilation)","MostiFishMod","Permanent Neow","Quick Restart","Rare Cards Sparkle","Relic Filter","Remove Card Discount Mod","Replay The Spire","Retaliation","Robot Space Explorer","Shade Mod","Small Relic Pack","Somnambulant","Spicy Shops","StSLib","Swap Starting Deck Mod","Td1madao Mod","The Accelerator","The Alterego","The Animator","The Bladedancer","The Blue Laboratory","The Bug Knight","The Construct","The Cursed","The Disciple","The Gatherer","The Hayseed","The Hierophant","The Judge","The Mystic","The Necromancer","The Poker Player","The Runesmith","The Servant 0.9.4","The Vixen","The Wild Card","TheBandit","TheSwordswoman","TheVacant","Transform Curses"],"gold_per_floor":[118,118,118,30,44,85,101,160,205,226,226,246,262,295,295,420,420],"floor_reached":16,"playtime":1141,"items_purged":["Defend_R","Defend_R","Defend_R","Defend_R","Strike_R"],"score":287,"play_id":"36cca59a-756e-44ce-8042-b45fbb31dbaf","local_time":"20210106222307","is_ascension_mode":true,"campfire_choices":[{"data":"Replay:Undeath\u0027s Touch","floor":15,"key":"SMITH"}],"circlet_count":0,"master_deck":["Strike_R+1","Strike_R+1","Strike_R+1","Strike_R+1","MostiFishMod:#F4004+1","Flex+1","DDmod:PokeAttack+1","Heavy Blade+1","Replay:Undeath\u0027s Touch+1","Seeing Red+1","MostiFishMod:Mania"],"relics":["Burning Blood","EVO:Axolotl","DaveBox","OneHitWonderSystem","SynthV:TestCard","Golden Idol","DSteel32","Juzu Bracelet","Tiny Chest","The Courier","EGODaCapo","hubris:DeckOfHolding","Bottled Lightning","Self Forming Clay","ReplayTheSpireMod:TigerMarble","Bottled Flame","Chemical X","infinitespire:Broken Mirror"],"acts_visited":["Exordium"],"potions_floor_usage":[],"damage_taken":[{"damage":0,"enemies":"2 Louse","floor":1,"turns":2},{"damage":0,"enemies":"infinitespire:Voidling","floor":5,"turns":2},{"damage":0,"enemies":"Replay:BlueRogue","floor":6,"turns":2},{"damage":0,"enemies":"Small Slimes","floor":7,"turns":2},{"damage":0,"enemies":"2 Fungi Beasts","floor":9,"turns":2},{"damage":0,"enemies":"2 Fungi Beasts","floor":10,"turns":2},{"damage":0,"enemies":"Looter","floor":12,"turns":1},{"damage":0,"enemies":"Exordium Thugs","floor":13,"turns":2},{"damage":0,"enemies":"HollowMod:MossKnight","floor":14,"turns":2},{"damage":0,"enemies":"The Guardian","floor":16,"turns":2}],"seed_played":"3533184452097948929","potions_obtained":[{"floor":5,"key":"BlessingOfTheForge"},{"floor":8,"key":"Milkshake"}],"is_trial":false,"path_per_floor":["M","?","?","$","M","E","M","?","MIM","M","$","M","M","E","R","B"],"character_chosen":"IRONCLAD","items_purchased":["Flex"],"campfire_rested":0,"item_purchase_floors":[4],"current_hp_per_floor":[1,1,1,1,1,1,1,1,1,1,1,1,1,1,1,1,1],"gold":420,"neow_bonus":"TEN_PERCENT_HP_BONUS","is_daily":false,"chose_seed":false,"campfire_upgraded":1,"win_rate":0.0,"timestamp":1609989787,"path_taken":["M","?","?","$","?","E","M","?","MIM","M","?","M","M","E","R","BOSS"],"items_purchased_type":["Card"],"build_version":"2020-12-22","purchased_purges":5,"victory":false,"max_hp_per_floor":[1,1,1,1,1,1,1,1,1,1,1,1,1,1,1,1,1],"card_choices":[{"not_picked":["Sword Boomerang","Thunderclap"],"picked":"MostiFishMod:#F4004","floor":1},{"not_picked":["DDmod:SpikeMailSkill","Armaments","Combust","Headbutt"],"picked":"DDmod:PokeAttack","floor":5},{"not_picked":["Hemokinesis","Power Through","DDmod:CallousedSkill","Clash","Headbutt"],"picked":"SKIP","floor":6},{"not_picked":["DDmod:UnstoppableAttack","Perfected Strike","Run Through","DDmod:BurningFumesPowerCard","Armaments"],"picked":"SKIP","floor":7},{"not_picked":["Bludgeon","Disarm","Flame Barrier","DDmod:EasePowerCard"],"picked":"Heavy Blade","floor":9},{"not_picked":["Clothesline","Burning Pact","Sword Boomerang","Heavy Blade"],"picked":"Replay:Undeath\u0027s Touch","floor":10},{"not_picked":["Dark Embrace","DDmod:SpikedSkill","True Grit","Replay:Undeath\u0027s Touch"],"picked":"Seeing Red","floor":12},{"not_picked":["Dropkick","Perfected Strike","Sword Boomerang","DDmod:CallousedSkill","Power Through"],"picked":"SKIP","floor":13},{"not_picked":["Shockwave","Hemogenesis","Feel No Pain","ReplayTheSpireMod:Corrosion Curse","Rampage"],"picked":"SKIP","floor":14},{"not_picked":["Brutality","MostiFishMod:KnuckleDown","Double Tap","MostiFishMod:FireWorks"],"picked":"MostiFishMod:Mania","floor":16}],"player_experience":393599,"relics_obtained":[{"floor":1,"key":"SynthV:TestCard"},{"floor":6,"key":"hubris:DeckOfHolding"},{"floor":8,"key":"Self Forming Clay"},{"floor":9,"key":"ReplayTheSpireMod:TigerMarble"},{"floor":14,"key":"infinitespire:Broken Mirror"}],"event_choices":[{"damage_healed":0,"gold_gain":0,"player_choice":"Take Damage","damage_taken":0,"relics_obtained":["Golden Idol"],"max_hp_gain":0,"max_hp_loss":0,"event_name":"Golden Idol","floor":2,"gold_loss":0},{"cards_removed":["Bash"],"damage_healed":0,"gold_gain":0,"player_choice":"Purged","damage_taken":0,"max_hp_gain":0,"max_hp_loss":0,"event_name":"Purifier","floor":3,"gold_loss":0}],"is_beta":false,"boss_relics":[],"items_purged_floors":[4,4,4,4,4],"is_endless":false,"potions_floor_spawned":[5,6,13,14,16],"killed_by":"The Guardian","ascension_level":0}}