{"host":"d7qmn60fs48wu5y6","time":1609981380,"event":{"mods":["BaseMod","Downfall","Marisa????????","Minty Spire (QoL Compilation)","Shade Mod","StSLib","The Bug Knight","The Cursed","The Necromancer","The Servant 0.9.4"],"gold_per_floor":[115,115,115,132,142,142,175,175,175,30,42,42,70,87,87,191,191,208,208,219,239,239,239,255,255,255,255,269,194,229,239,239,344,344,363,169,219,219,238,238,254,254,254,272,291,291,306,318,318,318,318,318,6,39,39,39],"floor_reached":55,"playtime":3067,"items_purged":["Defend_S+1","Strike_S+1"],"score":734,"play_id":"07f4d743-a65c-4544-bd75-3afbf8da3a4d","local_time":"20210106170300","is_ascension_mode":true,"campfire_choices":[{"data":"DancingSilver","floor":6,"key":"SMITH"},{"floor":8,"key":"REST"},{"data":"GearUp","floor":15,"key":"SMITH"},{"floor":23,"key":"RECALL"},{"floor":25,"key":"REST"},{"data":"TimeWarp","floor":27,"key":"SMITH"},{"floor":32,"key":"REST"},{"data":"FlawlessForm","floor":40,"key":"SMITH"},{"data":"BottledTime","floor":42,"key":"SMITH"},{"floor":46,"key":"REST"},{"data":"TheWorld","floor":49,"key":"SMITH"},{"data":"Spin","floor":52,"key":"SMITH"}],"circlet_count":0,"master_deck":["Strike_S+1","Defend_S+1","Defend_S+1","Defend_S+1","KidneyShot","Exchange+1","ShatteredReality","DancingSilver+1","TimeWarp+1","ShiftingGears","Alleviate","SilverMatrix","GearUp+1","TheWorld+1","Rearm","Starlight+1","SilverBlades+1","TimeWarp+1","Dilation","Desolation","Sunlight","BottledTime+1","Potential","DualDimension+1","SilverBlades+1","FlawlessForm+1","FastForward+1","BottledTime","Spin","BottledTime+1","MoonPhase+1","Spin+1","Parasite","Spin+1","Advance+1","Foresight","Dark Shackles","expansioncontent:PrepareCrush","Desolation","Spin+1"],"relics":["Uniform","War Paint","Letter Opener","Pan","Blue Candle","The Courier","Anchor","SlaversCollar","Orrery","Thread and Needle","Bottled Tornado","Pen Nib"],"acts_visited":["Exordium","TheCity","TheBeyond","TheEnding"],"potions_floor_usage":[13,24,30,33,33,48,50,55],"damage_taken":[{"damage":0,"enemies":"Jaw Worm","floor":1,"turns":4},{"damage":0,"enemies":"2 Louse","floor":4,"turns":3},{"damage":5,"enemies":"Small Slimes","floor":5,"turns":3},{"damage":10,"enemies":"Gremlin Nob","floor":7,"turns":4},{"damage":0,"enemies":"Blue Slaver","floor":11,"turns":3},{"damage":16,"enemies":"3 Sentries","floor":13,"turns":6},{"damage":0,"enemies":"Large Slime","floor":14,"turns":6},{"damage":18,"enemies":"Hexaghost","floor":16,"turns":12},{"damage":8,"enemies":"2 Thieves","floor":18,"turns":4},{"damage":7,"enemies":"Spheric Guardian","floor":20,"turns":4},{"damage":6,"enemies":"Snake Plant","floor":21,"turns":5},{"damage":1,"enemies":"Centurion and Healer","floor":24,"turns":6},{"damage":4,"enemies":"3 Cultists","floor":28,"turns":4},{"damage":21,"enemies":"Slavers","floor":30,"turns":4},{"damage":11,"enemies":"Cultist and Chosen","floor":31,"turns":5},{"damage":62,"enemies":"Collector","floor":33,"turns":14},{"damage":21,"enemies":"3 Darklings","floor":35,"turns":4},{"damage":0,"enemies":"Mind Bloom Boss Battle","floor":37,"turns":2},{"damage":0,"enemies":"Orb Walker","floor":39,"turns":2},{"damage":0,"enemies":"Maw","floor":41,"turns":7},{"damage":1,"enemies":"Spire Growth","floor":44,"turns":7},{"damage":12,"enemies":"Writhing Mass","floor":45,"turns":6},{"damage":0,"enemies":"Jaw Worm Horde","floor":47,"turns":4},{"damage":0,"enemies":"Transient","floor":48,"turns":5},{"damage":11,"enemies":"Donu and Deca","floor":50,"turns":7},{"damage":69,"enemies":"Shield and Spear","floor":54,"turns":7},{"damage":29,"enemies":"The Heart","floor":55,"turns":3}],"seed_played":"3767961679405300446","potions_obtained":[{"floor":5,"key":"BlessingOfTheForge"},{"floor":13,"key":"LiquidMemories"},{"floor":16,"key":"Regen Potion"},{"floor":18,"key":"FearPotion"},{"floor":24,"key":"EssenceOfSteel"},{"floor":33,"key":"Strength Potion"},{"floor":35,"key":"CultistPotion"},{"floor":37,"key":"Block Potion"}],"is_trial":false,"path_per_floor":["M","?","?","M","M","R","E","R","T","$","M","$","E","M","R","B",null,"M","?","M","M","?","R","M","R","T","R","M","?","E","M","R","B",null,"M","$","?","?","M","R","M","R","T","M","M","R","M","M","R","B",null,"R","$","E","B"],"character_chosen":"THE_SERVANT","items_purchased":["Pan","Orrery","BottledTime","Foresight","Dark Shackles","expansioncontent:PrepareCrush","Desolation"],"campfire_rested":4,"item_purchase_floors":[10,36,36,53,53,53,53],"current_hp_per_floor":[65,70,63,63,58,58,48,69,69,69,69,69,53,53,53,35,70,62,62,55,49,49,49,48,69,69,69,65,65,44,33,54,7,70,49,49,49,49,49,49,49,49,49,48,36,57,57,57,57,46,70,70,70,1,0,0],"gold":39,"neow_bonus":"RANDOM_COMMON_RELIC","is_daily":false,"chose_seed":false,"campfire_upgraded":7,"win_rate":0.0,"timestamp":1609981380,"path_taken":["M","?","?","M","M","R","E","R","T","$","M","?","E","M","R","BOSS","M","?","M","M","?","R","M","R","T","R","M","?","E","M","R","BOSS","M","$","?","?","?","R","M","R","T","M","M","R","M","M","R","BOSS","R","$","E","BOSS"],"items_purchased_type":["Relic","Relic","Card","Card","Card","Card","Card"],"build_version":"2020-12-22","purchased_purges":2,"victory":false,"max_hp_per_floor":[65,70,70,70,70,70,70,70,70,70,70,70,70,70,70,70,70,70,70,70,70,70,70,70,70,70,70,70,70,70,70,70,70,70,70,70,70,70,70,70,70,70,70,70,70,70,70,70,70,70,70,70,70,70,70,70],"card_choices":[{"not_picked":["FastForward","Starlight"],"picked":"ShatteredReality","floor":1},{"not_picked":["Defy","FastForward"],"picked":"DancingSilver","floor":4},{"not_picked":["Advance","Unruled"],"picked":"TimeWarp","floor":5},{"not_picked":["BottledTime","Rearm"],"picked":"ShiftingGears","floor":7},{"not_picked":["FastForward","ShatteredReality"],"picked":"Alleviate","floor":11},{"not_picked":["Shuttle","Revamp"],"picked":"SilverMatrix","floor":13},{"not_picked":["SpecialFormula","Rearm"],"picked":"GearUp","floor":14},{"not_picked":["TrueSight","SilverMatrix"],"picked":"TheWorld","floor":16},{"not_picked":["Defy","Spin+1"],"picked":"Rearm","floor":18},{"not_picked":["Unruled+1","ShatteredReality"],"picked":"Starlight+1","floor":20},{"not_picked":["Shuttle+1","Revamp+1","Ricochet"],"picked":"SKIP","floor":21},{"not_picked":["Barrier","Shuttle"],"picked":"SilverBlades+1","floor":24},{"not_picked":["FastForward","Comet+1"],"picked":"TimeWarp+1","floor":28},{"not_picked":["Defy+1","Spin"],"picked":"Dilation","floor":30},{"not_picked":["Revamp","BottledTime"],"picked":"Desolation","floor":31},{"not_picked":["Solidify","SoulSculpture"],"picked":"Sunlight","floor":33},{"not_picked":["Unruled+1","Rewind"],"picked":"BottledTime","floor":35},{"not_picked":["Manipulate+1","TimeWarp"],"picked":"Potential","floor":36},{"not_picked":["Read","Defy+1"],"picked":"DualDimension+1","floor":36},{"not_picked":["ForgedInTime","Replace+1"],"picked":"SilverBlades+1","floor":36},{"not_picked":["Deadline","TrueSight"],"picked":"FlawlessForm","floor":36},{"not_picked":["Starlight","Ricochet"],"picked":"FastForward+1","floor":36},{"not_picked":["Starlight","Manipulate+1"],"picked":"Spin","floor":37},{"not_picked":["Rewind","Reset+1"],"picked":"BottledTime+1","floor":39},{"not_picked":["Rearm+1","Starlight+1"],"picked":"MoonPhase+1","floor":41},{"not_picked":["ShatteredReality","Rewind+1"],"picked":"Spin+1","floor":44},{"not_picked":["Alleviate","Snipe"],"picked":"Spin","floor":45},{"not_picked":["ForgedInTime","Misdirection+1","GearUp"],"picked":"SKIP","floor":47},{"not_picked":["BottledTime","TimeWarp"],"picked":"Advance+1","floor":48},{"not_picked":["FlawlessForm","WasteNot+1"],"picked":"Spin+1","floor":54}],"player_experience":924280,"relics_obtained":[{"floor":7,"key":"Letter Opener"},{"floor":13,"key":"Blue Candle"},{"floor":26,"key":"The Courier"},{"floor":30,"key":"Anchor"},{"floor":37,"key":"Thread and Needle"},{"floor":43,"key":"Bottled Tornado"},{"floor":54,"key":"Pen Nib"}],"event_choices":[{"damage_healed":0,"gold_gain":0,"player_choice":"Donut","damage_taken":0,"max_hp_gain":5,"max_hp_loss":0,"event_name":"Big Fish","floor":2,"gold_loss":0},{"cards_removed":["Strike_S"],"damage_healed":0,"gold_gain":0,"player_choice":"Card Removal","damage_taken":7,"max_hp_gain":0,"max_hp_loss":0,"event_name":"Golden Wing","floor":3,"gold_loss":0},{"damage_healed":0,"gold_gain":0,"player_choice":"Simplicity","damage_taken":0,"max_hp_gain":0,"max_hp_loss":0,"event_name":"Back to Basics","floor":19,"gold_loss":0,"cards_upgraded":["Strike_S","Strike_S","Strike_S","Defend_S","Defend_S","Defend_S"]},{"damage_healed":0,"gold_gain":0,"player_choice":"Ignored","damage_taken":0,"max_hp_gain":0,"max_hp_loss":0,"event_name":"Vampires","floor":22,"gold_loss":0},{"cards_removed":["Strike_S"],"damage_healed":0,"gold_gain":0,"player_choice":"Gave Gold","damage_taken":0,"max_hp_gain":0,"max_hp_loss":0,"event_name":"Beggar","floor":29,"gold_loss":75},{"damage_healed":0,"gold_gain":0,"player_choice":"Fight","damage_taken":0,"max_hp_gain":0,"max_hp_loss":0,"event_name":"MindBloom","floor":37,"gold_loss":0},{"damage_healed":0,"gold_gain":0,"player_choice":"Ignored","damage_taken":0,"max_hp_gain":0,"max_hp_loss":0,"event_name":"NoteForYourself","floor":38,"gold_loss":0}],"is_beta":false,"boss_relics":[{"not_picked":["Runic Dome","Coffee Dripper","Philosopher\u0027s Stone"]},{"not_picked":["Fusion Hammer","Black Star"],"picked":"SlaversCollar"}],"items_purged_floors":[36,53],"is_endless":false,"potions_floor_spawned":[5,13,16,18,20,24,33,35,37,39],"killed_by":"The Heart","ascension_level":1}}