{"host":"jwbw4f4imxd0v0b0","time":1609999448,"event":{"mods":["BaseMod","Colored Map","Highlight Path","Minty Spire (QoL Compilation)","Relic Stats","StSLib"],"gold_per_floor":[114,114,127,77,95,126,161,197,243,259,259,294,310,11,11,140,140,154,173,20,20,33,64,64,64,64,82,82,95,95,133,133,253,253,266,17,30,44,44,83,106,106,130,150,150,150,165,180,180,180,180,180,23,54,54],"floor_reached":56,"playtime":6180,"items_purged":["Strike_G"],"score":1314,"play_id":"74239133-b20b-4564-b913-21c99f9ccc1e","local_time":"20210107000408","is_ascension_mode":false,"campfire_choices":[{"data":"Bouncing Flask","floor":11.0,"key":"SMITH"},{"data":"Night Terror","floor":15.0,"key":"SMITH"},{"data":"Leg Sweep","floor":25.0,"key":"SMITH"},{"data":"Blur","floor":30.0,"key":"SMITH"},{"data":"Malaise","floor":32.0,"key":"SMITH"},{"floor":42.0,"key":"REST"},{"floor":46.0,"key":"REST"},{"floor":49.0,"key":"RECALL"},{"data":"Night Terror","floor":52.0,"key":"SMITH"}],"circlet_count":0,"master_deck":["Strike_G","Strike_G","Defend_G+1","Defend_G","Defend_G","Defend_G","Defend_G","Survivor+1","Neutralize","Dagger Throw","Slice","Dodge and Roll","Bouncing Flask+1","Deadly Poison","After Image+1","Leg Sweep+1","Footwork+1","Footwork+1","Night Terror+1","Well Laid Plans+1","Malaise+1","PiercingWail+1","Noxious Fumes+1","Blur+1","Footwork+1","Footwork+1","Night Terror+1","Dodge and Roll+1","Backflip+1","Reflex+1","Outmaneuver+1","Madness","Madness"],"relics":["SacredBark","Golden Idol","Frozen Egg 2","Odd Mushroom","Dream Catcher","Bronze Scales","CaptainsWheel","Runic Dome","ClockworkSouvenir","Thread and Needle","Ornamental Fan","Black Star","White Beast Statue","War Paint","Anchor","Orichalcum","Art of War","Oddly Smooth Stone","Bottled Tornado"],"acts_visited":["Exordium","TheCity","TheBeyond","TheEnding"],"potions_floor_usage":[54,55,55,55],"damage_taken":[{"damage":1.0,"enemies":"2 Louse","floor":1.0,"turns":3.0},{"damage":0.0,"enemies":"Small Slimes","floor":3.0,"turns":4.0},{"damage":0.0,"enemies":"Jaw Worm","floor":5.0,"turns":4.0},{"damage":23.0,"enemies":"3 Sentries","floor":6.0,"turns":12.0},{"damage":12.0,"enemies":"The Mushroom Lair","floor":7.0,"turns":6.0},{"damage":14.0,"enemies":"Gremlin Nob","floor":8.0,"turns":4.0},{"damage":0.0,"enemies":"2 Fungi Beasts","floor":10.0,"turns":4.0},{"damage":1.0,"enemies":"Lagavulin","floor":12.0,"turns":6.0},{"damage":13.0,"enemies":"Gremlin Gang","floor":13.0,"turns":4.0},{"damage":0.0,"enemies":"Slime Boss","floor":16.0,"turns":20.0},{"damage":0.0,"enemies":"Spheric Guardian","floor":18.0,"turns":5.0},{"damage":2.0,"enemies":"Chosen","floor":19.0,"turns":8.0},{"damage":0.0,"enemies":"Centurion and Healer","floor":22.0,"turns":7.0},{"damage":14.0,"enemies":"Book of Stabbing","floor":23.0,"turns":7.0},{"damage":0.0,"enemies":"3 Cultists","floor":27.0,"turns":6.0},{"damage":0.0,"enemies":"Snecko","floor":29.0,"turns":8.0},{"damage":0.0,"enemies":"Gremlin Leader","floor":31.0,"turns":10.0},{"damage":0.0,"enemies":"Champ","floor":33.0,"turns":15.0},{"damage":0.0,"enemies":"Orb Walker","floor":35.0,"turns":6.0},{"damage":0.0,"enemies":"3 Shapes","floor":37.0,"turns":9.0},{"damage":0.0,"enemies":"Spire Growth","floor":38.0,"turns":10.0},{"damage":53.0,"enemies":"Reptomancer","floor":40.0,"turns":11.0},{"damage":0.0,"enemies":"Transient","floor":41.0,"turns":5.0},{"damage":4.0,"enemies":"Writhing Mass","floor":44.0,"turns":11.0},{"damage":0.0,"enemies":"3 Darklings","floor":47.0,"turns":8.0},{"damage":1.0,"enemies":"4 Shapes","floor":48.0,"turns":9.0},{"damage":15.0,"enemies":"Time Eater","floor":50.0,"turns":58.0},{"damage":13,"enemies":"Shield and Spear","floor":54,"turns":11},{"damage":41,"enemies":"The Heart","floor":55,"turns":13}],"seed_played":"2355211428131369168","potions_obtained":[{"floor":6.0,"key":"Regen Potion"},{"floor":7.0,"key":"CultistPotion"},{"floor":12.0,"key":"GamblersBrew"},{"floor":13.0,"key":"EssenceOfSteel"},{"floor":19.0,"key":"Strength Potion"},{"floor":23.0,"key":"Block Potion"},{"floor":31.0,"key":"Fruit Juice"},{"floor":37.0,"key":"Dexterity Potion"},{"floor":40.0,"key":"AttackPotion"},{"floor":41.0,"key":"GamblersBrew"},{"floor":44.0,"key":"LiquidMemories"},{"floor":54,"key":"Energy Potion"}],"is_trial":false,"path_per_floor":["M","?","M","?","M","E","?","E","T","M","R","E","M","$","R","B",null,"M","M","$","?","M","E","?","R","T","M","?","M","R","E","R","B",null,"M","$","M","M","?","E","M","R","T","M","?","R","M","M","R","B",null,"R","$","E","B",null],"character_chosen":"THE_SILENT","items_purchased":["Night Terror","Well Laid Plans+1","ClockworkSouvenir","White Beast Statue","Art of War"],"campfire_rested":2,"item_purchase_floors":[14,14,20,36,53],"current_hp_per_floor":[69,65,65,65,65,42,30,16,16,16,16,15,2,2,2,2,65,65,63,63,63,63,59,59,59,59,59,59,59,59,69,69,69,75,75,75,75,75,75,22,22,44,44,40,31,53,53,52,52,37,75,75,75,62,21],"gold":54,"neow_bonus":"BOSS_RELIC","is_daily":false,"chose_seed":false,"campfire_upgraded":6,"win_rate":0.0,"timestamp":1609999448,"path_taken":["M","?","M","?","M","E","?","E","T","M","R","E","M","$","R","BOSS","M","M","$","?","M","E","?","R","T","?","?","M","R","E","R","BOSS","M","?","?","M","?","E","M","R","T","?","?","R","M","M","R","BOSS","R","$","E","BOSS"],"items_purchased_type":["Card","Card","Relic","Relic","Relic"],"build_version":"2020-12-22","purchased_purges":1,"victory":true,"max_hp_per_floor":[70,65,65,65,65,65,65,65,65,65,65,65,65,65,65,65,65,65,65,65,65,65,65,65,65,65,65,65,65,65,75,75,75,75,75,75,75,75,75,75,75,75,75,75,75,75,75,75,75,75,75,75,75,75,75],"relic_stats":{"Dream Catcher":2,"counters":[29,284],"Golden Idol":210,"Ornamental Fan":[16],"Bronze Scales":[988],"Black Star":2,"Art of War":[11],"War Paint":["Defend_G","Survivor"],"Orichalcum":[6],"obtain_stats":[{"Golden Idol":2,"SacredBark":0,"Oddly Smooth Stone":54,"Thread and Needle":23,"Frozen Egg 2":6,"Odd Mushroom":7,"War Paint":40,"Orichalcum":43,"Bottled Tornado":54,"White Beast Statue":36,"ClockworkSouvenir":20,"Runic Dome":17,"Dream Catcher":8,"CaptainsWheel":12,"Anchor":40,"Ornamental Fan":31,"Bronze Scales":9,"Black Star":34,"Art of War":53,"Ring of the Snake":0},{"Golden Idol":1,"SacredBark":0,"Oddly Smooth Stone":28,"Thread and Needle":14,"Frozen Egg 2":4,"Odd Mushroom":5,"War Paint":22,"Orichalcum":23,"Bottled Tornado":28,"White Beast Statue":19,"ClockworkSouvenir":12,"Runic Dome":10,"Dream Catcher":6,"CaptainsWheel":8,"Anchor":22,"Ornamental Fan":17,"Bronze Scales":6,"Black Star":18,"Art of War":27,"Ring of the Snake":0},{"Golden Idol":3,"SacredBark":0,"Oddly Smooth Stone":271,"Thread and Needle":94,"Frozen Egg 2":23,"Odd Mushroom":29,"War Paint":169,"Orichalcum":174,"Bottled Tornado":271,"White Beast Statue":139,"ClockworkSouvenir":80,"Runic Dome":67,"Dream Catcher":33,"CaptainsWheel":43,"Anchor":169,"Ornamental Fan":118,"Bronze Scales":33,"Black Star":133,"Art of War":260,"Ring of the Snake":0}]},"card_choices":[{"not_picked":["Cloak And Dagger","Acrobatics"],"picked":"Dagger Throw","floor":1.0},{"not_picked":["Choke","Dagger Throw"],"picked":"Slice","floor":3.0},{"not_picked":["Deflect","Dagger Throw"],"picked":"Dodge and Roll","floor":5.0},{"not_picked":["Backflip","Eviscerate"],"picked":"Bouncing Flask","floor":6.0},{"not_picked":["Storm of Steel","Dagger Throw"],"picked":"Deadly Poison","floor":7.0},{"not_picked":["Blade Dance","Riddle With Holes"],"picked":"After Image+1","floor":8.0},{"not_picked":["Flying Knee","Setup"],"picked":"Leg Sweep","floor":10.0},{"not_picked":["Predator","Deadly Poison"],"picked":"Footwork+1","floor":12.0},{"not_picked":["Eviscerate","Deflect"],"picked":"Footwork+1","floor":13.0},{"not_picked":["Burst","Tools of the Trade+1"],"picked":"Malaise","floor":16.0},{"not_picked":["Dagger Spray","Riddle With Holes+1"],"picked":"PiercingWail+1","floor":18.0},{"not_picked":["Riddle With Holes","Accuracy+1","Underhanded Strike"],"picked":"SKIP","floor":19.0},{"not_picked":["Flechettes","Sucker Punch"],"picked":"Blur","floor":22.0},{"not_picked":["Flying Knee","PiercingWail"],"picked":"Footwork+1","floor":23.0},{"not_picked":["Prepared","Unload"],"picked":"Footwork+1","floor":27.0},{"not_picked":["Choke","Slice","Dagger Spray"],"picked":"SKIP","floor":29.0},{"not_picked":["Blade Dance","Riddle With Holes","Cloak And Dagger"],"picked":"SKIP","floor":31.0},{"not_picked":["Wraith Form v2+1","Burst"],"picked":"Night Terror","floor":33.0},{"not_picked":["Deadly Poison","Leg Sweep","Sucker Punch"],"picked":"SKIP","floor":35.0},{"not_picked":["Predator+1","Blade Dance+1","Dagger Throw"],"picked":"SKIP","floor":37.0},{"not_picked":["Deflect+1","Dagger Throw","Blade Dance+1"],"picked":"SKIP","floor":38.0},{"not_picked":["Accuracy+1","Predator"],"picked":"Dodge and Roll+1","floor":40.0},{"not_picked":["Skewer","Predator"],"picked":"Backflip+1","floor":41.0},{"not_picked":["Masterful Stab","Quick Slash"],"picked":"Reflex+1","floor":42.0},{"not_picked":["Blade Dance+1","Deadly Poison"],"picked":"Outmaneuver+1","floor":44.0},{"not_picked":["Sucker Punch+1","Envenom+1","Cloak And Dagger+1"],"picked":"SKIP","floor":47.0},{"not_picked":["Backflip","Flying Knee+1","Dodge and Roll"],"picked":"SKIP","floor":48.0},{"not_picked":["Deadly Poison+1","Outmaneuver+1","Flying Knee"],"picked":"SKIP","floor":54}],"player_experience":1006758,"relics_obtained":[{"floor":6.0,"key":"Frozen Egg 2"},{"floor":7.0,"key":"Odd Mushroom"},{"floor":8.0,"key":"Dream Catcher"},{"floor":9.0,"key":"Bronze Scales"},{"floor":12.0,"key":"CaptainsWheel"},{"floor":23.0,"key":"Thread and Needle"},{"floor":31.0,"key":"Ornamental Fan"},{"floor":40.0,"key":"War Paint"},{"floor":40.0,"key":"Anchor"},{"floor":43.0,"key":"Orichalcum"},{"floor":54,"key":"Oddly Smooth Stone"},{"floor":54,"key":"Bottled Tornado"}],"event_choices":[{"damage_healed":0.0,"max_hp_gain":0.0,"max_hp_loss":5.0,"gold_gain":0.0,"event_name":"Golden Idol","player_choice":"Lose Max HP","floor":2.0,"gold_loss":0.0,"damage_taken":0.0,"relics_obtained":["Golden Idol"]},{"cards_removed":["Strike_G"],"damage_healed":0.0,"max_hp_gain":0.0,"max_hp_loss":0.0,"gold_gain":0.0,"event_name":"The Cleric","player_choice":"Card Removal","floor":4.0,"gold_loss":50.0,"damage_taken":0.0},{"damage_healed":0.0,"max_hp_gain":0.0,"max_hp_loss":0.0,"gold_gain":0.0,"event_name":"Mushrooms","player_choice":"Fought Mushrooms","floor":7.0,"gold_loss":0.0,"damage_taken":0.0},{"damage_healed":0.0,"max_hp_gain":0.0,"max_hp_loss":0.0,"gold_gain":0.0,"event_name":"The Library","player_choice":"Read","floor":21.0,"gold_loss":0.0,"damage_taken":0.0,"cards_obtained":["Noxious Fumes"]},{"damage_healed":0.0,"max_hp_gain":0.0,"max_hp_loss":0.0,"gold_gain":0.0,"event_name":"Lab","player_choice":"Got Potions","floor":24.0,"gold_loss":0.0,"damage_taken":0.0},{"cards_removed":["Strike_G"],"damage_healed":0.0,"max_hp_gain":0.0,"max_hp_loss":0.0,"gold_gain":0.0,"event_name":"Purifier","player_choice":"Purged","floor":28.0,"gold_loss":0.0,"damage_taken":0.0},{"damage_healed":0.0,"max_hp_gain":0.0,"max_hp_loss":0.0,"gold_gain":0.0,"event_name":"NoteForYourself","player_choice":"Ignored","floor":39.0,"gold_loss":0.0,"damage_taken":0.0},{"damage_healed":0.0,"max_hp_gain":0.0,"max_hp_loss":0.0,"gold_gain":0.0,"event_name":"Winding Halls","player_choice":"Embrace Madness","floor":45.0,"gold_loss":0.0,"damage_taken":9.0,"cards_obtained":["Madness","Madness"]}],"is_beta":false,"boss_relics":[{"not_picked":["HoveringKite","Calling Bell"],"picked":"Runic Dome"},{"not_picked":["Empty Cage","Pandora\u0027s Box"],"picked":"Black Star"}],"items_purged_floors":[14],"is_endless":false,"potions_floor_spawned":[6,7,12,13,19,23,27,29,31,37,38,40,41,44,47,48,54],"ascension_level":0}}