{"host":"pno9h1fupbyz205f","time":1609979391,"event":{"mods":["Aspiration","BaseMod","Better Altar","Better Match","Better Note","Better Sensory Stone","Better Skull","Better Third Choice","Colored Map","Colored Powertips","Hubris","Infinite Spire","Jedi Mod","Mad Scientist","Marisa????????","Minty Spire (QoL Compilation)","Permanent Neow","Potionbrewer","Replay The Spire","Shop Mod","StSLib","Td1madao Mod","The Blackbeard","The Gatherer","The Hierophant","The Poker Player","The Runesmith","The Servant 0.9.4","thorton","vexMod"],"gold_per_floor":[117,6,6,16,16,16,33,33,33,52,68,68,82,82,82,179,179,197,222,222,11,11,11,24,24,24,37,55,3,3,14,14,109,109,121,131,149,124,142,142,142],"floor_reached":40,"playtime":2126,"items_purged":["Strike_C","Light Attack"],"score":455,"play_id":"b0069120-b293-4cc6-81a9-162e755766e8","local_time":"20210106162951","is_ascension_mode":false,"campfire_choices":[{"data":"Provocative","floor":6,"key":"SMITH"},{"data":"Sub Weapons","floor":12,"key":"SMITH"},{"floor":15,"key":"DIG"},{"data":"Light Attack","floor":23,"key":"SMITH"},{"data":"Moon Tear","floor":25,"key":"SMITH"},{"data":"Mayhem","floor":32,"key":"SMITH"}],"circlet_count":0,"master_deck":["Strike_C","Strike_C","Strike_C","Defend_C","Defend_C","Defend_C","Knight Kick","Chip+1","Moon Tear+1","Provocative+1","Machining+1","Sub Weapons+1","Light Attack+1","Twin Teeth","Black Contract","Fixing","Finesse","Fixing","Weapon Shift","Defend System","Here Defend Chip","hubris:Insight","Mayhem+1","Chip Synthesis","Fixing+1","Here Defend Chip"],"relics":["Apod","aspiration:FrozenJewel","hubris:Towel","infinitespire:Broken Mirror","potionbrewer:Torch","infinitespire:Satchel","MerchantsRug","Centennial Puzzle","hubris:Stopwatch","hubris:SphereOfDissonance"],"acts_visited":["Exordium","TheCity","TheBeyond"],"potions_floor_usage":[13,16,16,16,27,31,33,40,40,40],"damage_taken":[{"damage":1,"enemies":"Jaw Worm","floor":1,"turns":6},{"damage":2,"enemies":"2 Louse","floor":4,"turns":4},{"damage":0,"enemies":"Small Slimes","floor":7,"turns":3},{"damage":1,"enemies":"Red Slaver","floor":10,"turns":3},{"damage":0,"enemies":"Blue Slaver","floor":11,"turns":3},{"damage":3,"enemies":"Large Slime","floor":13,"turns":5},{"damage":61,"enemies":"The Guardian","floor":16,"turns":12},{"damage":21,"enemies":"Spheric Guardian","floor":18,"turns":4},{"damage":0,"enemies":"Shell Parasite","floor":24,"turns":3},{"damage":8,"enemies":"Snake Plant","floor":27,"turns":2},{"damage":0,"enemies":"Shelled Parasite and Fungi","floor":28,"turns":4},{"damage":0,"enemies":"Cultist and Chosen","floor":31,"turns":6},{"damage":49,"enemies":"hubris:MusketHawk","floor":33,"turns":10},{"damage":20,"enemies":"3 Darklings","floor":35,"turns":8},{"damage":41,"enemies":"3 Shapes","floor":36,"turns":5},{"damage":1,"enemies":"Spire Growth","floor":37,"turns":6},{"damage":0,"enemies":"4 Shapes","floor":39,"turns":1},{"damage":49,"enemies":"Nightmare","floor":40,"turns":7}],"seed_played":"3385375372475010650","potions_obtained":[{"floor":7,"key":"potionbrewer:DiscountPotion"},{"floor":10,"key":"potionbrewer:SplittingPotion"},{"floor":16,"key":"potionbrewer:BarricadePotion"},{"floor":18,"key":"Adrenaline Potion"},{"floor":28,"key":"potionbrewer:HastePotion"},{"floor":37,"key":"SpeedPotion"},{"floor":39,"key":"EntropicBrew"}],"is_trial":false,"path_per_floor":["M","$","?","M","T","R","M","?","T","M","M","R","M","?","R_BF","B",null,"M","T","?","$","T","R","M","R","T","M","M","$","?","M","R","B",null,"M","M","M","?","M","NM"],"character_chosen":"TD1MADAO_CLASS","items_purchased":["Machining+1","MerchantsRug","Finesse","Here Defend Chip"],"campfire_rested":0,"item_purchase_floors":[2,21,21,29],"current_hp_per_floor":[69,69,69,67,67,67,67,67,67,66,66,66,63,63,63,2,100,79,79,79,79,79,79,79,79,85,77,77,77,77,77,77,28,106,86,45,44,44,44,0,0],"gold":142,"neow_bonus":"ONE_RANDOM_RARE_CARD","is_daily":false,"chose_seed":false,"campfire_upgraded":5,"win_rate":0.0,"timestamp":1609979391,"path_taken":["M","$","?","M","?","R","M","?","T","M","?","R","M","?","R_BF","BOSS","M","?","?","$","?","R","?","R","T","?","M","$","?","M","R","BOSS","M","M","M","?","M","NM"],"items_purchased_type":["Card","Relic","Card","Card"],"build_version":"2020-12-22","purchased_purges":2,"victory":false,"max_hp_per_floor":[70,70,70,70,70,70,70,70,70,70,70,70,70,70,70,70,100,100,100,100,100,100,100,100,100,106,106,106,106,106,106,106,106,106,106,106,106,106,106,106,106],"card_choices":[{"not_picked":["Lunge","Sudden Beat"],"picked":"Provocative","floor":1},{"not_picked":["Fire Up","Lunge"],"picked":"Sub Weapons","floor":4},{"not_picked":["Preloading","Revenge"],"picked":"Light Attack","floor":7},{"not_picked":["Sudden Beat","Lore"],"picked":"Light Attack","floor":10},{"not_picked":["Black Hand","Machining","Afterwards"],"picked":"SKIP","floor":11},{"not_picked":["E MP","Oblique Hack"],"picked":"Twin Teeth","floor":13},{"not_picked":["Overclocking","Format All Data"],"picked":"Black Contract","floor":16},{"not_picked":["Rupture","Afterwards"],"picked":"Fixing","floor":18},{"not_picked":["Sudden Beat","Oblique Hack"],"picked":"Fixing","floor":24},{"not_picked":["Sudden Beat+1","Paralysis+1"],"picked":"Weapon Shift","floor":27},{"not_picked":["Memory Alloy","Three Hit"],"picked":"Defend System","floor":28},{"not_picked":["Poisoned Strike","Discovery"],"picked":"hubris:Insight","floor":30},{"not_picked":["Midas Touch","Specialist"],"picked":"Mayhem","floor":30},{"not_picked":["Twin Teeth+1","Judgment","Black Execution+1"],"picked":"SKIP","floor":31},{"not_picked":["Overclocking","Shockwave Tdmadao"],"picked":"Chip Synthesis","floor":33},{"not_picked":["Sudden Beat+1","Cursed Blade","Resistance"],"picked":"SKIP","floor":35},{"not_picked":["White Contract","Sudden Beat+1"],"picked":"Fixing+1","floor":36},{"not_picked":["Afterwards","Three Hit+1","Oblique Hack+1"],"picked":"SKIP","floor":37},{"not_picked":["Money Cant Rescue","Black Shadow+1"],"picked":"Here Defend Chip","floor":39}],"player_experience":106472,"relics_obtained":[{"floor":5,"key":"aspiration:FrozenJewel"},{"floor":9,"key":"infinitespire:Broken Mirror"},{"floor":15,"key":"potionbrewer:Torch"},{"floor":19,"key":"infinitespire:Satchel"},{"floor":22,"key":"Centennial Puzzle"},{"floor":26,"key":"vexMod:BerryBomb"}],"event_choices":[{"damage_healed":0,"gold_gain":0,"player_choice":"Upgraded","damage_taken":0,"max_hp_gain":0,"max_hp_loss":0,"event_name":"Upgrade Shrine","floor":14,"gold_loss":0,"cards_upgraded":["Chip"]},{"cards_removed":["Black Contract"],"damage_healed":0,"gold_gain":0,"player_choice":"Give","damage_taken":0,"max_hp_gain":0,"max_hp_loss":0,"event_name":"betterNote:BetterNote","floor":20,"gold_loss":0,"cards_obtained":["None"]},{"damage_healed":0,"gold_gain":2,"player_choice":"1","damage_taken":0,"max_hp_gain":0,"max_hp_loss":0,"event_name":"betterStone:BetterStone","floor":30,"gold_loss":0}],"is_beta":false,"boss_relics":[{"not_picked":["vexMod:NewClearReactor","Honey Jar"],"picked":"vexMod:BigBerry"},{"not_picked":["Coffee Dripper","ChewingGum"],"picked":"hubris:Stopwatch"}],"items_purged_floors":[2,21],"is_endless":false,"potions_floor_spawned":[7,10,16,18,28,37,39],"killed_by":"Nightmare","ascension_level":0}}