{"host":"qxfsqqkvz99y95yf","time":1609991205,"event":{"mods":["BaseMod","Infinite Spire","Minty Spire (QoL Compilation)","Replay The Spire","StSLib"],"gold_per_floor":[118,118,418,442,53,53,53,69,144,177,193,216,391,391,391,391,391],"floor_reached":16,"playtime":1179,"items_purged":["Defend_R"],"score":100,"play_id":"da2129a0-28c0-4650-a9df-98a62d766849","local_time":"20210106224645","is_ascension_mode":false,"campfire_choices":[{"data":"Perfected Strike","floor":6,"key":"SMITH"},{"data":"infinitespire:OneForAll","floor":15,"key":"SMITH"}],"circlet_count":0,"master_deck":["Strike_R","Strike_R","Strike_R","Strike_R","Defend_R","Defend_R","Defend_R","Bash","Impervious","Wild Strike","Perfected Strike+1","Fire Breathing","Flash of Steel","True Grit","infinitespire:OneForAll+1","Headbutt","Demon Form","Doubt"],"relics":["Burning Blood","Golden Idol","Old Coin","MealTicket","Singing Bowl","Gremlin Horn"],"acts_visited":["Exordium"],"potions_floor_usage":[16,16,16],"damage_taken":[{"damage":6,"enemies":"Jaw Worm","floor":1,"turns":5},{"damage":0,"enemies":"Small Slimes","floor":4,"turns":3},{"damage":1,"enemies":"Cultist","floor":8,"turns":3},{"damage":26,"enemies":"Replay:BlueRogue","floor":10,"turns":5},{"damage":8,"enemies":"2 Fungi Beasts","floor":11,"turns":3},{"damage":12,"enemies":"Blue Slaver","floor":12,"turns":3},{"damage":31,"enemies":"Hexaghost","floor":16,"turns":11}],"seed_played":"6239495160030377287","potions_obtained":[{"floor":4,"key":"Dexterity Potion"},{"floor":7,"key":"SpeedPotion"},{"floor":7,"key":"BlessingOfTheForge"},{"floor":7,"key":"Ancient Potion"}],"is_trial":false,"path_per_floor":["M","?","?","M","$","R","?","M","T","E","M","M","?","T","R","B"],"character_chosen":"IRONCLAD","items_purchased":["Fire Breathing","Flash of Steel","MealTicket"],"campfire_rested":0,"item_purchase_floors":[5,5,5],"current_hp_per_floor":[80,60,48,54,54,54,54,59,59,39,37,31,31,31,31,0,0],"gold":391,"neow_bonus":"RANDOM_EVENT","is_daily":false,"chose_seed":false,"campfire_upgraded":2,"win_rate":0.0,"timestamp":1609991205,"path_taken":["M","?","?","M","$","R","?","?","T","E","M","M","?","?","R","BOSS"],"items_purchased_type":["Card","Card","Relic"],"build_version":"2020-12-22","purchased_purges":1,"victory":false,"max_hp_per_floor":[80,80,80,80,80,80,80,80,80,80,80,80,80,80,80,80,80],"card_choices":[{"not_picked":["Shockwave","Clash"],"picked":"Wild Strike","floor":1},{"not_picked":["Reckless Charge","Run Through"],"picked":"Perfected Strike","floor":4},{"not_picked":["Heavy Blade","Body Slam"],"picked":"True Grit","floor":8},{"not_picked":["Perfected Strike","True Grit"],"picked":"infinitespire:OneForAll","floor":10},{"not_picked":["Searing Blow","ReplayReversal"],"picked":"Headbutt","floor":11},{"not_picked":["ReplayTheSpireMod:Muscle Training","Pummel"],"picked":"Demon Form","floor":12}],"player_experience":168015,"relics_obtained":[{"floor":9,"key":"Singing Bowl"},{"floor":10,"key":"Gremlin Horn"}],"event_choices":[{"damage_healed":0,"gold_gain":0,"cards_transformed":["Strike_R"],"player_choice":"Change","damage_taken":0,"max_hp_gain":0,"max_hp_loss":0,"event_name":"Living Wall","floor":0,"gold_loss":0,"cards_obtained":["Impervious"]},{"damage_healed":0,"gold_gain":0,"player_choice":"Take Damage","damage_taken":20,"relics_obtained":["Golden Idol"],"max_hp_gain":0,"max_hp_loss":0,"event_name":"Golden Idol","floor":2,"gold_loss":0},{"damage_healed":0,"gold_gain":0,"player_choice":"Success","damage_taken":12,"relics_obtained":["Old Coin"],"max_hp_gain":0,"max_hp_loss":0,"event_name":"Scrap Ooze","floor":3,"gold_loss":0},{"damage_healed":0,"gold_gain":0,"player_choice":"Got Potions","damage_taken":0,"max_hp_gain":0,"max_hp_loss":0,"event_name":"Lab","floor":7,"gold_loss":0},{"damage_healed":0,"gold_gain":175,"player_choice":"AGREE","damage_taken":0,"max_hp_gain":0,"max_hp_loss":0,"event_name":"Liars Game","floor":13,"gold_loss":0,"cards_obtained":["Doubt"]}],"is_beta":false,"boss_relics":[],"items_purged_floors":[5],"is_endless":false,"potions_floor_spawned":[4,8,12],"killed_by":"Hexaghost","ascension_level":0}}