{"host":"oqhjdqr9xcmboomw","time":1609978486,"event":{"mods":["2.2 Compatiblity","AchievementEnabler","Act Like it!","Aspiration","BaseMod","Beaked The Cultist","Better Third Choice","Conjunction","Conspire","Disable Question Mark Monsters","Downfall","Elementarium","Energized Spire","GifTheSpireLib","Halation","Hallownest","Hermit","Hubris","Infinite Spire","Jorbs\u0027s Wanderer Trilogy","Mimic Mod","Minty Spire (QoL Compilation)","Random Character Button","Rare Cards Sparkle","Replay The Spire","Spicy Shops","Spikes Relics","StSLib","Stuff the Spire","The Blackbeard","The Blue Laboratory","The Cursed","The Disciple","The Gatherer","The Hierophant","The Judge","The Mystic","The Saiyan","The Wild Card","Unceasing Turn Reminder","Wandering Minibosses","vexMod"],"gold_per_floor":[99,99,9,9,22,51,51,61,61,61,46,496,496,496,511,607,607,607,624,643,643,656,689,689,689,706,706,739,758,769,262,281,380,380,380,398,398,413,424,450,476,476,493,508,519,536,563,563,581,581],"floor_reached":51,"playtime":4409,"items_purged":["Hallucinations","champ:Strike"],"score":831,"play_id":"a648f2ad-adb4-4e58-9bd1-efee752269e8","local_time":"20210106191446","is_ascension_mode":false,"campfire_choices":[{"data":"champ:Execute","floor":1.0,"key":"SMITH"},{"data":"champ:ArenaPreparation","floor":10.0,"key":"SMITH"},{"data":"champ:Lariat","floor":13.0,"key":"SMITH"},{"data":"Slimebound:Icky","floor":18.0,"key":"PURGE"},{"data":"Slimebound:Icky","floor":27.0,"key":"PURGE"},{"data":"champ:HoldFirm","floor":35.0,"key":"SMITH"},{"data":"champ:TornadoPunch","floor":42.0,"key":"SMITH"}],"circlet_count":0,"master_deck":["champ:Strike+1","champ:Strike+1","champ:Strike","champ:Defend","champ:Defend","champ:Defend","champ:Defend","champ:Execute+1","champ:Taunt+1","champ:ArenaPreparation+1","champ:TornadoPunch+1","champ:Lariat+1","Slimebound:Icky","champ:RecklessLeap","champ:PerfectForm+1","champ:TornadoPunch+1","champ:DeathBlow","champ:HoldFirm+1","Replay:Sssssssssshield+1","champ:FanOfKnives","champ:SkillfulDodge+1","champ:BringItOn+1","champ:BladeFlurry"],"relics":["Snecko Eye","ReplayTheSpireMod:Ring of Collecting","halation:EternalFortune","Matryoshka","Ring of Peace","ReplayFunnel","vexMod:ScavengeHelm","halation:PinkSoulGem","hubris:Backtick","Peace Pipe","MutagenicStrength","wanderingMiniBosses:Inkheart","infinitespire:Satchel","ReplayTheSpireMod:Ring of Challenge","vexMod:BarristanHead","halation:TwoAmDonut","Bottled Lightning","Ring of Misfortune","vexMod:PaidLearning","aspiration:Nostalgia","beaked:MendingPlumage","energizedSpire:OgreHead","Simple Rune","infinitespire:Beetle Shell","Bottled Flame","hubris:Icosahedron"],"acts_visited":["Exordium","TheCity","TheBeyond"],"potions_floor_usage":[44,44,44,45],"damage_taken":[{"damage":10.0,"enemies":"downfall:FleeingMerchant","floor":3.0,"turns":4.0},{"damage":57.0,"enemies":"Small Slimes","floor":5.0,"turns":6.0},{"damage":49.0,"enemies":"Lagavulin","floor":6.0,"turns":7.0},{"damage":41.0,"enemies":"conspire:RoseBush","floor":8.0,"turns":7.0},{"damage":23.0,"enemies":"downfall:FleeingMerchant","floor":11.0,"turns":4.0},{"damage":0.0,"enemies":"2 Louse","floor":15.0,"turns":2.0},{"damage":63.0,"enemies":"downfall:Silent","floor":16.0,"turns":6.0},{"damage":47.0,"enemies":"Spheric Guardian","floor":19.0,"turns":2.0},{"damage":78.0,"enemies":"conspire:FuzzyDice","floor":20.0,"turns":4.0},{"damage":26.0,"enemies":"Centurion and Healer","floor":22.0,"turns":4.0},{"damage":42.0,"enemies":"Slavers","floor":23.0,"turns":5.0},{"damage":51.0,"enemies":"Snake Plant","floor":26.0,"turns":5.0},{"damage":42.0,"enemies":"Snecko","floor":28.0,"turns":4.0},{"damage":14.0,"enemies":"Snecko","floor":29.0,"turns":4.0},{"damage":25.0,"enemies":"Shelled Parasite and Fungi","floor":30.0,"turns":4.0},{"damage":59.0,"enemies":"downfall:FleeingMerchant","floor":31.0,"turns":4.0},{"damage":18.0,"enemies":"Snake Plant","floor":32.0,"turns":4.0},{"damage":99.0,"enemies":"downfall:Watcher","floor":33.0,"turns":6.0},{"damage":37.0,"enemies":"Orb Walker","floor":36.0,"turns":2.0},{"damage":32.0,"enemies":"3 Shapes","floor":38.0,"turns":3.0},{"damage":51.0,"enemies":"Transient","floor":39.0,"turns":5.0},{"damage":59.0,"enemies":"R_Hoarder","floor":40.0,"turns":5.0},{"damage":71,"enemies":"Maw","floor":43,"turns":6},{"damage":46,"enemies":"3 Darklings","floor":44,"turns":3},{"damage":71,"enemies":"Writhing Mass","floor":45,"turns":3},{"damage":70,"enemies":"Maw","floor":46,"turns":6},{"damage":50,"enemies":"Nemesis","floor":47,"turns":5},{"damage":26,"enemies":"Jaw Worm Horde","floor":49,"turns":4},{"damage":66,"enemies":"downfall:Ironclad","floor":50,"turns":10}],"seed_played":"-5013864661805793852","potions_obtained":[{"floor":5.0,"key":"Elixir"},{"floor":6.0,"key":"GamblersBrew"},{"floor":15.0,"key":"CultistPotion"},{"floor":20.0,"key":"sneckomod:MuddlingPotion"},{"floor":22.0,"key":"Swift Potion"},{"floor":23.0,"key":"blueLaboratory:BubblePotion"},{"floor":30.0,"key":"Elixir"},{"floor":32.0,"key":"Slimebound:ThreeZeroPotion"},{"floor":33.0,"key":"champ:OpenerPotion"},{"floor":44,"key":"AttackPotion"},{"floor":45,"key":"Doom Potion"}],"is_trial":false,"path_per_floor":["R","?","$","?","M","E","T","M","?","R","$","?","R","?","M","B",null,"R","M","M","?","M","E","T","?","M","R","MIM","M","M","$","M","B",null,"R","M","?","M","M","E","T","R","M","M","M","M","E","?","M","B",null],"character_chosen":"THE_CHAMP","items_purchased":["vexMod:PaidLearning","Replay:Sssssssssshield","aspiration:Nostalgia"],"campfire_rested":0,"item_purchase_floors":[31,31,31],"current_hp_per_floor":[90,90,90,93,81,50,50,51,51,51,54,54,54,54,59,50,96,96,96,91,91,96,89,89,89,86,86,91,96,96,96,96,99,99,99,99,99,99,99,99,99,99,99,99,99,99,99,99,99,99],"gold":581,"neow_bonus":"BOSS_RELIC","is_daily":false,"chose_seed":false,"campfire_upgraded":5,"win_rate":0.0,"timestamp":1609978486,"path_taken":["R","?","$","?","M","E","T","M","?","R","$","?","R","?","M","BOSS","R","M","M","?","M","E","T","?","M","R","?","M","M","$","M","BOSS","R","M","?","M","?","E","T","R","M","M","?","M","E","?","M","BOSS"],"items_purchased_type":["Relic","Card","Relic"],"build_version":"2020-12-22","purchased_purges":2,"victory":true,"max_hp_per_floor":[90,90,90,93,93,93,93,96,96,96,96,96,96,96,96,96,96,96,96,96,96,96,96,96,96,96,96,96,96,96,96,96,99,99,99,99,99,99,99,99,99,99,99,99,99,99,99,99,99,99],"card_choices":[{"not_picked":["champ:Backstep","champ:DefensiveStyle"],"picked":"champ:ArenaPreparation","floor":3.0},{"not_picked":["champ:BerserkerStyle","champ:HeartStrike"],"picked":"champ:TornadoPunch","floor":5.0},{"not_picked":["champ:DefensiveShout","champ:AdrenalArmor","champ:StanceDance"],"picked":"SKIP","floor":6.0},{"not_picked":["champ:PerfectedStrike","champ:BladeFlurry","champ:ShieldThrow"],"picked":"SKIP","floor":8.0},{"not_picked":["champ:FalseCounter","champ:Riposte"],"picked":"champ:Lariat","floor":11.0},{"not_picked":["champ:Haymaker","champ:ShieldWall"],"picked":"champ:RecklessLeap","floor":15.0},{"not_picked":["champ:CrownThrow","champ:HoldFirm"],"picked":"champ:PerfectForm","floor":16.0},{"not_picked":["champ:CrookedStrike+1","champ:Lariat","champ:FlashCut"],"picked":"SKIP","floor":19.0},{"not_picked":["champ:BerserkersShout+1","champ:EnGarde","champ:Backstep+1"],"picked":"SKIP","floor":20.0},{"not_picked":["champ:StanceDance","champ:BladeFlurry","champ:CrookedStrike"],"picked":"SKIP","floor":22.0},{"not_picked":["champ:Shatter+1","champ:RapidStrikes","champ:FightOn"],"picked":"SKIP","floor":23.0},{"not_picked":["champ:CrookedStrike+1","champ:GladiatorsShout+1","champ:GutPunch+1"],"picked":"SKIP","floor":26.0},{"not_picked":["champ:RisingSlash","champ:FanOfKnives"],"picked":"champ:TornadoPunch","floor":28.0},{"not_picked":["champ:PerfectedStrike","champ:AdrenalArmor","champ:BladeFlurry"],"picked":"SKIP","floor":29.0},{"not_picked":["champ:Backstep+1","champ:TornadoPunch"],"picked":"champ:DeathBlow","floor":30.0},{"not_picked":["champ:CrookedStrike","champ:DefensiveShout"],"picked":"champ:HoldFirm","floor":31.0},{"not_picked":["champ:GladiatorsShout","champ:Lariat+1"],"picked":"champ:FanOfKnives","floor":32.0},{"not_picked":["champ:AdrenalArmor+1","champ:FightOn"],"picked":"champ:SkillfulDodge+1","floor":36.0},{"not_picked":["champ:StanceDance","champ:Duel+1","champ:GladiatorsShout"],"picked":"SKIP","floor":38.0},{"not_picked":["champ:DefensiveShout","champ:Circumvent"],"picked":"champ:BringItOn+1","floor":39.0},{"not_picked":["champ:GladiatorsShout","champ:FaceSlap","champ:Duel"],"picked":"SKIP","floor":40.0},{"not_picked":["champ:BerserkersShout","champ:FocusedBerserking","champ:Encircle"],"picked":"SKIP","floor":43},{"not_picked":["champ:RisingSlash","champ:StanceDance","champ:TornadoPunch"],"picked":"SKIP","floor":44},{"not_picked":["champ:Devastate","champ:BerserkersShout+1","champ:IronFortress+1"],"picked":"SKIP","floor":45},{"not_picked":["champ:FanOfKnives+1","champ:AdrenalArmor+1","champ:FlashCut"],"picked":"SKIP","floor":46},{"not_picked":["champ:HeartStrike+1","champ:IronFortress+1"],"picked":"champ:BladeFlurry","floor":47},{"not_picked":["champ:BringItOn","champ:PerfectedStrike","champ:GladiatorsShout"],"picked":"SKIP","floor":49}],"player_experience":1074271,"relics_obtained":[{"floor":2.0,"key":"ReplayTheSpireMod:Ring of Collecting"},{"floor":6.0,"key":"Matryoshka"},{"floor":7.0,"key":"Ring of Peace"},{"floor":7.0,"key":"ReplayFunnel"},{"floor":7.0,"key":"vexMod:ScavengeHelm"},{"floor":8.0,"key":"halation:EternalFortune"},{"floor":22.0,"key":"wanderingMiniBosses:Inkheart"},{"floor":23.0,"key":"infinitespire:Satchel"},{"floor":24.0,"key":"ReplayTheSpireMod:Ring of Challenge"},{"floor":24.0,"key":"vexMod:BarristanHead"},{"floor":24.0,"key":"halation:TwoAmDonut"},{"floor":28.0,"key":"Bottled Lightning"},{"floor":28.0,"key":"Ring of Misfortune"},{"floor":33.0,"key":"halation:EternalFortune"},{"floor":40.0,"key":"Simple Rune"},{"floor":41.0,"key":"infinitespire:Beetle Shell"},{"floor":47,"key":"Bottled Flame"}],"event_choices":[{"damage_healed":0.0,"max_hp_gain":0.0,"max_hp_loss":0.0,"gold_gain":0.0,"event_name":"Living Wall","player_choice":"Grow","floor":14.0,"gold_loss":0.0,"damage_taken":0.0,"cards_upgraded":["champ:Taunt"]},{"damage_healed":0.0,"max_hp_gain":0.0,"max_hp_loss":0.0,"gold_gain":0.0,"event_name":"Drug Dealer","player_choice":"Inject Mutagens","floor":21.0,"gold_loss":0.0,"damage_taken":0.0,"relics_obtained":["MutagenicStrength"]},{"damage_healed":0.0,"max_hp_gain":0.0,"max_hp_loss":0.0,"gold_gain":0.0,"event_name":"Upgrade Shrine","player_choice":"Upgraded","floor":37.0,"gold_loss":0.0,"damage_taken":0.0,"cards_upgraded":["Replay:Sssssssssshield"]}],"is_beta":false,"boss_relics":[{"not_picked":["halation:Yufonium","energizedSpire:NeverEndingSparkler"],"picked":"hubris:Backtick"},{"not_picked":["SacredBark","halation:PinkAlligatorPlush"],"picked":"energizedSpire:OgreHead"}],"items_purged_floors":[3,31],"is_endless":false,"potions_floor_spawned":[5,6,15,20,22,23,30,32,33,36,40,44,45],"ascension_level":0}}