{"host":"qxeepl7ydvsgmfdb","time":1609991969,"event":{"mods":["AchievementEnabler","BaseMod","Colored Powertips","Minty Spire (QoL Compilation)","Quick Restart","slay the spire mod where everything is the same but ironclad has a cowboy hat"],"gold_per_floor":[111,121,121,121,136,136,165,181,181,209,59,72,72,86,86,215,278,297,212,284,284,284,284,309,309,309,337,352,352,116,130,130,225,225,237,237,0,0,20,47,47,97,97,97,125,125,137,37,37,37,37],"floor_reached":50,"playtime":1686,"items_purged":["Regret","Injury","Writhe"],"score":759,"play_id":"e1179c20-a2b0-4576-bff6-c78a01afdc0c","local_time":"20210106225929","is_ascension_mode":true,"campfire_choices":[{"floor":6.0,"key":"REST"},{"floor":15.0,"key":"REST"},{"floor":23.0,"key":"REST"},{"data":"Die Die Die","floor":25,"key":"SMITH"},{"data":"Noxious Fumes","floor":32,"key":"SMITH"},{"floor":41,"key":"REST"},{"data":"Backstab","floor":44,"key":"SMITH"},{"floor":46,"key":"REST"},{"floor":49,"key":"REST"}],"circlet_count":0,"master_deck":["Strike_G","Strike_G","Strike_G","Strike_G","Defend_G","Defend_G","Defend_G","Defend_G","Survivor","Neutralize","Blade Dance","Sucker Punch","Noxious Fumes+1","Poisoned Stab","Dagger Spray","Noxious Fumes+1","Sucker Punch","Dagger Throw","Die Die Die+1","Backflip","Backstab+1","Deadly Poison+1","Slice+1"],"relics":["Ring of the Snake","Pen Nib","Pantograph","PreservedInsect","Letter Opener","Matryoshka","Bloody Idol","Toxic Egg 2","Toy Ornithopter","Blue Candle","Du-Vu Doll","Pocketwatch","The Courier","Vajra","StoneCalendar","Nloth\u0027s Gift","Lee\u0027s Waffle","Empty Cage","Red Mask","Anchor","Thread and Needle","White Beast Statue","Ancient Tea Set"],"acts_visited":["Exordium","TheCity","TheBeyond"],"potions_floor_usage":[24,27,33,33,33,35,45,45,47,50],"damage_taken":[{"damage":5.0,"enemies":"2 Louse","floor":1.0,"turns":3.0},{"damage":11.0,"enemies":"Jaw Worm","floor":2.0,"turns":5.0},{"damage":0.0,"enemies":"Cultist","floor":5.0,"turns":3.0},{"damage":14.0,"enemies":"Gremlin Nob","floor":7.0,"turns":5.0},{"damage":11.0,"enemies":"Blue Slaver","floor":8.0,"turns":3.0},{"damage":9.0,"enemies":"3 Sentries","floor":10.0,"turns":2.0},{"damage":16.0,"enemies":"Looter","floor":12.0,"turns":4.0},{"damage":13.0,"enemies":"Exordium Thugs","floor":14.0,"turns":4.0},{"damage":33.0,"enemies":"The Guardian","floor":16.0,"turns":10.0},{"damage":22.0,"enemies":"Spheric Guardian","floor":18.0,"turns":4.0},{"damage":4,"enemies":"Gremlin Leader","floor":24,"turns":4},{"damage":46,"enemies":"Slavers","floor":27,"turns":3},{"damage":0,"enemies":"2 Thieves","floor":28,"turns":1},{"damage":12,"enemies":"Chosen and Byrds","floor":31,"turns":4},{"damage":73,"enemies":"Automaton","floor":33,"turns":7},{"damage":52,"enemies":"3 Darklings","floor":35,"turns":5},{"damage":9,"enemies":"3 Shapes","floor":39,"turns":5},{"damage":40,"enemies":"Nemesis","floor":40,"turns":7},{"damage":0,"enemies":"Mind Bloom Boss Battle","floor":42,"turns":5},{"damage":50,"enemies":"Giant Head","floor":45,"turns":7},{"damage":49,"enemies":"Spire Growth","floor":47,"turns":5},{"damage":80,"enemies":"Donu and Deca","floor":50,"turns":5}],"seed_played":"-3225300465532174064","potions_obtained":[{"floor":0.0,"key":"SkillPotion"},{"floor":0.0,"key":"Poison Potion"},{"floor":0.0,"key":"DuplicationPotion"},{"floor":5.0,"key":"Block Potion"},{"floor":10.0,"key":"CultistPotion"},{"floor":12.0,"key":"Fire Potion"},{"floor":17.0,"key":"SneckoOil"},{"floor":28,"key":"DuplicationPotion"},{"floor":33,"key":"LiquidMemories"},{"floor":35,"key":"Ancient Potion"},{"floor":40,"key":"GamblersBrew"},{"floor":42,"key":"Energy Potion"},{"floor":45,"key":"Block Potion"},{"floor":47,"key":"Swift Potion"}],"is_trial":false,"path_per_floor":["M","M","?","T","M","R","E","M","T","E","$","M","?","M","R","B",null,"M","?","T","?","?","R","E","R","T","E","M","?","$","M","R","B",null,"M","?","?","?","M","E","R","?","T","R","E","R","M","$","R","B"],"character_chosen":"THE_SILENT","items_purchased":["Noxious Fumes","Lee\u0027s Waffle","PowerPotion"],"campfire_rested":6,"item_purchase_floors":[11,30,30],"current_hp_per_floor":[58,47,47,47,47,68,54,43,43,34,34,18,18,5,26,18,62,40,40,40,40,40,62,68,68,68,32,37,37,82,75,75,19,66,24,45,45,45,41,6,30,60,60,60,25,49,10,10,34,0,0],"gold":37,"neow_bonus":"THREE_SMALL_POTIONS","is_daily":false,"chose_seed":false,"campfire_upgraded":3,"win_rate":0.0,"timestamp":1609991969,"path_taken":["M","M","?","?","M","R","E","?","T","E","$","M","?","M","R","BOSS","M","?","?","?","?","R","E","R","T","E","M","?","$","?","R","BOSS","M","?","?","?","?","E","R","?","T","R","E","R","M","$","R","BOSS"],"items_purchased_type":["Card","Relic","Potion"],"build_version":"2020-12-22","purchased_purges":3,"victory":false,"max_hp_per_floor":[70,70,70,70,70,70,70,70,70,70,70,70,70,70,70,70,75,75,75,75,75,75,75,75,75,75,75,75,75,82,82,82,82,82,82,82,82,82,82,82,82,82,82,82,82,82,82,82,82,82,82],"card_choices":[{"not_picked":["Finisher","Bane"],"picked":"Blade Dance","floor":1.0},{"not_picked":["Dagger Throw","Dodge and Roll"],"picked":"Sucker Punch","floor":2.0},{"not_picked":["Catalyst","Choke","Endless Agony"],"picked":"SKIP","floor":5.0},{"not_picked":["Endless Agony","Flying Knee"],"picked":"Noxious Fumes","floor":7.0},{"not_picked":["Cloak And Dagger","Unload"],"picked":"Poisoned Stab","floor":8.0},{"not_picked":["Catalyst","Dagger Throw"],"picked":"Dagger Spray","floor":10.0},{"not_picked":["Crippling Poison","Noxious Fumes"],"picked":"Sucker Punch","floor":12.0},{"not_picked":["PiercingWail","Concentrate"],"picked":"Dagger Throw","floor":14.0},{"not_picked":["Storm of Steel","After Image"],"picked":"Die Die Die","floor":16.0},{"not_picked":["Quick Slash","Deflect"],"picked":"Backflip","floor":17.0},{"not_picked":["Dagger Throw","Heel Hook"],"picked":"Backstab","floor":18.0},{"not_picked":["Escape Plan+1","Noxious Fumes","Sucker Punch"],"picked":"SKIP","floor":24},{"not_picked":["PiercingWail+1","Phantasmal Killer+1"],"picked":"Deadly Poison+1","floor":27},{"not_picked":["Backflip+1","Crippling Poison+1","Noxious Fumes+1"],"picked":"SKIP","floor":28},{"not_picked":["Eviscerate","Catalyst+1","Expertise+1"],"picked":"SKIP","floor":31},{"not_picked":["Dodge and Roll+1","Choke+1","Sucker Punch"],"picked":"SKIP","floor":35},{"not_picked":["Dodge and Roll+1","Crippling Poison+1","Well Laid Plans"],"picked":"SKIP","floor":39},{"not_picked":["Masterful Stab+1","Tools of the Trade","Poisoned Stab"],"picked":"SKIP","floor":40},{"not_picked":["Caltrops+1","Heel Hook"],"picked":"Slice+1","floor":42},{"not_picked":["Die Die Die","Expertise+1","Well Laid Plans+1"],"picked":"SKIP","floor":45},{"not_picked":["Prepared+1","Accuracy","Eviscerate+1"],"picked":"SKIP","floor":47}],"player_experience":380534,"relics_obtained":[{"floor":4.0,"key":"Pantograph"},{"floor":7.0,"key":"PreservedInsect"},{"floor":9.0,"key":"Letter Opener"},{"floor":10.0,"key":"Matryoshka"},{"floor":20.0,"key":"Toy Ornithopter"},{"floor":20.0,"key":"Blue Candle"},{"floor":24,"key":"Pocketwatch"},{"floor":26,"key":"The Courier"},{"floor":26,"key":"Vajra"},{"floor":27,"key":"StoneCalendar"},{"floor":40,"key":"Anchor"},{"floor":42,"key":"Thread and Needle"},{"floor":43,"key":"White Beast Statue"},{"floor":45,"key":"Ancient Tea Set"}],"event_choices":[{"damage_healed":0.0,"max_hp_gain":0.0,"max_hp_loss":0.0,"gold_gain":0.0,"event_name":"Big Fish","player_choice":"Box","floor":3.0,"gold_loss":0.0,"damage_taken":0.0,"relics_obtained":["Pen Nib"],"cards_obtained":["Regret"]},{"damage_healed":0.0,"max_hp_gain":0.0,"max_hp_loss":0.0,"gold_gain":0.0,"event_name":"Golden Idol","player_choice":"Take Wound","floor":13.0,"gold_loss":0.0,"damage_taken":0.0,"relics_obtained":["Golden Idol"],"cards_obtained":["Injury"]},{"damage_healed":0.0,"max_hp_gain":0.0,"max_hp_loss":0.0,"gold_gain":0.0,"event_name":"Addict","player_choice":"Obtained Relic","floor":19.0,"gold_loss":85.0,"damage_taken":0.0,"relics_obtained":["Toxic Egg 2"]},{"damage_healed":0.0,"max_hp_gain":0.0,"max_hp_loss":0.0,"gold_gain":0.0,"event_name":"The Mausoleum","player_choice":"Opened","floor":21.0,"gold_loss":0.0,"damage_taken":0.0,"relics_obtained":["Du-Vu Doll"]},{"damage_healed":0.0,"max_hp_gain":0.0,"max_hp_loss":0.0,"gold_gain":0.0,"event_name":"Forgotten Altar","player_choice":"Gave Idol","floor":22.0,"relics_lost":["Golden Idol"],"gold_loss":0.0,"damage_taken":0.0,"relics_obtained":["Bloody Idol"]},{"damage_healed":0,"gold_gain":0,"player_choice":"Traded Relic","damage_taken":0,"relics_obtained":["Nloth\u0027s Gift"],"max_hp_gain":0,"max_hp_loss":0,"event_name":"N\u0027loth","floor":29,"relics_lost":["Tiny House"],"gold_loss":0},{"damage_healed":21,"gold_gain":0,"player_choice":"Writhe","damage_taken":0,"max_hp_gain":0,"max_hp_loss":0,"event_name":"Winding Halls","floor":36,"gold_loss":0,"cards_obtained":["Writhe"]},{"damage_healed":0,"gold_gain":0,"player_choice":"Paid","damage_taken":0,"relics_obtained":["Red Mask"],"max_hp_gain":0,"max_hp_loss":0,"event_name":"Tomb of Lord Red Mask","floor":37,"gold_loss":237},{"damage_healed":0,"gold_gain":0,"player_choice":"Memory 1","damage_taken":0,"max_hp_gain":0,"max_hp_loss":0,"event_name":"SensoryStone","floor":38,"gold_loss":0},{"damage_healed":0,"gold_gain":0,"player_choice":"Fight","damage_taken":0,"max_hp_gain":0,"max_hp_loss":0,"event_name":"MindBloom","floor":42,"gold_loss":0}],"is_beta":false,"boss_relics":[{"not_picked":["Fusion Hammer","Ring of the Serpent"],"picked":"Tiny House"},{"not_picked":["Astrolabe","HoveringKite"],"picked":"Empty Cage"}],"items_purged_floors":[11,30,48],"is_endless":false,"potions_floor_spawned":[5,10,12,14,18,28,33,35,40,42,45,47],"killed_by":"Donu and Deca","ascension_level":7}}