{"host":"40vzoph344nwp0en","time":1609980750,"event":{"mods":["2.2 Compatiblity","BaseMod","Bestiary","Colored Map","GifTheSpireLib","Highlight Path","Minty Spire (QoL Compilation)","Potionbrewer","Relic Sorter","Robot Space Explorer","StSLib","SuperFastMode","The Dragon Tamer","The Marked"],"gold_per_floor":[100114,100114,99060,99071,99086,99086,99113,99142,99167,99242,99254,98398,98412,97679,97679,97782,97782,97798,96612,96527,95473,95493,95418,95433,95433,95480,95490,95501,95501,95514,95546,95546,95650,95650,95662,94755,94773,94787,94807,94823,94850,95150,95150,95150,94032,94032,93037,93037,93037,93037],"floor_reached":51,"playtime":5729,"items_purged":["Regret","potionbrewer:PotionbrewerStrike","potionbrewer:PotionbrewerDefend","potionbrewer:PotionbrewerStrike","potionbrewer:PotionbrewerDefend","potionbrewer:PotionbrewerStrike","potionbrewer:LabAccident","potionbrewer:PotionbrewerStrike"],"score":822,"play_id":"6c440186-9c33-4746-8077-ff5a762aca2c","local_time":"20210106175230","is_ascension_mode":false,"campfire_choices":[{"data":"potionbrewer:Collect","floor":6.0,"key":"SMITH"},{"data":"potionbrewer:PortableLab","floor":15.0,"key":"SMITH"},{"data":"potionbrewer:LeftoverSpecimen","floor":29,"key":"SMITH"},{"data":"potionbrewer:EquivalentExchange","floor":32,"key":"PURGE"},{"data":"potionbrewer:ChainReaction","floor":44,"key":"SMITH"},{"data":"Deep Breath","floor":49,"key":"SMITH"}],"circlet_count":0,"master_deck":["potionbrewer:PotionbrewerDefend","potionbrewer:Collect+1","potionbrewer:ChemicalSpill","potionbrewer:AnotherRound","potionbrewer:Toxicity","potionbrewer:BalancedFormula","potionbrewer:Refill","potionbrewer:Shovel","potionbrewer:Prototype","potionbrewer:HazardousWaste","potionbrewer:PortableLab+1","potionbrewer:ChokingPowder","potionbrewer:IronHeart","potionbrewer:QuickStep","potionbrewer:Prototype","potionbrewer:ChemicalShroud","Flash of Steel","potionbrewer:Catalyze","potionbrewer:Prototype","potionbrewer:ChokingPowder","potionbrewer:ChainReaction+1","Mayhem","potionbrewer:LeftoverSpecimen+1","potionbrewer:CausticBarrier","Thinking Ahead","potionbrewer:OneTwoPunch","potionbrewer:Contingency","potionbrewer:Contingency","potionbrewer:PortableLab","potionbrewer:Prototype","potionbrewer:Prototype","potionbrewer:TestFormula","potionbrewer:TheFinalStraw","potionbrewer:Prototype","potionbrewer:Prototype","Deep Breath+1","potionbrewer:Prototype","potionbrewer:Prototype","potionbrewer:Prototype","Deep Breath+1","Master of Strategy+1","Apotheosis+1","Finesse+1","Deep Breath+1","potionbrewer:PrivateReserves","Panacea+1"],"relics":["potionbrewer:PotionKit","NeowsBlessing","MawBank","Unceasing Top","potionbrewer:SlideRule","Medical Kit","Anchor","Odd Mushroom","MealTicket","Omamori","ClockworkSouvenir","Bottled Tornado","Toy Ornithopter","Blood Vial","Frozen Eye","Coffee Dripper","Potion Belt","InkBottle","Lee\u0027s Waffle","potionbrewer:RamsHorn","Ancient Tea Set","Darkstone Periapt","potionbrewer:BoosterPack","MutagenicStrength","Orichalcum","Peace Pipe","Black Star","Oddly Smooth Stone","potionbrewer:BunsenBurner","Chemical X","Ornamental Fan","Toxic Egg 2","Mummified Hand","Gremlin Horn","White Beast Statue","Toolbox","Lantern","Incense Burner","HandDrill"],"acts_visited":["Exordium","TheCity","TheBeyond"],"potions_floor_usage":[27,30,31,31,31,33,36,37,37,37,37,37,39,39,50,50,50,50,50,50],"damage_taken":[{"damage":0.0,"enemies":"Cultist","floor":1.0,"turns":1.0},{"damage":0.0,"enemies":"2 Louse","floor":4.0,"turns":1.0},{"damage":0.0,"enemies":"Small Slimes","floor":5.0,"turns":1.0},{"damage":12.0,"enemies":"3 Sentries","floor":7.0,"turns":7.0},{"damage":22.0,"enemies":"The Mushroom Lair","floor":8.0,"turns":4.0},{"damage":1.0,"enemies":"Looter","floor":11.0,"turns":3.0},{"damage":12.0,"enemies":"Exordium Thugs","floor":13.0,"turns":7.0},{"damage":18.0,"enemies":"Hexaghost","floor":16.0,"turns":9.0},{"damage":0.0,"enemies":"Chosen","floor":18.0,"turns":5.0},{"damage":4.0,"enemies":"Spheric Guardian","floor":22.0,"turns":5.0},{"damage":18.0,"enemies":"Shelled Parasite and Fungi","floor":24.0,"turns":6.0},{"damage":0,"enemies":"Chosen and Byrds","floor":27,"turns":4},{"damage":0,"enemies":"Snake Plant","floor":28,"turns":3},{"damage":0,"enemies":"Centurion and Healer","floor":30,"turns":2},{"damage":24,"enemies":"Slavers","floor":31,"turns":4},{"damage":33,"enemies":"Collector","floor":33,"turns":6},{"damage":0,"enemies":"3 Shapes","floor":35,"turns":4},{"damage":0,"enemies":"Orb Walker","floor":37,"turns":4},{"damage":0,"enemies":"4 Shapes","floor":38,"turns":4},{"damage":6,"enemies":"Writhing Mass","floor":39,"turns":5},{"damage":0,"enemies":"Maw","floor":40,"turns":5},{"damage":22,"enemies":"Nemesis","floor":41,"turns":5},{"damage":22,"enemies":"Time Eater","floor":50,"turns":4}],"seed_played":"8992139611106469443","potions_obtained":[{"floor":1.0,"key":"Dexterity Potion"},{"floor":5.0,"key":"Fire Potion"},{"floor":13.0,"key":"potionbrewer:MidasPotion"},{"floor":18.0,"key":"potionbrewer:SplittingPotion"},{"floor":28,"key":"SteroidPotion"},{"floor":30,"key":"Energy Potion"},{"floor":31,"key":"Energy Potion"},{"floor":33,"key":"DuplicationPotion"},{"floor":38,"key":"FearPotion"},{"floor":41,"key":"PowerPotion"}],"is_trial":false,"path_per_floor":["M","?","$","M","M","R","E","?","T","?","M","$","M","$","R","B",null,"M","$","?","$","M","?","M","?","T","M","M","R","M","E","R","B",null,"M","$","M","M","M","M","E","?","T","R","$","?","$","?","R","B",null],"character_chosen":"POTIONBREWER","items_purchased":["Unceasing Top","potionbrewer:SlideRule","Medical Kit","potionbrewer:Toxicity","potionbrewer:BalancedFormula","DistilledChaos","Explosive Potion","Weak Potion","Omamori","ClockworkSouvenir","Bottled Tornado","potionbrewer:ChokingPowder","potionbrewer:IronHeart","potionbrewer:QuickStep","Toy Ornithopter","Blood Vial","Frozen Eye","potionbrewer:ChemicalShroud","Flash of Steel","Potion Belt","InkBottle","Lee\u0027s Waffle","potionbrewer:ChokingPowder","potionbrewer:ChainReaction","Mayhem","DistilledChaos","potionbrewer:DiscountPotion","PowerPotion","Ancient Tea Set","Darkstone Periapt","potionbrewer:LeftoverSpecimen","potionbrewer:CausticBarrier","Thinking Ahead","potionbrewer:BoosterPack","Oddly Smooth Stone","potionbrewer:BunsenBurner","Chemical X","Deep Breath","Fruit Juice","potionbrewer:EndurancePotion","Gremlin Horn","White Beast Statue","Toolbox","Deep Breath+1","Master of Strategy+1","Lantern","Incense Burner","HandDrill","potionbrewer:PrivateReserves","Block Potion"],"campfire_rested":0,"item_purchase_floors":[3,3,3,3,3,3,3,3,12,12,12,12,12,12,14,14,14,14,14,19,19,19,19,19,19,19,19,19,21,21,21,21,21,21,36,36,36,36,36,36,45,45,45,45,45,47,47,47,47,47],"current_hp_per_floor":[75,75,75,75,75,75,63,41,41,30,29,44,32,47,47,46,75,75,82,82,82,82,82,82,82,82,82,82,82,82,73,73,47,82,82,87,87,87,81,83,63,63,63,63,78,68,83,83,83,70],"gold":93037,"neow_bonus":"THREE_ENEMY_KILL","is_daily":false,"chose_seed":false,"campfire_upgraded":5,"win_rate":0.0,"timestamp":1609980750,"path_taken":["M","?","$","M","M","R","E","?","T","?","M","$","M","$","R","BOSS","M","$","?","$","M","?","M","?","T","M","M","R","M","E","R","BOSS","M","$","M","M","M","M","E","?","T","R","?","?","$","?","R","BOSS"],"items_purchased_type":["Relic","Relic","Relic","Card","Card","Potion","Potion","Potion","Relic","Relic","Relic","Card","Card","Card","Relic","Relic","Relic","Card","Card","Relic","Relic","Relic","Card","Card","Card","Potion","Potion","Potion","Relic","Relic","Card","Card","Card","Relic","Relic","Relic","Relic","Card","Potion","Potion","Relic","Relic","Relic","Card","Card","Relic","Relic","Relic","Card","Potion"],"build_version":"2020-12-22","purchased_purges":8,"victory":true,"max_hp_per_floor":[75,75,75,75,75,75,75,75,75,75,75,75,75,75,75,75,75,75,82,82,82,82,82,82,82,82,82,82,82,82,82,82,82,82,82,87,87,87,87,87,87,87,87,87,87,87,87,87,87,87],"card_choices":[{"not_picked":["potionbrewer:BlindingSpray","potionbrewer:ExothermicReaction"],"picked":"potionbrewer:AnotherRound","floor":1.0},{"not_picked":["potionbrewer:OneTwoPunch","potionbrewer:TimeBomb"],"picked":"potionbrewer:Refill","floor":4.0},{"not_picked":["potionbrewer:FlashPowder","potionbrewer:LeftoverSpecimen"],"picked":"potionbrewer:Shovel","floor":5.0},{"not_picked":["potionbrewer:Biohazard","potionbrewer:Toxicity","potionbrewer:LabJournal"],"picked":"potionbrewer:Prototype","floor":7.0},{"not_picked":["potionbrewer:Shovel","potionbrewer:BalancedFormula"],"picked":"potionbrewer:HazardousWaste","floor":8.0},{"not_picked":["potionbrewer:Toxicity","potionbrewer:BalancedFormula"],"picked":"potionbrewer:PortableLab","floor":11.0},{"not_picked":["potionbrewer:AnotherRound","potionbrewer:FuelCell","potionbrewer:OneTwoPunch"],"picked":"potionbrewer:Prototype","floor":13.0},{"not_picked":["potionbrewer:PotentialEnergy","potionbrewer:EquivalentExchange","potionbrewer:Prototype"],"picked":"potionbrewer:Catalyze","floor":16.0},{"not_picked":["potionbrewer:AnotherRound","potionbrewer:FlashPowder+1","potionbrewer:Smack+1"],"picked":"potionbrewer:Prototype","floor":18.0},{"not_picked":["potionbrewer:EmptyBottle","potionbrewer:OneTwoPunch","potionbrewer:IronHeart+1"],"picked":"potionbrewer:Prototype","floor":22.0},{"not_picked":["potionbrewer:Smack","potionbrewer:TimeBomb","potionbrewer:Toxicity"],"picked":"SKIP","floor":24.0},{"not_picked":["potionbrewer:Shovel","potionbrewer:CausticBarrier","potionbrewer:Brandish"],"picked":"potionbrewer:Prototype","floor":27},{"not_picked":["potionbrewer:VolatileSolution","potionbrewer:Contingency"],"picked":"potionbrewer:TestFormula","floor":28},{"not_picked":["potionbrewer:OneTwoPunch","potionbrewer:CausticBarrier+1"],"picked":"potionbrewer:TheFinalStraw","floor":30},{"not_picked":["potionbrewer:ChokingPowder","potionbrewer:Experimentation","potionbrewer:FlareUp+1"],"picked":"potionbrewer:Prototype","floor":31},{"not_picked":["potionbrewer:TheFinalStraw","potionbrewer:Bribery","potionbrewer:Transmute"],"picked":"potionbrewer:Prototype","floor":33},{"not_picked":["potionbrewer:IronHeart","potionbrewer:QuickStep+1","potionbrewer:WizBang+1"],"picked":"SKIP","floor":35},{"not_picked":["potionbrewer:BlindingSpray","potionbrewer:Smokescreen","potionbrewer:TestFormula+1"],"picked":"potionbrewer:Prototype","floor":37},{"not_picked":["potionbrewer:FlashPowder","potionbrewer:IronFist","potionbrewer:TimeBomb"],"picked":"SKIP","floor":38},{"not_picked":["potionbrewer:FlashPowder","potionbrewer:TestFormula+1","potionbrewer:UnstableFormula+1"],"picked":"SKIP","floor":39},{"not_picked":["potionbrewer:TestFormula+1","potionbrewer:Contingency+1","potionbrewer:Backhand"],"picked":"potionbrewer:Prototype","floor":40},{"not_picked":["potionbrewer:FortifiedSerum+1","potionbrewer:ChemicalShroud+1","potionbrewer:Discombobulate"],"picked":"potionbrewer:Prototype","floor":41},{"not_picked":["Blind+1","Flash of Steel"],"picked":"Apotheosis+1","floor":46},{"not_picked":["Flash of Steel","Panache"],"picked":"Finesse+1","floor":46},{"not_picked":["Panacea+1","Dark Shackles+1"],"picked":"Deep Breath+1","floor":46}],"player_experience":374765,"relics_obtained":[{"floor":7.0,"key":"Anchor"},{"floor":8.0,"key":"Odd Mushroom"},{"floor":9.0,"key":"MealTicket"},{"floor":26.0,"key":"Orichalcum"},{"floor":31,"key":"Peace Pipe"},{"floor":41,"key":"Ornamental Fan"},{"floor":41,"key":"Toxic Egg 2"},{"floor":43,"key":"Mummified Hand"}],"event_choices":[{"damage_healed":0.0,"max_hp_gain":0.0,"max_hp_loss":0.0,"gold_gain":0.0,"event_name":"Big Fish","player_choice":"Box","floor":2.0,"gold_loss":0.0,"damage_taken":0.0,"relics_obtained":["MawBank"],"cards_obtained":["Regret"]},{"damage_healed":0.0,"max_hp_gain":0.0,"max_hp_loss":0.0,"gold_gain":0.0,"event_name":"Mushrooms","player_choice":"Fought Mushrooms","floor":8.0,"gold_loss":0.0,"damage_taken":0.0},{"damage_healed":0.0,"max_hp_gain":0.0,"max_hp_loss":0.0,"gold_gain":75.0,"event_name":"World of Goop","player_choice":"Gather Gold","floor":10.0,"gold_loss":0.0,"damage_taken":11.0},{"damage_healed":0.0,"max_hp_gain":0.0,"max_hp_loss":0.0,"gold_gain":0.0,"event_name":"Addict","player_choice":"Obtained Relic","floor":20.0,"gold_loss":85.0,"damage_taken":0.0,"relics_obtained":["potionbrewer:RamsHorn"]},{"cards_removed":["potionbrewer:PotionbrewerDefend"],"damage_healed":0.0,"max_hp_gain":0.0,"max_hp_loss":0.0,"gold_gain":0.0,"event_name":"Beggar","player_choice":"Gave Gold","floor":23.0,"gold_loss":75.0,"damage_taken":0.0},{"damage_healed":0.0,"max_hp_gain":0.0,"max_hp_loss":0.0,"gold_gain":0.0,"event_name":"Drug Dealer","player_choice":"Inject Mutagens","floor":25.0,"gold_loss":0.0,"damage_taken":0.0,"relics_obtained":["MutagenicStrength"]},{"damage_healed":0,"gold_gain":300,"player_choice":"Gold","damage_taken":0,"max_hp_gain":0,"max_hp_loss":0,"event_name":"Wheel of Change","floor":42,"gold_loss":0},{"damage_healed":0,"gold_gain":0,"player_choice":"Memory 3","damage_taken":10,"max_hp_gain":0,"max_hp_loss":0,"event_name":"SensoryStone","floor":46,"gold_loss":0},{"damage_healed":0,"gold_gain":0,"player_choice":"1 cards matched","damage_taken":0,"max_hp_gain":0,"max_hp_loss":0,"event_name":"Match and Keep!","floor":48,"gold_loss":0,"cards_obtained":["Panacea"]}],"is_beta":false,"boss_relics":[{"not_picked":["Tiny House","SlaversCollar"],"picked":"Coffee Dripper"},{"not_picked":["SacredBark","Empty Cage"],"picked":"Black Star"}],"items_purged_floors":[3,12,14,19,21,36,45,47],"is_endless":false,"potions_floor_spawned":[1,5,7,13,18,28,30,31,33,38,41],"ascension_level":0}}