{"host":"4evnc443c98ww2zl","time":1609977710,"event":{"mods":["BaseMod","Better Third Choice","Hermit","Koishi","Luminous","Minty Spire (QoL Compilation)","Remilia??????","Robot Space Explorer","StSLib","The Administrix","The Animator","The Bug Knight","The Cursed","TheSwordswoman"],"gold_per_floor":[113,41,61,81,100,133,133,168,168,168,198,233,264,294,294,399,399,412,412,412,439,92,118,118,158,158,181,221,247,289,61,61,157,157,189,369,413,439,214,247,247,277,357,392,392,423,456,412,412,412,412,412,109,149,149],"floor_reached":56,"playtime":4806,"items_purged":["Doubt","blazmod:Crosscut+1"],"score":1653,"play_id":"6ab35e7f-c5f4-4ff1-bae0-049ed6bd2abe","local_time":"20210106180150","daily_mods":["SealedDeck","Diverse","Colorless Cards","Heirloom","DeadlyEvents","Elite Swarm"],"is_ascension_mode":false,"campfire_choices":[{"floor":7,"key":"RECALL"},{"data":"animator:Jibril","floor":10,"key":"SMITH"},{"data":"Devotion","floor":15,"key":"SMITH"},{"data":"Madness","floor":24,"key":"SMITH"},{"data":"Envenom","floor":32,"key":"SMITH"},{"data":"Blind","floor":41,"key":"SMITH"},{"data":"Capacitor","floor":45,"key":"SMITH"},{"data":"RobotSpaceExplorer:StarLightning","floor":49,"key":"SMITH"},{"data":"hermit:WideOpen","floor":52,"key":"SMITH"}],"circlet_count":0,"master_deck":["AdministrixMod:PassageOfAges","hermit:WideOpen+1","AdministrixMod:CrackingPangu","animator:Chung","Slice","Koishi:DreadfulBlow","AdministrixMod:ImmortalPurity","hermit:Headshot+1","animator:TukaLunaMarceau+1","Thunderclap","Panacea+1","Koishi:SubterraneanRose","Consecrate","Koishi:ParalyzingFear","Capacitor+1","animator:Jibril+1","hermit:Quickdraw","RobotSpaceExplorer:FreezeRay","animator:Emilia","Devotion+1","DeusExMachina","Reaper","Terror","Coolheaded","Madness+1","Adrenaline","Quick Slash+1","Envenom+1","Electrodynamics","RobotSpaceExplorer:StarLightning+1","FlyingSleeves","animator:Hibiki","animator:Gillette","Blind+1","animator:DolaSchwi+1","AdministrixMod:ImmortalGrace+1","Secret Weapon","Bandage Up","FollowUp+1","AdministrixMod:NoblePath","AdministrixMod:FaithfulFlames"],"relics":["HollowMod:VesselMask","Prayer Wheel","PreservedInsect","Bottled Flame","Torii","AntiCross","Turnip","Tiny Chest","Pear","SlaversCollar","CeramicFish","Strawberry","Pantograph","War Paint","Centennial Puzzle","Boot","Oddly Smooth Stone","Orichalcum","Whetstone","Sozu","Anchor","HollowMod:KingsBrand","HollowMod:MillibellesNoteRelic","Bottled Tornado","Kunai","Mummified Hand","Pen Nib","Medical Kit","Gremlin Horn"],"acts_visited":["Exordium","TheCity","TheBeyond","TheEnding"],"potions_floor_usage":[13,14,16,23,29,30,33,40],"damage_taken":[{"damage":0,"enemies":"Jaw Worm","floor":1,"turns":2},{"damage":4,"enemies":"Cultist","floor":3,"turns":3},{"damage":0,"enemies":"Small Slimes","floor":4,"turns":2},{"damage":9,"enemies":"Blue Slaver","floor":5,"turns":2},{"damage":0,"enemies":"Gremlin Nob","floor":6,"turns":2},{"damage":0,"enemies":"Lagavulin","floor":8,"turns":5},{"damage":6,"enemies":"3 Sentries","floor":11,"turns":3},{"damage":0,"enemies":"Gremlin Nob","floor":12,"turns":2},{"damage":9,"enemies":"3 Sentries","floor":13,"turns":3},{"damage":1,"enemies":"Lagavulin","floor":14,"turns":3},{"damage":10,"enemies":"Hexaghost","floor":16,"turns":5},{"damage":6,"enemies":"3 Byrds","floor":18,"turns":4},{"damage":1,"enemies":"HollowMod:Nosk","floor":23,"turns":4},{"damage":1,"enemies":"Book of Stabbing","floor":25,"turns":3},{"damage":2,"enemies":"Chosen","floor":27,"turns":3},{"damage":29,"enemies":"Slavers","floor":28,"turns":3},{"damage":6,"enemies":"HollowMod:Nosk","floor":29,"turns":4},{"damage":6,"enemies":"Book of Stabbing","floor":30,"turns":2},{"damage":48,"enemies":"Champ","floor":33,"turns":7},{"damage":1,"enemies":"3 Darklings","floor":35,"turns":3},{"damage":20,"enemies":"Reptomancer","floor":37,"turns":4},{"damage":2,"enemies":"Nemesis","floor":40,"turns":4},{"damage":0,"enemies":"Orb Walker","floor":42,"turns":2},{"damage":14,"enemies":"Reptomancer","floor":44,"turns":3},{"damage":15,"enemies":"Giant Head","floor":46,"turns":4},{"damage":1,"enemies":"Jaw Worm Horde","floor":47,"turns":2},{"damage":91,"enemies":"Awakened One","floor":50,"turns":8},{"damage":7,"enemies":"Shield and Spear","floor":54,"turns":3},{"damage":72,"enemies":"The Heart","floor":55,"turns":6}],"seed_played":"-7306546600323396917","potions_obtained":[{"floor":3,"key":"EssenceOfSteel"},{"floor":5,"key":"SpeedPotion"},{"floor":6,"key":"Swift Potion"},{"floor":13,"key":"Strength Potion"},{"floor":14,"key":"AttackPotion"},{"floor":18,"key":"DistilledChaos"},{"floor":23,"key":"Ancient Potion"},{"floor":29,"key":"SkillPotion"}],"is_trial":true,"path_per_floor":["M","?","M","M","M","E","R","E","T","R","E","E","E","E","R","B",null,"M","?","?","T","$","E","R","E","T","M","E","E","E","$","R","B",null,"M","?","E","T","$","E","R","M","T","E","R","E","M","$","R","B",null,"R","$","E","B",null],"character_chosen":"THE_BUGKNIGHT","items_purchased":["Strawberry","Coolheaded","Madness","Whetstone","RobotSpaceExplorer:StarLightning","animator:Gillette","Blind","AdministrixMod:NoblePath","Pen Nib","Medical Kit"],"campfire_rested":0,"item_purchase_floors":[22,22,22,31,31,39,39,48,53,53],"current_hp_per_floor":[75,75,72,72,63,63,63,64,64,64,58,58,49,58,58,49,85,79,79,79,79,86,85,85,85,85,83,71,81,88,88,88,44,92,92,73,54,54,54,71,71,71,71,75,75,89,88,88,88,46,92,92,92,86,67],"gold":149,"neow_bonus":"","is_daily":false,"chose_seed":false,"campfire_upgraded":8,"win_rate":0.0,"timestamp":1609977710,"path_taken":["M","?","?","M","M","E","R","E","T","R","E","?","E","?","R","BOSS","M","?","?","?","$","E","R","E","T","M","E","?","E","$","R","BOSS","M","?","?","?","$","E","R","?","T","E","R","E","M","$","R","BOSS","R","$","E","BOSS"],"items_purchased_type":["Relic","Card","Card","Relic","Card","Card","Card","Card","Relic","Relic"],"build_version":"2020-12-22","purchased_purges":2,"victory":true,"max_hp_per_floor":[75,75,75,75,75,75,75,75,75,75,75,75,75,85,85,85,85,85,85,85,85,92,92,92,92,92,92,92,92,92,92,92,92,92,92,92,92,92,92,92,92,92,92,92,92,92,92,92,92,92,92,92,92,92,92],"card_choices":[{"not_picked":["blazmod:BlindBlade","HollowMod:CornifersMapStart"],"picked":"Panacea","floor":1},{"not_picked":["AdministrixMod:QuietConspiracy","animator:DolaSchwi"],"picked":"Koishi:SubterraneanRose","floor":1},{"not_picked":["HollowMod:TaintedHusks","HollowMod:SiblingsSouls"],"picked":"Consecrate","floor":3},{"not_picked":["Koishi:ReflexRadar","RobotSpaceExplorer:Ammunition"],"picked":"Koishi:ParalyzingFear","floor":3},{"not_picked":["TheCursedMod:CursedAmulet","animator:MaesHughes"],"picked":"Capacitor","floor":4},{"not_picked":["Reckless Charge","Luminous:Concentrate_Luminous"],"picked":"animator:Jibril","floor":4},{"not_picked":["RobotSpaceExplorer:ImprovisedAttack","Anger"],"picked":"hermit:Quickdraw","floor":5},{"not_picked":["Conserve Battery","hermit:Cheat"],"picked":"RobotSpaceExplorer:FreezeRay","floor":5},{"not_picked":["Koishi:ConfinedInnocent","TheCursedMod:ForbiddenAlchemy"],"picked":"animator:Emilia","floor":6},{"not_picked":["Koishi:SuperEgo","Transmutation","RobotSpaceExplorer:HighVoltage"],"picked":"SKIP","floor":8},{"not_picked":["Omniscience","HollowMod:HornetsHelp"],"picked":"Devotion","floor":11},{"not_picked":["animator:HomuraAkemi","BloodyCatastrophe"],"picked":"DeusExMachina","floor":12},{"not_picked":["Malaise","HollowMod:ZotesMagnificence","hermit:DeadOrAlive"],"picked":"SKIP","floor":13},{"not_picked":["HollowMod:WhiteLadysBlessing","hermit:Magnum"],"picked":"Reaper","floor":14},{"not_picked":["RobotSpaceExplorer:GlueSpray","animator:MaesHughes","Armaments"],"picked":"SKIP","floor":18},{"not_picked":["TheCursedMod:CursedMace+1","Sanctity","hermit:Snipe"],"picked":"SKIP","floor":18},{"not_picked":["AdministrixMod:LifeforceNet","Wish","Koishi:PerfectMindControl"],"picked":"SKIP","floor":23},{"not_picked":["hermit:EternalForm","Luminous:Arcane_Rage_Luminous"],"picked":"Adrenaline","floor":25},{"not_picked":["Steam","hermit:HighCaliber"],"picked":"Quick Slash","floor":27},{"not_picked":["NightDance","blazmod:UnderPurifyingWaters+1","TheCursedMod:Torture"],"picked":"SKIP","floor":27},{"not_picked":["blazmod:GlasswingWaltz","animator:Saber"],"picked":"Envenom","floor":28},{"not_picked":["animator:Shizu","animator:Saber","AdministrixMod:NewbornDivinity"],"picked":"SKIP","floor":29},{"not_picked":["TheCursedMod:NeowsMight","RobotSpaceExplorer:ShockMissile"],"picked":"Electrodynamics","floor":30},{"not_picked":["Luminous:Lunar_Tide_Luminous","animator:Konayuki+1"],"picked":"blazmod:Crosscut+1","floor":35},{"not_picked":["TwelveNightmare","Compile Driver"],"picked":"FlyingSleeves","floor":35},{"not_picked":["blazmod:VisionsOfButterflies","BloodyCatastrophe"],"picked":"animator:Hibiki","floor":37},{"not_picked":["animator:Albedo","DevaForm","Bludgeon"],"picked":"SKIP","floor":40},{"not_picked":["blazmod:Observant","hermit:HoleUp+1"],"picked":"animator:DolaSchwi+1","floor":42},{"not_picked":["blazmod:Unrestrained","RobotSpaceExplorer:MetalStrike"],"picked":"AdministrixMod:ImmortalGrace+1","floor":42},{"not_picked":["HandOfGreed","animator:Patchouli"],"picked":"Secret Weapon","floor":44},{"not_picked":["AdministrixMod:CosmosControl","animator:MadokaKaname","animator:KotoriKanbe"],"picked":"SKIP","floor":46},{"not_picked":["TheCursedMod:Torture","animator:MamizouFutatsuiwa"],"picked":"Bandage Up","floor":47},{"not_picked":["Wireheading+1","TheCursedMod:DoubleShield+1"],"picked":"FollowUp+1","floor":47},{"not_picked":["hermit:Gambit","Vault"],"picked":"AdministrixMod:FaithfulFlames","floor":54}],"player_experience":1112700,"relics_obtained":[{"floor":6,"key":"Bottled Flame"},{"floor":8,"key":"Torii"},{"floor":11,"key":"AntiCross"},{"floor":12,"key":"Turnip"},{"floor":13,"key":"Tiny Chest"},{"floor":14,"key":"Pear"},{"floor":21,"key":"CeramicFish"},{"floor":23,"key":"Pantograph"},{"floor":25,"key":"War Paint"},{"floor":26,"key":"Centennial Puzzle"},{"floor":28,"key":"Boot"},{"floor":29,"key":"Oddly Smooth Stone"},{"floor":30,"key":"Orichalcum"},{"floor":37,"key":"Anchor"},{"floor":38,"key":"HollowMod:KingsBrand"},{"floor":40,"key":"HollowMod:MillibellesNoteRelic"},{"floor":43,"key":"Bottled Tornado"},{"floor":44,"key":"Kunai"},{"floor":46,"key":"Mummified Hand"},{"floor":54,"key":"Gremlin Horn"}],"event_choices":[{"damage_healed":0,"gold_gain":0,"player_choice":"Paid Gold","damage_taken":0,"relics_obtained":["PreservedInsect"],"max_hp_gain":0,"max_hp_loss":0,"event_name":"WeMeetAgain","floor":2,"gold_loss":72},{"damage_healed":0,"gold_gain":0,"player_choice":"2 cards matched","damage_taken":0,"max_hp_gain":0,"max_hp_loss":0,"event_name":"Match and Keep!","floor":20,"gold_loss":0,"cards_obtained":["Doubt","Terror"]},{"damage_healed":0,"gold_gain":0,"player_choice":"Random: Green","damage_taken":0,"max_hp_gain":0,"max_hp_loss":0,"event_name":"betterThird:BetterPortal","floor":36,"gold_loss":0},{"damage_healed":0,"gold_gain":180,"player_choice":"GOLD GOLD ","damage_taken":19,"max_hp_gain":0,"max_hp_loss":0,"event_name":"Knowing Skull","floor":36,"potions_obtained":[],"gold_loss":0,"cards_obtained":[]}],"is_beta":false,"boss_relics":[{"not_picked":["HollowMod:VoidIdolRelic","Snecko Eye"],"picked":"SlaversCollar"},{"not_picked":["Tiny House","Runic Pyramid"],"picked":"Sozu"}],"items_purged_floors":[22,39],"is_endless":false,"potions_floor_spawned":[3,5,6,13,14,18,23,29,37,46],"ascension_level":0}}