{"host":"e52c7hvho6xny3hd","time":1609984752,"event":{"mods":["AchievementEnabler","BaseMod","Colored Map","DeckTracker","Minty Spire (QoL Compilation)","Permanent Neow","StSLib"],"gold_per_floor":[110,124,124,136,154,182,182,3,3,3,20,35,35,35,35,164,164,177,177,193,209,284,284,308,308,308,308,328,428,95,118,118,242,242,258,258,278,292,317,317,337,337,337,351,351,382,382,398,398,398],"floor_reached":51,"playtime":3251,"items_purged":["Defend_B"],"score":1109,"play_id":"2f85709f-ce67-4c83-8421-2f104484beae","local_time":"20210107105912","is_ascension_mode":true,"campfire_choices":[{"data":"Hologram","floor":7.0,"key":"SMITH"},{"data":"Reinforced Body","floor":10.0,"key":"SMITH"},{"floor":13.0,"key":"REST"},{"floor":15.0,"key":"REST"},{"data":"Go for the Eyes","floor":23.0,"key":"SMITH"},{"data":"Steam","floor":25,"key":"SMITH"},{"data":"Defend_B","floor":27,"key":"SMITH"},{"data":"Thinking Ahead","floor":32,"key":"SMITH"},{"data":"Glacier","floor":40,"key":"SMITH"},{"data":"Leap","floor":42,"key":"SMITH"},{"floor":47,"key":"REST"},{"floor":49,"key":"REST"}],"circlet_count":0,"master_deck":["AscendersBane","Strike_B","Strike_B","Strike_B","Strike_B","Defend_B+1","Defend_B","Gash","Beam Cell+1","Hologram+1","Reinforced Body+1","Gash","Cold Snap","Gash","Gash","Go for the Eyes+1","Leap+1","Steam+1","Defragment+1","Glacier+1","Thinking Ahead+1","FTL+1","Hologram+1","Barrage","Scrape+1","Gash"],"relics":["FrozenCore","Boot","DataDisk","Chemical X","StrikeDummy","Golden Idol","Runic Pyramid","Vajra","Darkstone Periapt","Kunai"],"acts_visited":["Exordium","TheCity","TheBeyond"],"potions_floor_usage":[39,50],"damage_taken":[{"damage":2.0,"enemies":"Jaw Worm","floor":1.0,"turns":4.0},{"damage":0.0,"enemies":"Cultist","floor":2.0,"turns":3.0},{"damage":0.0,"enemies":"2 Louse","floor":4.0,"turns":2.0},{"damage":0.0,"enemies":"Large Slime","floor":5.0,"turns":5.0},{"damage":28.0,"enemies":"Lagavulin","floor":6.0,"turns":7.0},{"damage":7.0,"enemies":"2 Fungi Beasts","floor":11.0,"turns":3.0},{"damage":0.0,"enemies":"Lots of Slimes","floor":12.0,"turns":4.0},{"damage":10.0,"enemies":"The Guardian","floor":16.0,"turns":12.0},{"damage":0.0,"enemies":"Chosen","floor":18.0,"turns":4.0},{"damage":8.0,"enemies":"2 Thieves","floor":20.0,"turns":4.0},{"damage":0.0,"enemies":"Snake Plant","floor":21.0,"turns":5.0},{"damage":7,"enemies":"Cultist and Chosen","floor":24,"turns":6},{"damage":10,"enemies":"Shelled Parasite and Fungi","floor":28,"turns":5},{"damage":0,"enemies":"Snake Plant","floor":31,"turns":5},{"damage":0,"enemies":"Collector","floor":33,"turns":10},{"damage":0,"enemies":"Orb Walker","floor":35,"turns":4},{"damage":0,"enemies":"3 Shapes","floor":37,"turns":6},{"damage":14,"enemies":"Writhing Mass","floor":38,"turns":7},{"damage":12,"enemies":"4 Shapes","floor":39,"turns":6},{"damage":0,"enemies":"Spire Growth","floor":41,"turns":6},{"damage":1,"enemies":"3 Darklings","floor":44,"turns":6},{"damage":40,"enemies":"Reptomancer","floor":46,"turns":8},{"damage":6,"enemies":"Jaw Worm Horde","floor":48,"turns":5},{"damage":13,"enemies":"Donu and Deca","floor":50,"turns":12}],"seed_played":"-4420803627781072123","potions_obtained":[{"floor":1.0,"key":"SneckoOil"},{"floor":4.0,"key":"SpeedPotion"},{"floor":11.0,"key":"EssenceOfSteel"},{"floor":21.0,"key":"Weak Potion"},{"floor":31,"key":"Regen Potion"},{"floor":33,"key":"FearPotion"},{"floor":41,"key":"Swift Potion"},{"floor":46,"key":"Strength Potion"}],"is_trial":false,"path_per_floor":["M","M","?","M","M","E","R","$","T","R","M","M","R","?","R","B",null,"M","?","M","M","?","R","M","R","T","R","M","?","$","M","R","B",null,"M","?","M","M","M","R","M","R","T","M","?","E","R","M","R","B",null],"character_chosen":"DEFECT","items_purchased":["Chemical X","Cold Snap","Glacier","Thinking Ahead"],"campfire_rested":4,"item_purchase_floors":[8,8,30,30],"current_hp_per_floor":[66,66,66,66,66,38,38,38,38,38,31,31,53,35,57,47,68,68,68,60,60,53,53,46,46,46,46,36,36,36,36,36,36,65,65,75,75,61,63,63,63,63,63,62,62,22,44,38,60,47],"gold":398,"neow_bonus":"RANDOM_COMMON_RELIC","is_daily":false,"chose_seed":false,"campfire_upgraded":8,"win_rate":0.0,"timestamp":1609984752,"path_taken":["M","M","?","M","M","E","R","$","T","R","?","M","R","?","R","BOSS","M","?","M","M","?","R","?","R","T","R","M","?","$","?","R","BOSS","M","?","M","M","M","R","M","R","T","?","?","E","R","M","R","BOSS"],"items_purchased_type":["Relic","Card","Card","Card"],"build_version":"2020-12-22","purchased_purges":1,"victory":true,"max_hp_per_floor":[75,75,75,75,75,75,75,75,75,75,75,75,75,75,75,75,75,75,75,75,75,75,75,75,75,75,75,75,75,75,75,75,75,75,75,75,75,75,75,75,75,75,75,75,75,75,75,75,75,75],"card_choices":[{"not_picked":["Self Repair","Compile Driver"],"picked":"Gash","floor":1.0},{"not_picked":["Hello World","Melter"],"picked":"Beam Cell","floor":2.0},{"not_picked":["Conserve Battery","Compile Driver"],"picked":"Hologram","floor":4.0},{"not_picked":["Streamline","Force Field"],"picked":"Reinforced Body","floor":5.0},{"not_picked":["Redo","Cold Snap"],"picked":"Gash","floor":6.0},{"not_picked":["Conserve Battery","Compile Driver","Fusion"],"picked":"SKIP","floor":11.0},{"not_picked":["Conserve Battery","Go for the Eyes"],"picked":"Gash","floor":12.0},{"not_picked":["Sweeping Beam","Defragment"],"picked":"Gash","floor":18.0},{"not_picked":["Streamline","Redo","Chaos"],"picked":"SKIP","floor":20.0},{"not_picked":["Go for the Eyes","Undo","Heatsinks"],"picked":"SKIP","floor":21.0},{"not_picked":["Turbo","Heatsinks"],"picked":"Steam","floor":24},{"not_picked":["Redo","Stack+1"],"picked":"Defragment+1","floor":28},{"not_picked":["Rip and Tear","Capacitor","Blizzard+1"],"picked":"SKIP","floor":31},{"not_picked":["Blizzard+1","Gash+1"],"picked":"FTL+1","floor":35},{"not_picked":["Stack","Compile Driver+1","Beam Cell"],"picked":"SKIP","floor":37},{"not_picked":["Steam+1","Biased Cognition"],"picked":"Hologram+1","floor":38},{"not_picked":["Steam","Self Repair+1","Glacier"],"picked":"SKIP","floor":39},{"not_picked":["Sunder+1","Lockon","Conserve Battery"],"picked":"SKIP","floor":41},{"not_picked":["Conserve Battery+1","Ball Lightning","Compile Driver"],"picked":"SKIP","floor":44},{"not_picked":["Sweeping Beam","Skim+1"],"picked":"Scrape+1","floor":46},{"not_picked":["White Noise","Doom and Gloom"],"picked":"Gash","floor":48}],"player_experience":634664,"relics_obtained":[{"floor":6.0,"key":"DataDisk"},{"floor":9.0,"key":"StrikeDummy"},{"floor":26,"key":"Vajra"},{"floor":43,"key":"Darkstone Periapt"},{"floor":46,"key":"Kunai"}],"event_choices":[{"damage_healed":0.0,"max_hp_gain":0.0,"max_hp_loss":0.0,"gold_gain":0.0,"event_name":"Upgrade Shrine","player_choice":"Upgraded","floor":3.0,"gold_loss":0.0,"damage_taken":0.0,"cards_upgraded":["Beam Cell"]},{"damage_healed":0.0,"max_hp_gain":0.0,"max_hp_loss":0.0,"gold_gain":0.0,"event_name":"Golden Idol","player_choice":"Take Damage","floor":14.0,"gold_loss":0.0,"damage_taken":18.0,"relics_obtained":["Golden Idol"]},{"damage_healed":0.0,"max_hp_gain":0.0,"max_hp_loss":0.0,"gold_gain":0.0,"cards_transformed":["Zap","Dualcast"],"event_name":"Drug Dealer","player_choice":"Became Test Subject","floor":19.0,"gold_loss":0.0,"damage_taken":0.0,"cards_obtained":["Go for the Eyes","Leap"]},{"damage_healed":0.0,"max_hp_gain":0.0,"max_hp_loss":0.0,"gold_gain":75.0,"event_name":"FaceTrader","player_choice":"Touch","floor":22.0,"gold_loss":0.0,"damage_taken":7.0},{"damage_healed":0,"gold_gain":100,"player_choice":"Pray","damage_taken":0,"max_hp_gain":0,"max_hp_loss":0,"event_name":"Golden Shrine","floor":29,"gold_loss":0},{"damage_healed":10,"gold_gain":0,"player_choice":"Full Heal","damage_taken":0,"max_hp_gain":0,"max_hp_loss":0,"event_name":"Wheel of Change","floor":36,"gold_loss":0},{"damage_healed":0,"gold_gain":0,"cards_transformed":["Defend_B"],"player_choice":"Transformed","damage_taken":0,"max_hp_gain":0,"max_hp_loss":0,"event_name":"Transmorgrifier","floor":45,"gold_loss":0,"cards_obtained":["Barrage"]}],"is_beta":false,"boss_relics":[{"not_picked":["Coffee Dripper","Fusion Hammer"],"picked":"Runic Pyramid"},{"not_picked":["Pandora\u0027s Box","Tiny House"],"picked":"FrozenCore"}],"items_purged_floors":[30],"is_endless":false,"potions_floor_spawned":[1,4,11,12,21,28,31,33,38,41,46,48],"ascension_level":11}}