{"host":"3ek78t4i81ecmdy1","time":1609985366,"event":{"mods":["2.2 Compatiblity","AchievementEnabler","BaseMod","Colored Map","DeckTracker","Filter the Spire","Keyboard Shortcuts","Minty Spire (QoL Compilation)","Permanent Neow","Quick Restart","SuperFastMode","everything is the same but u backflip on backflip"],"gold_per_floor":[118,134,147,147,166,91,124,135,135,155,155,186,10,20,20,116,116,127,27,27,30,30,30],"floor_reached":22,"playtime":737,"items_purged":["Strike_R","Barricade"],"score":198,"play_id":"8fb478f6-8fc2-4d06-b9cc-6da3e1cd04a7","local_time":"20210107110926","is_ascension_mode":false,"campfire_choices":[{"data":"Body Slam","floor":11,"key":"SMITH"},{"data":"Armaments","floor":15,"key":"SMITH"}],"circlet_count":0,"master_deck":["Bash","Fire Breathing","Carnage","Body Slam+1","Thunderclap","Shrug It Off","Cleave","Warcry","Spot Weakness","Armaments+1","Jack Of All Trades","Iron Wave","Barricade","Feel No Pain","Dropkick","Ghostly Armor","Rage","Brutality","Clash"],"relics":["Burning Blood","Peace Pipe","Potion Belt","Meat on the Bone","Paper Frog","Pandora\u0027s Box"],"acts_visited":["Exordium","TheCity"],"potions_floor_usage":[5,16,16,22],"damage_taken":[{"damage":1,"enemies":"Cultist","floor":1,"turns":3},{"damage":0,"enemies":"Small Slimes","floor":2,"turns":3},{"damage":2,"enemies":"2 Louse","floor":3,"turns":3},{"damage":12,"enemies":"Exordium Wildlife","floor":5,"turns":5},{"damage":30,"enemies":"3 Sentries","floor":7,"turns":6},{"damage":9,"enemies":"2 Fungi Beasts","floor":8,"turns":3},{"damage":1,"enemies":"3 Louse","floor":10,"turns":3},{"damage":24,"enemies":"Gremlin Nob","floor":12,"turns":4},{"damage":17,"enemies":"Exordium Thugs","floor":14,"turns":4},{"damage":13,"enemies":"Slime Boss","floor":16,"turns":8},{"damage":19,"enemies":"Spheric Guardian","floor":18,"turns":5},{"damage":20,"enemies":"2 Thieves","floor":21,"turns":4},{"damage":46,"enemies":"Snake Plant","floor":22,"turns":4}],"seed_played":"-8680042223351932944","potions_obtained":[{"floor":1,"key":"Block Potion"},{"floor":5,"key":"LiquidBronze"},{"floor":7,"key":"ColorlessPotion"},{"floor":12,"key":"SkillPotion"},{"floor":21,"key":"PowerPotion"}],"is_trial":false,"path_per_floor":["M","M","M","?","M","$","E","M","T","M","R","E","$","M","R","B",null,"M","$","?","M","M"],"character_chosen":"IRONCLAD","items_purchased":["Armaments","Jack Of All Trades","Iron Wave"],"campfire_rested":0,"item_purchase_floors":[13,13,13],"current_hp_per_floor":[72,72,72,65,59,59,35,32,32,49,49,43,43,44,44,49,72,59,59,59,45,0,0],"gold":30,"neow_bonus":"ONE_RARE_RELIC","is_daily":false,"chose_seed":false,"campfire_upgraded":2,"win_rate":0.0,"timestamp":1609985366,"path_taken":["M","M","M","?","?","$","E","M","T","M","R","E","?","M","R","BOSS","M","$","?","M","M"],"items_purchased_type":["Card","Card","Card"],"build_version":"2020-12-22","purchased_purges":2,"victory":false,"max_hp_per_floor":[72,72,72,72,72,72,72,72,72,72,72,72,72,72,72,72,72,72,72,72,72,72,72],"card_choices":[{"not_picked":["Power Through","Body Slam"],"picked":"Fire Breathing","floor":1},{"not_picked":["Havoc","Battle Trance"],"picked":"Carnage","floor":2},{"not_picked":["Havoc","Juggernaut"],"picked":"Body Slam","floor":3},{"not_picked":["Pommel Strike","Flex"],"picked":"Thunderclap","floor":5},{"not_picked":["Fire Breathing","Sever Soul"],"picked":"Shrug It Off","floor":7},{"not_picked":["Dual Wield","Pommel Strike"],"picked":"Cleave","floor":8},{"not_picked":["Shrug It Off","Cleave"],"picked":"Warcry","floor":10},{"not_picked":["Clothesline","Pommel Strike"],"picked":"Spot Weakness","floor":12},{"not_picked":["Carnage","Hemokinesis","Fiend Fire"],"picked":"SKIP","floor":14},{"not_picked":["Immolate","Fiend Fire"],"picked":"Barricade","floor":16},{"not_picked":["Perfected Strike","Sword Boomerang+1","Wild Strike"],"picked":"SKIP","floor":18},{"not_picked":["Headbutt","Flex","Twin Strike"],"picked":"SKIP","floor":21}],"player_experience":50766,"relics_obtained":[{"floor":7,"key":"Potion Belt"},{"floor":9,"key":"Meat on the Bone"},{"floor":12,"key":"Paper Frog"}],"event_choices":[{"damage_healed":0,"gold_gain":0,"player_choice":"Damaged","damage_taken":7,"max_hp_gain":0,"max_hp_loss":0,"event_name":"Wheel of Change","floor":4,"gold_loss":0},{"cards_removed":["Limit Break"],"damage_healed":0,"gold_gain":0,"player_choice":"Elegance","damage_taken":0,"max_hp_gain":0,"max_hp_loss":0,"event_name":"Back to Basics","floor":20,"gold_loss":0}],"is_beta":false,"boss_relics":[{"not_picked":["Tiny House","Busted Crown"],"picked":"Pandora\u0027s Box"}],"items_purged_floors":[6,19],"is_endless":false,"potions_floor_spawned":[1,5,7,12,21],"killed_by":"Snake Plant","ascension_level":0}}