{"host":"ng8aq1q5gznbd93k","time":1609999353,"event":{"mods":["AchievementEnabler","BaseMod","Downfall","Duelist Mod","GifTheSpireLib","Googly Eyes","Minty Spire (QoL Compilation)","StSLib","SuperFastMode"],"gold_per_floor":[116,31,48,60,76,110,110,122,190,190,209,221,221,221,221,326,326,346,346,361,371,371,371],"floor_reached":22,"playtime":852,"items_purged":[],"score":200,"play_id":"fc3af950-d019-47e3-a37e-27f623eed09d","local_time":"20210107000233","is_ascension_mode":true,"campfire_choices":[{"floor":7,"key":"REST"},{"floor":10,"key":"REST"},{"floor":13,"key":"REST"},{"floor":15,"key":"REST"}],"circlet_count":0,"master_deck":["Zap+1","Dualcast","Rainbow","BootSequence","Lockon","Redo","Leap","Consume","Turbo","Capacitor","Turbo","Static Discharge+1","Core Surge","Meteor Strike","Biased Cognition+1","Hyperbeam","Skim","Chaos","Amplify","All For One","Reboot","Loop+1","Rip and Tear+1","Writhe","Gash","Melter"],"relics":["Cracked Core","Bag of Preparation","Frozen Egg 2","Pandora\u0027s Box","Calipers"],"acts_visited":["Exordium","TheCity"],"potions_floor_usage":[8,11,12,12,20,21],"damage_taken":[{"damage":4,"enemies":"Cultist","floor":1,"turns":3},{"damage":2,"enemies":"2 Louse","floor":3,"turns":3},{"damage":1,"enemies":"Jaw Worm","floor":4,"turns":3},{"damage":0,"enemies":"Red Slaver","floor":5,"turns":3},{"damage":56,"enemies":"Gremlin Nob","floor":6,"turns":6},{"damage":14,"enemies":"Exordium Thugs","floor":8,"turns":5},{"damage":40,"enemies":"Gremlin Gang","floor":11,"turns":4},{"damage":0,"enemies":"Large Slime","floor":12,"turns":3},{"damage":31,"enemies":"Slime Boss","floor":16,"turns":9},{"damage":12,"enemies":"Shell Parasite","floor":18,"turns":2},{"damage":20,"enemies":"Spheric Guardian","floor":20,"turns":3},{"damage":30,"enemies":"Snake Plant","floor":21,"turns":4}],"seed_played":"-8604572295989985681","potions_obtained":[{"floor":1,"key":"SpeedPotion"},{"floor":4,"key":"Block Potion"},{"floor":5,"key":"Swift Potion"},{"floor":11,"key":"Weak Potion"},{"floor":16,"key":"PowerPotion"},{"floor":20,"key":"Explosive Potion"}],"is_trial":false,"path_per_floor":["M","$","M","M","M","E","R","M","T","R","M","M","R","?","R","B",null,"M","?","M","M","?"],"character_chosen":"DEFECT","items_purchased":["Lockon","Redo"],"campfire_rested":4,"item_purchase_floors":[2,2],"current_hp_per_floor":[71,71,69,68,68,12,34,20,20,42,2,2,24,24,46,15,75,63,63,43,13,0,0],"gold":371,"neow_bonus":"ONE_RANDOM_RARE_CARD","is_daily":false,"chose_seed":false,"campfire_upgraded":0,"win_rate":0.0,"timestamp":1609999353,"path_taken":["M","$","M","M","?","E","R","M","T","R","M","M","R","?","R","BOSS","M","?","M","M","?"],"items_purchased_type":["Card","Card"],"build_version":"2020-12-22","purchased_purges":0,"victory":false,"max_hp_per_floor":[75,75,75,75,75,75,75,75,75,75,75,75,75,75,75,75,75,75,75,75,75,75,75],"card_choices":[{"not_picked":["Coolheaded","Hologram"],"picked":"BootSequence","floor":1},{"not_picked":["Steam","Darkness"],"picked":"Leap","floor":3},{"not_picked":["Coolheaded","Barrage"],"picked":"Consume","floor":4},{"not_picked":["Sweeping Beam","Streamline"],"picked":"Turbo","floor":5},{"not_picked":["Leap","Coolheaded"],"picked":"Capacitor","floor":6},{"not_picked":["Lockon","Conserve Battery"],"picked":"Turbo","floor":8},{"not_picked":["Stack","Redo"],"picked":"Static Discharge+1","floor":11},{"not_picked":["Ball Lightning","Streamline"],"picked":"Core Surge","floor":12},{"not_picked":["Amplify","Multi-Cast"],"picked":"Meteor Strike","floor":16},{"not_picked":["Blizzard","Steam Power"],"picked":"Rip and Tear+1","floor":18},{"not_picked":["Steam","Cold Snap+1"],"picked":"Gash","floor":20},{"not_picked":["Cold Snap+1","Stack"],"picked":"Melter","floor":21}],"player_experience":119042,"relics_obtained":[{"floor":6,"key":"Bag of Preparation"},{"floor":9,"key":"Frozen Egg 2"}],"event_choices":[{"damage_healed":0,"gold_gain":0,"player_choice":"Forge","damage_taken":0,"max_hp_gain":0,"max_hp_loss":0,"event_name":"Accursed Blacksmith","floor":14,"gold_loss":0,"cards_upgraded":["Zap"]},{"damage_healed":0,"gold_gain":0,"player_choice":"Opened","damage_taken":0,"relics_obtained":["Calipers"],"max_hp_gain":0,"max_hp_loss":0,"event_name":"The Mausoleum","floor":19,"gold_loss":0,"cards_obtained":["Writhe"]}],"is_beta":false,"boss_relics":[{"not_picked":["Runic Pyramid","Tiny House"],"picked":"Pandora\u0027s Box"}],"items_purged_floors":[],"is_endless":false,"potions_floor_spawned":[1,4,5,11,16,20],"ascension_level":1}}