{"host":"ng8aq1q5gznbd93k","time":1609979731,"event":{"mods":["AchievementEnabler","BaseMod","Downfall","Minty Spire (QoL Compilation)","StSLib","SuperFastMode","The Bug Knight"],"gold_per_floor":[109,119,119,132,31,62,137,171,171,182,182,182,194,221,221,324,324,338,356,374,13,24,24,24,57,57,85,101,117,128,128,128,128,128],"floor_reached":33,"playtime":5050,"items_purged":[],"score":299,"play_id":"bdf0bfe0-a311-45f3-93c0-a9e8ffd8e6bf","local_time":"20210106183531","is_ascension_mode":false,"campfire_choices":[{"floor":11,"key":"REST"},{"floor":15,"key":"REST"},{"floor":23,"key":"REST"},{"floor":32,"key":"REST"}],"circlet_count":0,"master_deck":["HollowMod:NailStrikeStart","HollowMod:NailStrikeStart+1","HollowMod:NailStrikeStart","HollowMod:NailStrikeStart","HollowMod:QuickDashStart","HollowMod:QuickDashStart","HollowMod:QuickDashStart","HollowMod:QuickDashStart","HollowMod:FocusHealStart","HollowMod:PogoStrike","HollowMod:SharpenedNail","HollowMod:GreatSlash","HollowMod:DescendingDark","HollowMod:SiblingsSouls","HollowMod:SoulVessel","HollowMod:AwokenDreamNail+1","HollowMod:DungDefenderAura","HollowMod:CycloneSlash","HollowMod:GrimmsGift","HollowMod:ZotesMagnificence","HollowMod:CloakDash+1","HollowMod:InfectedAttack","HollowMod:DescendingDark","expansioncontent:DashGenerateEvil","HollowMod:theNailsmith","HollowMod:AwokenDreamNail","Decay","HollowMod:SoulSplash","HollowMod:WraithStrike+1","HollowMod:InfectedCysts","HollowMod:CycloneSlash"],"relics":["HollowMod:VesselMask","NeowsBlessing","Pear","Mercury Hourglass","Ancient Tea Set","Pantograph","MealTicket","Cursed Key","Frozen Eye","Lantern","HollowMod:StagPassRelic","Whetstone"],"acts_visited":["Exordium","TheCity"],"potions_floor_usage":[16,27,29,30,33,33,33],"damage_taken":[{"damage":0,"enemies":"2 Louse","floor":1,"turns":1},{"damage":0,"enemies":"Cultist","floor":2,"turns":1},{"damage":0,"enemies":"Small Slimes","floor":4,"turns":1},{"damage":6,"enemies":"HollowMod:MossKnight","floor":6,"turns":6},{"damage":36,"enemies":"Gremlin Nob","floor":8,"turns":4},{"damage":19,"enemies":"3 Louse","floor":10,"turns":3},{"damage":9,"enemies":"Blue Slaver","floor":13,"turns":3},{"damage":61,"enemies":"The Guardian","floor":16,"turns":9},{"damage":0,"enemies":"Chosen","floor":18,"turns":4},{"damage":24,"enemies":"HollowMod:HuskSentry","floor":19,"turns":5},{"damage":39,"enemies":"Centurion and Healer","floor":20,"turns":7},{"damage":30,"enemies":"Shelled Parasite and Fungi","floor":22,"turns":5},{"damage":32,"enemies":"HollowMod:Nosk","floor":25,"turns":8},{"damage":24,"enemies":"Gremlin Leader","floor":27,"turns":6},{"damage":14,"enemies":"Snecko","floor":28,"turns":4},{"damage":13,"enemies":"Snake Plant","floor":29,"turns":4},{"damage":15,"enemies":"Shelled Parasite and Fungi","floor":30,"turns":3},{"damage":84,"enemies":"Automaton","floor":33,"turns":6}],"seed_played":"-3759032357921637498","potions_obtained":[{"floor":2,"key":"Energy Potion"},{"floor":6,"key":"sneckomod:MuddlingPotion"},{"floor":18,"key":"DuplicationPotion"},{"floor":22,"key":"Block Potion"},{"floor":28,"key":"Strength Potion"},{"floor":29,"key":"hexamod:EctoCoolerPotion"},{"floor":30,"key":"Strength Potion"}],"is_trial":false,"path_per_floor":["M","M","?","M","$","E","?","E","T","M","R","?","M","T","R","B",null,"M","M","M","$","M","R","?","E","T","E","M","M","M","?","R","B"],"character_chosen":"THE_BUGKNIGHT","items_purchased":["HollowMod:SiblingsSouls","HollowMod:SoulVessel","expansioncontent:DashGenerateEvil","BlessingOfTheForge","Frozen Eye"],"campfire_rested":4,"item_purchase_floors":[5,5,21,21,21],"current_hp_per_floor":[75,75,85,85,85,79,68,32,32,13,38,38,29,29,54,28,85,85,61,22,37,13,38,85,69,69,45,31,24,9,9,34,0,0],"gold":128,"neow_bonus":"THREE_ENEMY_KILL","is_daily":false,"chose_seed":false,"campfire_upgraded":0,"win_rate":0.0,"timestamp":1609979731,"path_taken":["M","M","?","?","$","E","?","E","T","M","R","?","M","?","R","BOSS","M","M","?","$","M","R","?","E","T","E","?","M","M","?","R","BOSS"],"items_purchased_type":["Card","Card","Card","Potion","Relic"],"build_version":"2020-12-22","purchased_purges":0,"victory":false,"max_hp_per_floor":[75,75,85,85,85,85,85,85,85,85,85,85,85,85,85,85,85,85,85,85,85,85,85,85,85,85,85,85,85,85,85,85,85,85],"card_choices":[{"not_picked":["HollowMod:HowlingWraiths","HollowMod:SoulEater"],"picked":"HollowMod:SharpenedNail","floor":1},{"not_picked":["HollowMod:SoulVessel","HollowMod:FallenFury"],"picked":"HollowMod:GreatSlash","floor":2},{"not_picked":["HollowMod:DoubleDash","HollowMod:WraithStrike"],"picked":"HollowMod:DescendingDark","floor":4},{"not_picked":["HollowMod:VengefulVoid","HollowMod:ShadowDash"],"picked":"HollowMod:AwokenDreamNail","floor":6},{"not_picked":["HollowMod:InfectedAttack","HollowMod:GreatSlash"],"picked":"HollowMod:DungDefenderAura","floor":8},{"not_picked":["HollowMod:CoiledNail","HollowMod:WraithStrike"],"picked":"HollowMod:CycloneSlash","floor":10},{"not_picked":["HollowMod:SoulVessel","HollowMod:SharpenedNail"],"picked":"HollowMod:GrimmsGift","floor":13},{"not_picked":["HollowMod:NewInfectedGuardian","HollowMod:ElderbugsWisdom"],"picked":"HollowMod:ZotesMagnificence","floor":16},{"not_picked":["HollowMod:SharpenedNail","HollowMod:FastStrike"],"picked":"HollowMod:CloakDash+1","floor":18},{"not_picked":["HollowMod:DescendingDark","HollowMod:CornifersMapStart"],"picked":"HollowMod:InfectedAttack","floor":19},{"not_picked":["HollowMod:SiblingsSouls+1","HollowMod:ChannelNail"],"picked":"HollowMod:DescendingDark","floor":20},{"not_picked":["HollowMod:SharpenedNail","HollowMod:DescendingDark"],"picked":"HollowMod:theNailsmith","floor":22},{"not_picked":["HollowMod:VengefulVoid+1","HollowMod:NewLittleFool"],"picked":"HollowMod:AwokenDreamNail","floor":25},{"not_picked":["HollowMod:DoubleDash","HollowMod:FastStrike"],"picked":"HollowMod:SoulSplash","floor":27},{"not_picked":["HollowMod:ElderbugsWisdom","HollowMod:GrimmsGift"],"picked":"HollowMod:WraithStrike+1","floor":28},{"not_picked":["HollowMod:CycloneSlash","HollowMod:CornifersMapStart+1"],"picked":"HollowMod:InfectedCysts","floor":29},{"not_picked":["HollowMod:ShadowDash+1","HollowMod:GrimmsGift"],"picked":"HollowMod:CycloneSlash","floor":30}],"player_experience":103208,"relics_obtained":[{"floor":6,"key":"Mercury Hourglass"},{"floor":8,"key":"Ancient Tea Set"},{"floor":9,"key":"Pantograph"},{"floor":14,"key":"MealTicket"},{"floor":25,"key":"Lantern"},{"floor":26,"key":"HollowMod:StagPassRelic"},{"floor":27,"key":"Whetstone"}],"event_choices":[{"damage_healed":0,"gold_gain":0,"player_choice":"Gave Potion","damage_taken":0,"relics_obtained":["Pear"],"max_hp_gain":0,"max_hp_loss":0,"event_name":"WeMeetAgain","floor":3,"gold_loss":0},{"damage_healed":0,"gold_gain":75,"player_choice":"Gather Gold","damage_taken":11,"max_hp_gain":0,"max_hp_loss":0,"event_name":"World of Goop","floor":7,"gold_loss":0},{"damage_healed":47,"gold_gain":0,"player_choice":"Full Heal","damage_taken":0,"max_hp_gain":0,"max_hp_loss":0,"event_name":"Wheel of Change","floor":24,"gold_loss":0}],"is_beta":false,"boss_relics":[{"not_picked":["Runic Pyramid","Fusion Hammer"],"picked":"Cursed Key"}],"items_purged_floors":[],"is_endless":false,"potions_floor_spawned":[2,6,18,22,28,29,30],"killed_by":"Automaton","ascension_level":0}}