{"host":"c2ypwvkuo6d4slur","time":1609986451,"event":{"mods":["BaseMod","Colored Map","Curses Come First","Downfall","Minty Spire (QoL Compilation)","Relic Stats","StSLib"],"gold_per_floor":[99,99,99,99,99,111,136,146,146,246,246,259,271,35,48,145,145,70,81,93,93,93,93],"floor_reached":21,"playtime":1312,"items_purged":["Decay"],"score":177,"play_id":"73fd146c-573d-4cbc-b0ae-529a8566ac9d","local_time":"20210106182731","is_ascension_mode":true,"campfire_choices":[{"data":"hexamod:Sear","floor":1.0,"key":"SMITH"},{"floor":9.0,"key":"RECALL"},{"data":"hexamod:HexaLevel","floor":18.0,"key":"SMITH"}],"circlet_count":0,"master_deck":["hexamod:Strike","hexamod:Strike","hexamod:Strike","hexamod:Strike","hexamod:Defend","hexamod:Defend","hexamod:Defend","hexamod:Defend","hexamod:Sear+1","hexamod:Float+1","hexamod:SkipABeat","hexamod:FastForward","hexamod:GhostOfSpirePast","hexamod:RainOfEmbers","hexamod:Rewind","hexamod:ThermalTransfer","hexamod:HexaLevel+1","hexamod:PhantomFireball","hexamod:HauntingEcho","hexamod:Sear","expansioncontent:BronzeBeam","hexamod:BurningTouch","hexamod:TimeWarp","hexamod:PhantomCloak","hexamod:SearingWound","hexamod:BacktrackSmack+1"],"relics":["hexamod:SpiritBrand","downfall:HeartsMalice","Juzu Bracelet","downfall:GremlinSack","Membership Card","Coffee Dripper","downfall:HeartBlessingRed"],"acts_visited":["Exordium","TheCity"],"potions_floor_usage":[],"damage_taken":[{"damage":0.0,"enemies":"2 Louse","floor":2.0,"turns":1.0},{"damage":0.0,"enemies":"Small Slimes","floor":3.0,"turns":1.0},{"damage":0.0,"enemies":"Cultist","floor":4.0,"turns":1.0},{"damage":6.0,"enemies":"Blue Slaver","floor":6.0,"turns":3.0},{"damage":0.0,"enemies":"Exordium Wildlife","floor":8.0,"turns":3.0},{"damage":24.0,"enemies":"Exordium Wildlife","floor":10.0,"turns":5.0},{"damage":2.0,"enemies":"2 Fungi Beasts","floor":12.0,"turns":3.0},{"damage":2.0,"enemies":"Blue Slaver","floor":13.0,"turns":3.0},{"damage":0.0,"enemies":"downfall:FleeingMerchant","floor":14.0,"turns":4.0},{"damage":0.0,"enemies":"Large Slime","floor":15.0,"turns":3.0},{"damage":22.0,"enemies":"downfall:Silent","floor":16.0,"turns":8.0},{"damage":0.0,"enemies":"Shell Parasite","floor":19.0,"turns":3.0},{"damage":0.0,"enemies":"Chosen","floor":20.0,"turns":3.0},{"damage":0,"enemies":"Centurion and Healer","floor":21,"turns":1}],"seed_played":"3326424085169917485","potions_obtained":[{"floor":6.0,"key":"Energy Potion"},{"floor":10.0,"key":"ColorlessPotion"},{"floor":13.0,"key":"hexamod:EctoCoolerPotion"},{"floor":15.0,"key":"Explosive Potion"}],"is_trial":false,"path_per_floor":["R","M","M","M","?","M","T","M","R","?","?","M","M","$","M","B",null,"R","M","M","M"],"character_chosen":"THE_SPIRIT","items_purchased":["Membership Card","hexamod:TimeWarp"],"campfire_rested":0,"item_purchase_floors":[14,14],"current_hp_per_floor":[70,70,70,70,70,64,64,64,64,40,45,43,41,41,41,19,75,75,75,75,75,75,75],"gold":93,"neow_bonus":"THREE_ENEMY_KILL","is_daily":false,"chose_seed":false,"campfire_upgraded":2,"win_rate":0.0,"timestamp":1609986451,"path_taken":["R","M","M","M","?","M","T","M","R","?","?","M","M","$","M","BOSS","R","M","M","M"],"items_purchased_type":["Relic","Card"],"build_version":"2020-12-22","purchased_purges":1,"victory":false,"max_hp_per_floor":[70,70,70,70,70,70,70,70,70,70,75,75,75,75,75,75,75,75,75,75,75,75,75],"relic_stats":{"counters":[14,38],"Juzu Bracelet":1,"obtain_stats":[{"downfall:GremlinSack":10,"downfall:HeartBlessingRed":18,"downfall:HeartsMalice":0,"Juzu Bracelet":7,"Coffee Dripper":17,"Membership Card":14,"hexamod:SpiritBrand":0},{"downfall:GremlinSack":6,"downfall:HeartBlessingRed":11,"downfall:HeartsMalice":0,"Juzu Bracelet":4,"Coffee Dripper":11,"Membership Card":9,"hexamod:SpiritBrand":0},{"downfall:GremlinSack":11,"downfall:HeartBlessingRed":32,"downfall:HeartsMalice":0,"Juzu Bracelet":3,"Coffee Dripper":32,"Membership Card":21,"hexamod:SpiritBrand":0}]},"card_choices":[{"not_picked":["hexamod:SecondSeal","hexamod:BacktrackSmack"],"picked":"hexamod:SkipABeat","floor":2.0},{"not_picked":["hexamod:BurningTouch","hexamod:Hexaguard"],"picked":"hexamod:FastForward","floor":3.0},{"not_picked":["hexamod:HeatCrush","hexamod:FastForward"],"picked":"hexamod:GhostOfSpirePast","floor":4.0},{"not_picked":["hexamod:ShieldOfDarkness","hexamod:Firestarter"],"picked":"hexamod:RainOfEmbers","floor":6.0},{"not_picked":["hexamod:RadiantFlame","hexamod:ShieldOfDarkness"],"picked":"hexamod:Rewind","floor":8.0},{"not_picked":["hexamod:FastForward","hexamod:SpectersWail"],"picked":"hexamod:ThermalTransfer","floor":10.0},{"not_picked":["hexamod:NightmareStrike","hexamod:HeatShield","hexamod:SpectersWail"],"picked":"SKIP","floor":12.0},{"not_picked":["hexamod:GhostLash","hexamod:FastForward"],"picked":"hexamod:BurningTouch","floor":13.0},{"not_picked":["hexamod:ThermalTransfer","hexamod:NecessarySacrifice","hexamod:EmpoweringStance"],"picked":"SKIP","floor":14.0},{"not_picked":["hexamod:GhostLash","hexamod:NightmareStrike"],"picked":"hexamod:PhantomCloak","floor":15.0},{"not_picked":["hexamod:EmpoweringStance","hexamod:GhostflameInferno"],"picked":"hexamod:SearingWound","floor":16.0},{"not_picked":["hexamod:InspiringFlames","hexamod:GhostOfSpirePast","hexamod:GhostShield+1"],"picked":"SKIP","floor":19.0},{"not_picked":["hexamod:HeatMetal","hexamod:SecondSeal"],"picked":"hexamod:BacktrackSmack+1","floor":20.0}],"player_experience":60790,"relics_obtained":[{"floor":7.0,"key":"Juzu Bracelet"},{"floor":10.0,"key":"downfall:GremlinSack"}],"event_choices":[{"damage_healed":0.0,"max_hp_gain":0.0,"max_hp_loss":0.0,"gold_gain":0.0,"event_name":"Living Wall","player_choice":"Grow","floor":5.0,"gold_loss":0.0,"damage_taken":0.0,"cards_upgraded":["hexamod:Float"]},{"damage_healed":0.0,"max_hp_gain":5.0,"max_hp_loss":0.0,"gold_gain":0.0,"event_name":"Big Fish","player_choice":"Donut","floor":11.0,"gold_loss":0.0,"damage_taken":0.0}],"is_beta":false,"boss_relics":[{"not_picked":["Calling Bell","Fusion Hammer"],"picked":"Coffee Dripper"}],"items_purged_floors":[14],"is_endless":false,"potions_floor_spawned":[6,10,13,15,16],"killed_by":"Centurion and Healer","ascension_level":1}}