{"host":"ig7tc0uedzltt2sr","time":1609989746,"event":{"mods":["BaseMod","Better Twitch Integration","Block Reminder","Colored Map","Colored Powertips","Communication Mod","Current Relic Mod","GifTheSpireLib","HexUI Lib","Minty Spire (QoL Compilation)","Quick Restart","Random Character Button","Rare Cards Sparkle","Relic Sorter","Relic Stats","Slay the Relics Exporter","StSLib","SuperFastMode","Synergy Search","Twitch Decklist","Twitch Utils","everything is the same but u backflip on backflip","slay the spire mod where everything is the same but ironclad has a cowboy hat"],"gold_per_floor":[112,112,112,126,140,140,159,159,159,159,159],"floor_reached":10,"playtime":38,"items_purged":[],"score":58,"play_id":"ee4b7676-77d9-430e-9417-21aa1fa853bf","local_time":"20210106192226","is_ascension_mode":false,"campfire_choices":[{"data":"Strike_R","floor":6,"key":"SMITH"},{"data":"Strike_R","floor":8,"key":"SMITH"}],"circlet_count":0,"master_deck":["Strike_R+1","Strike_R+1","Strike_R","Strike_R","Strike_R","Defend_R","Defend_R","Defend_R","Defend_R","Bash","Clothesline","Dropkick","Clash","Flex"],"relics":["Burning Blood","NeowsBlessing","Golden Idol","Eternal Feather"],"acts_visited":["Exordium"],"potions_floor_usage":[],"damage_taken":[{"damage":0,"enemies":"Small Slimes","floor":1,"turns":2},{"damage":0,"enemies":"Jaw Worm","floor":4,"turns":2},{"damage":0,"enemies":"Cultist","floor":5,"turns":2},{"damage":11,"enemies":"Red Slaver","floor":7,"turns":3},{"damage":86,"enemies":"Lagavulin","floor":10,"turns":9}],"seed_played":"-6464790936486926286","potions_obtained":[{"floor":7,"key":"Energy Potion"}],"is_trial":false,"path_per_floor":["M","?","?","M","M","R","M","R","T","E"],"character_chosen":"IRONCLAD","items_purchased":[],"campfire_rested":0,"item_purchase_floors":[],"current_hp_per_floor":[80,74,79,79,79,79,74,74,74,0,0],"gold":159,"neow_bonus":"THREE_ENEMY_KILL","is_daily":false,"chose_seed":false,"campfire_upgraded":2,"win_rate":0.0,"timestamp":1609989746,"path_taken":["M","?","?","M","M","R","M","R","T","E"],"items_purchased_type":[],"build_version":"2020-12-22","purchased_purges":0,"victory":false,"max_hp_per_floor":[80,74,79,79,79,79,79,79,79,79,79],"relic_stats":{"counters":[5,18],"Golden Idol":10,"Eternal Feather":0,"obtain_stats":[{"NeowsBlessing":0,"Golden Idol":2,"Eternal Feather":9,"Burning Blood":0},{"NeowsBlessing":0,"Golden Idol":1,"Eternal Feather":4,"Burning Blood":0},{"NeowsBlessing":0,"Golden Idol":2,"Eternal Feather":9,"Burning Blood":0}],"Burning Blood":6},"card_choices":[{"not_picked":["Wild Strike","Pommel Strike"],"picked":"Clothesline","floor":1},{"not_picked":["Wild Strike","Perfected Strike"],"picked":"Dropkick","floor":4},{"not_picked":["Sword Boomerang","Hemokinesis"],"picked":"Clash","floor":5},{"not_picked":["Shrug It Off","Fire Breathing"],"picked":"Flex","floor":7}],"player_experience":1442674,"relics_obtained":[{"floor":9,"key":"Eternal Feather"}],"event_choices":[{"damage_healed":0,"gold_gain":0,"player_choice":"Lose Max HP","damage_taken":0,"relics_obtained":["Golden Idol"],"max_hp_gain":0,"max_hp_loss":6,"event_name":"Golden Idol","floor":2,"gold_loss":0},{"damage_healed":0,"gold_gain":0,"player_choice":"Donut","damage_taken":0,"max_hp_gain":5,"max_hp_loss":0,"event_name":"Big Fish","floor":3,"gold_loss":0}],"is_beta":false,"boss_relics":[],"items_purged_floors":[],"is_endless":false,"potions_floor_spawned":[7],"killed_by":"Lagavulin","ascension_level":0}}