{"host":"u7lm8z2rvb4dg2oo","time":1609990629,"event":{"mods":["AchievementEnabler","BaseMod","Colored Map","Colored Powertips","Curses Come First","Googly Eyes","Highlight Path","Minty Spire (QoL Compilation)","Quick Restart","StSLib"],"gold_per_floor":[110,123,137,152,164,164,180,180,250,43,69,41,61,26,26,26,26],"floor_reached":16,"playtime":757,"items_purged":[],"score":161,"play_id":"f7bd6dda-9d84-48dd-9179-337016347d6f","local_time":"20210106223709","is_ascension_mode":true,"campfire_choices":[{"floor":6.0,"key":"REST"},{"data":"DeusExMachina","floor":8.0,"key":"SMITH"},{"floor":15.0,"key":"REST"}],"circlet_count":0,"master_deck":["AscendersBane","Strike_P","Strike_P","Strike_P","Strike_P","Defend_P","Defend_P","Defend_P","Defend_P","Eruption","Vigilance","ReachHeaven","FlurryOfBlows","WheelKick","DeusExMachina+1","Prostrate","Ragnarok","Establishment","BattleHymn"],"relics":["PureWater","Letter Opener","PreservedInsect"],"acts_visited":["Exordium"],"potions_floor_usage":[],"damage_taken":[{"damage":0.0,"enemies":"Cultist","floor":1.0,"turns":2.0},{"damage":0.0,"enemies":"Jaw Worm","floor":2.0,"turns":3.0},{"damage":7.0,"enemies":"Small Slimes","floor":3.0,"turns":3.0},{"damage":2.0,"enemies":"2 Fungi Beasts","floor":4.0,"turns":4.0},{"damage":27.0,"enemies":"Lots of Slimes","floor":5.0,"turns":3.0},{"damage":8.0,"enemies":"Looter","floor":7.0,"turns":4.0},{"damage":25.0,"enemies":"Gremlin Nob","floor":11.0,"turns":3.0},{"damage":8.0,"enemies":"Blue Slaver","floor":13.0,"turns":3.0},{"damage":62,"enemies":"Hexaghost","floor":16,"turns":7}],"seed_played":"1045638094808044181","potions_obtained":[{"floor":0.0,"key":"EssenceOfSteel"},{"floor":0.0,"key":"Block Potion"},{"floor":4.0,"key":"SneckoOil"},{"floor":7.0,"key":"Weak Potion"},{"floor":11.0,"key":"Strength Potion"}],"is_trial":false,"path_per_floor":["M","M","M","M","M","R","M","R","T","$","E","?","M","?","R","B"],"character_chosen":"WATCHER","items_purchased":["Ragnarok","Establishment"],"campfire_rested":2,"item_purchase_floors":[10,10],"current_hp_per_floor":[65,65,58,56,29,50,42,42,42,42,17,17,9,27,48,0,0],"gold":26,"neow_bonus":"THREE_SMALL_POTIONS","is_daily":false,"chose_seed":false,"campfire_upgraded":1,"win_rate":0.0,"timestamp":1609990629,"path_taken":["M","M","M","?","M","R","M","R","T","$","E","?","M","?","R","BOSS"],"items_purchased_type":["Card","Card"],"build_version":"2020-12-22","purchased_purges":0,"victory":false,"max_hp_per_floor":[72,72,72,72,72,72,72,72,72,72,72,72,72,72,72,72,72],"card_choices":[{"not_picked":["EmptyFist","JustLucky"],"picked":"ReachHeaven","floor":1.0},{"not_picked":["FlyingSleeves","ClearTheMind"],"picked":"FlurryOfBlows","floor":2.0},{"not_picked":["CrushJoints","Evaluate"],"picked":"WheelKick","floor":3.0},{"not_picked":["Protect","EmptyFist"],"picked":"DeusExMachina","floor":4.0},{"not_picked":["PathToVictory","FollowUp","FlurryOfBlows"],"picked":"SKIP","floor":5.0},{"not_picked":["Pray","ClearTheMind"],"picked":"Prostrate","floor":7.0},{"not_picked":["Brilliance","ThirdEye"],"picked":"BattleHymn","floor":11.0},{"not_picked":["SashWhip","EmptyFist","BowlingBash"],"picked":"SKIP","floor":13.0}],"player_experience":1101456,"relics_obtained":[{"floor":9.0,"key":"Letter Opener"},{"floor":11.0,"key":"PreservedInsect"}],"event_choices":[{"damage_healed":0.0,"max_hp_gain":0.0,"max_hp_loss":0.0,"gold_gain":0.0,"event_name":"World of Goop","player_choice":"Left Gold","floor":12.0,"gold_loss":28.0,"damage_taken":0.0},{"damage_healed":18.0,"max_hp_gain":0.0,"max_hp_loss":0.0,"gold_gain":0.0,"event_name":"The Cleric","player_choice":"Healed","floor":14.0,"gold_loss":35.0,"damage_taken":0.0}],"is_beta":false,"boss_relics":[],"items_purged_floors":[],"is_endless":false,"potions_floor_spawned":[1,4,7,11],"killed_by":"Hexaghost","ascension_level":11}}