{"host":"i98650m3tufgrrto","time":1609979995,"event":{"mods":["Act Like it!","BaseMod","CapriCore","KomeijiMod","Marisa£®ÏF”Í°°ƒß¿Ì…≥£©","Minty Spire (QoL Compilation)","Reimu£®≤©¿ˆ¡È√Œ£©","Remilia£®¿Ÿ√◊¿Ú—«£©","StSLib","The Immortal","The Servant 0.9.4","Yakumo Yukari mod","Youmu£®ªÍ∆«—˝√Œ£©"],"gold_per_floor":[430,430,450,165,183,209,209,238,238,238,263,263,280,355,355,431,431,450,450,469,469,469,469,496,513,513,538,538,554,554,564,564,641,641,651,651,670,687,476,476,530,530,555,555,581,597,625,640,640,640,640],"floor_reached":52,"playtime":2368,"items_purged":["Defend_Remirira","CruelSlaughter"],"score":1986,"play_id":"deef8bf7-1b35-4282-8adb-7e246179d3a7","local_time":"20210107083955","is_ascension_mode":true,"campfire_choices":[{"data":"Absorbed","floor":7.0,"key":"SMITH"},{"floor":10.0,"key":"REST"},{"floor":15.0,"key":"REST"},{"data":"DamonLordCradle_Remiria","floor":23.0,"key":"SMITH"},{"floor":28.0,"key":"REST"},{"data":"QueenOfMidnight","floor":30.0,"key":"SMITH"},{"data":"RedMagic","floor":32.0,"key":"SMITH"},{"data":"HeartBreak_Remiria","floor":40,"key":"SMITH"},{"data":"BloodCoagulation","floor":42,"key":"SMITH"},{"data":"DoubleEdge","floor":44,"key":"SMITH"},{"data":"QueenOfMidnight","floor":49,"key":"SMITH"}],"circlet_count":0,"master_deck":["Defend_Remirira","Defend_Remirira","Absorbed+1","Scratch","PartStrengthen","Warpath","DemonLordWalk","RedMagic+1","DemonsDinnerFork_Remiria","QueenOfMidnight+1","BloodCoagulation+1","BloodSurge","DamonLordCradle_Remiria+1","PartStrengthen","DoubleEdge+1","HeartBreak_Remiria+1","FateCollect+1","ThePrice+1","PartStrengthen+1","QueenOfMidnight+1"],"relics":["ThirstyCrossSpe","CultistMask","Medical Kit","Blood Vial","Mummified Hand","Dream Catcher","Pen Nib","Runic Dome","Bottled Tornado","Singing Bowl","Smiling Mask","Empty Cage","ClockworkSouvenir","Ice Cream","MealTicket","Bottled Lightning","Orichalcum"],"acts_visited":["Exordium","TheCity","TheBeyond"],"potions_floor_usage":[41,51],"damage_taken":[{"damage":6.0,"enemies":"Small Slimes","floor":1.0,"turns":3.0},{"damage":0.0,"enemies":"Cultist","floor":3.0,"turns":3.0},{"damage":6.0,"enemies":"Jaw Worm","floor":5.0,"turns":3.0},{"damage":44.0,"enemies":"Gremlin Nob","floor":6.0,"turns":4.0},{"damage":13.0,"enemies":"Lagavulin","floor":8.0,"turns":6.0},{"damage":18.0,"enemies":"3 Sentries","floor":11.0,"turns":11.0},{"damage":7.0,"enemies":"3 Louse","floor":13.0,"turns":2.0},{"damage":11.0,"enemies":"Slime Boss","floor":16.0,"turns":7.0},{"damage":14.0,"enemies":"Shell Parasite","floor":18.0,"turns":5.0},{"damage":0.0,"enemies":"3 Byrds","floor":20.0,"turns":4.0},{"damage":41.0,"enemies":"Book of Stabbing","floor":24.0,"turns":6.0},{"damage":0.0,"enemies":"3 Cultists","floor":25.0,"turns":3.0},{"damage":26.0,"enemies":"Slavers","floor":27.0,"turns":6.0},{"damage":22.0,"enemies":"Snecko","floor":29.0,"turns":4.0},{"damage":8.0,"enemies":"Centurion and Healer","floor":31.0,"turns":4.0},{"damage":32.0,"enemies":"Automaton","floor":33.0,"turns":9.0},{"damage":0.0,"enemies":"3 Darklings","floor":35.0,"turns":2.0},{"damage":0.0,"enemies":"Orb Walker","floor":37.0,"turns":3.0},{"damage":42.0,"enemies":"3 Darklings","floor":38.0,"turns":3.0},{"damage":12,"enemies":"2 Orb Walkers","floor":41,"turns":4},{"damage":1,"enemies":"Giant Head","floor":45,"turns":6},{"damage":0,"enemies":"Jaw Worm Horde","floor":46,"turns":3},{"damage":0,"enemies":"Reptomancer","floor":47,"turns":5},{"damage":4,"enemies":"Spire Growth","floor":48,"turns":4},{"damage":33,"enemies":"Awakened One","floor":50,"turns":10},{"damage":26,"enemies":"Donu and Deca","floor":51,"turns":7}],"seed_played":"2799619104342284476","potions_obtained":[{"floor":3.0,"key":"ColorlessPotion"},{"floor":5.0,"key":"SkillPotion"},{"floor":13.0,"key":"GamblersBrew"},{"floor":16.0,"key":"SteroidPotion"},{"floor":29.0,"key":"GamblersBrew"},{"floor":31.0,"key":"Swift Potion"},{"floor":45,"key":"RedTea"}],"is_trial":false,"path_per_floor":["M","?","M","$","M","E","R","E","T","R","E","?","M","?","R","B",null,"M","?","M","?","T","R","E","M","T","E","R","M","R","M","R","B",null,"M","?","M","M","$","R","?","R","T","R","E","M","E","M","R","B","B",null],"character_chosen":"RemiriaScarlet","items_purchased":["Medical Kit","PartStrengthen","ClockworkSouvenir"],"campfire_rested":3,"item_purchase_floors":[4,4,39],"current_hp_per_floor":[84,84,84,84,78,34,34,23,23,50,34,34,29,18,45,37,77,65,65,67,67,67,67,40,42,42,20,47,37,37,33,33,59,87,91,91,100,71,71,71,70,70,70,70,104,104,104,104,104,104,104],"gold":640,"neow_bonus":"TWO_FIFTY_GOLD","is_daily":false,"chose_seed":false,"campfire_upgraded":8,"win_rate":0.0,"timestamp":1609979995,"path_taken":["M","?","?","$","M","E","R","E","T","R","E","?","M","?","R","BOSS","M","?","M","?","?","R","E","M","T","E","R","M","R","M","R","BOSS","M","?","M","M","$","R","?","R","T","R","E","M","E","M","R","BOSS","BOSS"],"items_purchased_type":["Relic","Card","Relic"],"build_version":"2020-12-22","purchased_purges":2,"victory":true,"max_hp_per_floor":[90,90,90,90,90,90,90,90,90,90,90,90,90,90,90,90,90,90,90,90,90,90,90,90,90,90,92,92,94,94,96,96,96,96,98,98,100,102,102,102,104,104,104,104,104,104,104,104,104,104,104],"card_choices":[{"not_picked":["Paradox","FierceSweep","ServantFlier"],"picked":"SKIP","floor":1.0},{"not_picked":["Feint","FierceSweep","FastHealing"],"picked":"SKIP","floor":3.0},{"not_picked":["Feint","BloodyMagicSquare"],"picked":"Warpath","floor":5.0},{"not_picked":["Cripple","RocketKickup"],"picked":"DemonLordWalk","floor":6.0},{"not_picked":["BodyStrengthen","RocketKickup"],"picked":"RedMagic","floor":8.0},{"not_picked":["TricksterDevil","BodyStrengthen"],"picked":"DemonsDinnerFork_Remiria","floor":11.0},{"not_picked":["ServantFlier","Cripple"],"picked":"QueenOfMidnight","floor":13.0},{"not_picked":["MillenniumVampire","RemiliaStalker"],"picked":"BloodCoagulation","floor":16.0},{"not_picked":["BloodySuit","DemonsDinnerFork_Remiria","ChainGang"],"picked":"SKIP","floor":18.0},{"not_picked":["Feint","DoubleEdge"],"picked":"DamonLordCradle_Remiria","floor":20.0},{"not_picked":["BodyStrengthen","RemiliaStretch_Remiria","FierceSweep"],"picked":"SKIP","floor":24.0},{"not_picked":["Cripple","FastHealing"],"picked":"PartStrengthen","floor":25.0},{"not_picked":["Warpath","TricksterDevil","FastHealing"],"picked":"Singing Bowl","floor":27.0},{"not_picked":["FitfulNightmare","FierceSweep"],"picked":"DoubleEdge","floor":28.0},{"not_picked":["NightDance","FierceSweep","TricksterDevil"],"picked":"Singing Bowl","floor":29.0},{"not_picked":["YoungDemonLord","BodyStrengthen","CurseofVladTepes+1"],"picked":"Singing Bowl","floor":31.0},{"not_picked":["BombardNight","RemiliaStalker"],"picked":"HeartBreak_Remiria","floor":33.0},{"not_picked":["RocketKickup","ServantFlier","Offensive"],"picked":"Singing Bowl","floor":35.0},{"not_picked":["Warpath+1","Offensive+1","BloodCollect"],"picked":"Singing Bowl","floor":37.0},{"not_picked":["FateCollect","ChainGang","DoubleEdge"],"picked":"Singing Bowl","floor":38},{"not_picked":["Cripple","StigmaNizer","Warpath"],"picked":"Singing Bowl","floor":41},{"not_picked":["StigmaNizer+1","SeparateFleshBlood+1"],"picked":"FateCollect+1","floor":45},{"not_picked":["FateMeister+1","DemonsDinnerFork_Remiria"],"picked":"ThePrice+1","floor":46},{"not_picked":["TricksterDevil","ChainGang"],"picked":"PartStrengthen+1","floor":47},{"not_picked":["Cripple","Feint"],"picked":"QueenOfMidnight","floor":48}],"player_experience":1193089,"relics_obtained":[{"floor":6.0,"key":"Blood Vial"},{"floor":8.0,"key":"Mummified Hand"},{"floor":9.0,"key":"Dream Catcher"},{"floor":11.0,"key":"Pen Nib"},{"floor":24.0,"key":"Bottled Tornado"},{"floor":26.0,"key":"Singing Bowl"},{"floor":27.0,"key":"Smiling Mask"},{"floor":41,"key":"Ice Cream"},{"floor":43,"key":"MealTicket"},{"floor":45,"key":"Bottled Lightning"},{"floor":47,"key":"Orichalcum"}],"event_choices":[{"damage_healed":0.0,"max_hp_gain":0.0,"max_hp_loss":0.0,"gold_gain":0.0,"event_name":"FaceTrader","player_choice":"Trade","floor":2.0,"gold_loss":0.0,"damage_taken":0.0,"relics_obtained":["CultistMask"]},{"damage_healed":0.0,"max_hp_gain":0.0,"max_hp_loss":0.0,"gold_gain":0.0,"event_name":"Liars Game","player_choice":"Ignored","floor":12.0,"gold_loss":0.0,"damage_taken":0.0},{"damage_healed":0.0,"max_hp_gain":0.0,"max_hp_loss":0.0,"gold_gain":75.0,"event_name":"World of Goop","player_choice":"Gather Gold","floor":14.0,"gold_loss":0.0,"damage_taken":11.0},{"damage_healed":0.0,"max_hp_gain":0.0,"max_hp_loss":0.0,"gold_gain":0.0,"cards_transformed":["Strike_Remiria","Strike_Remiria"],"event_name":"Drug Dealer","player_choice":"Became Test Subject","floor":19.0,"gold_loss":0.0,"damage_taken":0.0,"cards_obtained":["CruelSlaughter","BloodSurge"]},{"cards_removed":["Defend_Remirira"],"damage_healed":0.0,"max_hp_gain":0.0,"max_hp_loss":0.0,"gold_gain":0.0,"event_name":"Falling","player_choice":"Removed Skill","floor":36.0,"gold_loss":0.0,"damage_taken":0.0},{"damage_healed":0,"gold_gain":0,"player_choice":"Fight","damage_taken":0,"max_hp_gain":0,"max_hp_loss":0,"event_name":"Mysterious Sphere","floor":41,"gold_loss":0}],"is_beta":false,"boss_relics":[{"not_picked":["Tiny House","Astrolabe"],"picked":"Runic Dome"},{"not_picked":["Calling Bell","Black Star"],"picked":"Empty Cage"}],"items_purged_floors":[4,39],"is_endless":false,"potions_floor_spawned":[3,5,13,16,18,29,31,33,45,47,48],"ascension_level":20}}