{"host":"doxo6v3vhswwfk80","time":1609999550,"event":{"mods":["2.2 Compatiblity","AchievementEnabler","Act Like it!","BaseMod","Better Altar","Better Match","Better Note","Better Sensory Stone","Better Skull","Better Third Choice","Curses Come First","Hermit","Minty Spire (QoL Compilation)","Quick Restart","Relic Stats","Shade Mod","StSLib","The Hierophant","The Runesmith","The Servant 0.9.4"],"gold_per_floor":[115,115,34,34,47,47,80,115,415,411,411,58,62,22,22,97,97,113,130,126,111,111,91,43,33,58,58,40,37,37],"floor_reached":29,"playtime":2976,"items_purged":[],"score":454,"play_id":"8cb5c115-3407-4623-8263-b5a13417bc47","local_time":"20210107000550","daily_mods":["Draft","Elite Swarm"],"is_ascension_mode":true,"campfire_choices":[{"floor":6,"key":"REST"},{"floor":15,"key":"REST"}],"circlet_count":0,"master_deck":["hierophant:Zeal","hierophant:FlamingChariot","hierophant:Shelter","hierophant:ThreeLashes","hierophant:Zeal","hierophant:Encroach","hierophant:RepressedViolence","hierophant:Martyrdom","hierophant:RepressedViolence","hierophant:Sermon","hierophant:HammerAndAnvil","hierophant:Shelter+1","hierophant:Sermon","hierophant:SolarFlare","hierophant:RepressedViolence","hierophant:Repentance","hierophant:RepressedViolence","hierophant:Upheaval","hierophant:Kindle","hierophant:Anathema","hierophant:Sermon","hierophant:SealAway","hierophant:Kindle","hierophant:Encroach","hierophant:ThreeLashes","hierophant:Flagellation","hierophant:Flagellation","hierophant:Invocation","hierophant:HammerAndAnvil","hierophant:Sermon+1","hierophant:HolyVerse"],"relics":["hierophant:PropheticMaskRelic","Runesmith:Locket","CaptainsWheel","Old Coin","Oddly Smooth Stone","Happy Flower","Anchor","Regal Pillow","Fusion Hammer","Enchiridion","Eternal Feather","Blood Vial","Singing Bowl"],"acts_visited":["Exordium","TheCity"],"potions_floor_usage":[7,13,19,21,23],"damage_taken":[{"damage":8,"enemies":"Jaw Worm","floor":1,"turns":4},{"damage":6,"enemies":"Cultist","floor":4,"turns":4},{"damage":0,"enemies":"Small Slimes","floor":5,"turns":2},{"damage":0,"enemies":"Lagavulin","floor":7,"turns":3},{"damage":16,"enemies":"3 Sentries","floor":8,"turns":5},{"damage":6,"enemies":"3 Sentries","floor":10,"turns":5},{"damage":4,"enemies":"Lagavulin","floor":13,"turns":5},{"damage":0,"enemies":"2 Fungi Beasts","floor":14,"turns":1},{"damage":0,"enemies":"Slime Boss","floor":16,"turns":3},{"damage":0,"enemies":"Shell Parasite","floor":18,"turns":2},{"damage":0,"enemies":"3 Byrds","floor":19,"turns":4},{"damage":15,"enemies":"Snake Plant","floor":20,"turns":3},{"damage":10,"enemies":"Centurion and Healer","floor":21,"turns":4},{"damage":9,"enemies":"Gremlin Leader","floor":23,"turns":5},{"damage":10,"enemies":"3 Cultists","floor":25,"turns":4},{"damage":0,"enemies":"Shelled Parasite and Fungi","floor":28,"turns":2},{"damage":22,"enemies":"Book of Stabbing","floor":29,"turns":5}],"seed_played":"-478373066792036009","potions_obtained":[{"floor":4,"key":"DistilledChaos"},{"floor":10,"key":"AttackPotion"},{"floor":16,"key":"Energy Potion"},{"floor":20,"key":"FearPotion"},{"floor":21,"key":"Regen Potion"},{"floor":25,"key":"Energy Potion"}],"is_trial":true,"path_per_floor":["M","?","$","M","M","R","E","?","T","E","?","$","E","M","R","B",null,"M","M","M","M","?","E","$","M","T","?","M","E"],"character_chosen":"HIEROPHANT","items_purchased":["hierophant:Repentance","Happy Flower","Anchor","hierophant:Sermon","hierophant:HammerAndAnvil"],"campfire_rested":2,"item_purchase_floors":[3,12,12,12,24],"current_hp_per_floor":[67,67,67,61,61,75,75,59,59,53,53,53,49,49,75,75,75,75,75,60,50,34,40,40,30,30,75,75,55,55],"gold":37,"neow_bonus":"","is_daily":false,"chose_seed":false,"campfire_upgraded":0,"win_rate":0.0,"timestamp":1609999550,"path_taken":["M","?","?","M","M","R","E","?","T","E","?","$","E","?","R","BOSS","M","M","M","M","?","E","$","M","T","?","?","E"],"items_purchased_type":["Card","Relic","Relic","Card","Card"],"build_version":"2020-12-22","purchased_purges":0,"victory":false,"max_hp_per_floor":[75,75,75,75,75,75,75,75,75,75,75,75,75,75,75,75,75,75,75,75,75,75,75,75,75,75,75,75,77,77],"relic_stats":{"Blood Vial":0,"Regal Pillow":4,"Happy Flower":[12],"Singing Bowl":2,"counters":[17,61],"Eternal Feather":0,"obtain_stats":[{"Regal Pillow":13,"Happy Flower":12,"Singing Bowl":29,"hierophant:PropheticMaskRelic":0,"Runesmith:Locket":7,"Oddly Smooth Stone":10,"Enchiridion":22,"Eternal Feather":23,"Old Coin":9,"Blood Vial":26,"CaptainsWheel":8,"Anchor":12,"Fusion Hammer":17},{"Regal Pillow":7,"Happy Flower":6,"Singing Bowl":17,"hierophant:PropheticMaskRelic":0,"Runesmith:Locket":4,"Oddly Smooth Stone":6,"Enchiridion":13,"Eternal Feather":14,"Old Coin":5,"Blood Vial":15,"CaptainsWheel":5,"Anchor":6,"Fusion Hammer":9},{"Regal Pillow":28,"Happy Flower":23,"Singing Bowl":61,"hierophant:PropheticMaskRelic":0,"Runesmith:Locket":13,"Oddly Smooth Stone":23,"Enchiridion":45,"Eternal Feather":50,"Old Coin":18,"Blood Vial":54,"CaptainsWheel":18,"Anchor":23,"Fusion Hammer":32}]},"card_choices":[{"not_picked":["hierophant:Remorse","hierophant:AuricBeam"],"picked":"hierophant:HolyVerse","floor":0},{"not_picked":["hierophant:OrnateBuckler","hierophant:Sermon"],"picked":"hierophant:Zeal","floor":0},{"not_picked":["hierophant:CoinFling","hierophant:RecallFunds"],"picked":"hierophant:FlamingChariot","floor":0},{"not_picked":["hierophant:SealAway","hierophant:FieryStrike"],"picked":"hierophant:Shelter","floor":0},{"not_picked":["hierophant:MorningPrayer","hierophant:AuricBeam"],"picked":"hierophant:ThreeLashes","floor":0},{"not_picked":["hierophant:Purify","hierophant:Charity"],"picked":"hierophant:Zeal","floor":0},{"not_picked":["hierophant:FlamingChariot","hierophant:Bribe"],"picked":"hierophant:Encroach","floor":0},{"not_picked":["hierophant:Upheaval","hierophant:PassingBell"],"picked":"hierophant:RepressedViolence","floor":0},{"not_picked":["hierophant:EyeForCoin","hierophant:Encroach"],"picked":"hierophant:Martyrdom","floor":0},{"not_picked":["hierophant:AuricBeam","hierophant:Doomsaying"],"picked":"hierophant:RepressedViolence","floor":0},{"not_picked":["hierophant:CursedGold","hierophant:Shelter"],"picked":"hierophant:Sermon","floor":0},{"not_picked":["hierophant:DisplayOfPower","hierophant:Charity"],"picked":"hierophant:HammerAndAnvil","floor":0},{"not_picked":["hierophant:Purify","hierophant:Remorse"],"picked":"hierophant:Shelter","floor":0},{"not_picked":["hierophant:DisplayOfPower","hierophant:FlamingChariot"],"picked":"hierophant:Sermon","floor":0},{"not_picked":["hierophant:Martyrdom","hierophant:DisplayOfPower"],"picked":"hierophant:SolarFlare","floor":0},{"not_picked":["hierophant:FlamingChariot","hierophant:ConvertCurrency"],"picked":"hierophant:RepressedViolence","floor":1},{"not_picked":["hierophant:RustyCrate","hierophant:OrnateBuckler"],"picked":"hierophant:RepressedViolence","floor":4},{"not_picked":["hierophant:Blessing","hierophant:Doomsaying"],"picked":"hierophant:Upheaval","floor":5},{"not_picked":["hierophant:BulkyChest","hierophant:Levitation"],"picked":"hierophant:Kindle","floor":7},{"not_picked":["hierophant:Shelter","hierophant:Doomsaying"],"picked":"hierophant:FaithHealing","floor":8},{"not_picked":["hierophant:DeathKnell","hierophant:BulkyChest"],"picked":"hierophant:Anathema","floor":10},{"not_picked":["hierophant:Invocation","hierophant:WrathOfGod","hierophant:LocustPlague"],"picked":"SKIP","floor":13},{"not_picked":["hierophant:Purify","hierophant:RecallFunds"],"picked":"hierophant:SealAway","floor":14},{"not_picked":["hierophant:Determination","hierophant:Cornucopia"],"picked":"hierophant:Kindle","floor":16},{"not_picked":["hierophant:RecallFunds+1","hierophant:Doubloon"],"picked":"hierophant:Encroach","floor":18},{"not_picked":["hierophant:Remorse","hierophant:AuricBeam"],"picked":"hierophant:ThreeLashes","floor":19},{"not_picked":["hierophant:MirrorShield","hierophant:Repentance"],"picked":"hierophant:Flagellation","floor":20},{"not_picked":["hierophant:FaithHealing+1","hierophant:RustyCrate+1"],"picked":"hierophant:Flagellation","floor":21},{"not_picked":["hierophant:Cornucopia","hierophant:Generosity"],"picked":"hierophant:Invocation","floor":23},{"not_picked":["hierophant:Smite","hierophant:RepressedViolence"],"picked":"hierophant:Sermon+1","floor":25},{"not_picked":["hierophant:Mercenaries","hierophant:Purify"],"picked":"hierophant:HolyVerse","floor":28},{"not_picked":["hierophant:Cornucopia","hierophant:Generosity","hierophant:AuricForm"],"picked":"Singing Bowl","floor":29}],"player_experience":124070,"relics_obtained":[{"floor":7,"key":"Runesmith:Locket"},{"floor":8,"key":"CaptainsWheel"},{"floor":9,"key":"Old Coin"},{"floor":10,"key":"Oddly Smooth Stone"},{"floor":13,"key":"Regal Pillow"},{"floor":22,"key":"Enchiridion"},{"floor":23,"key":"Eternal Feather"},{"floor":26,"key":"Blood Vial"},{"floor":29,"key":"Singing Bowl"}],"event_choices":[{"damage_healed":0,"gold_gain":0,"player_choice":"Forge","damage_taken":0,"max_hp_gain":0,"max_hp_loss":0,"event_name":"Accursed Blacksmith","floor":2,"gold_loss":0,"cards_upgraded":["hierophant:Shelter"]},{"damage_healed":0,"gold_gain":0,"player_choice":"Searched \u00271\u0027 times","damage_taken":0,"max_hp_gain":0,"max_hp_loss":0,"event_name":"Dead Adventurer","floor":8,"gold_loss":0},{"cards_removed":["hierophant:HolyVerse"],"damage_healed":0,"gold_gain":0,"player_choice":"Purged","damage_taken":0,"max_hp_gain":0,"max_hp_loss":0,"event_name":"Purifier","floor":11,"gold_loss":0},{"damage_healed":0,"gold_gain":0,"player_choice":"Obtained Book","damage_taken":16,"max_hp_gain":0,"max_hp_loss":0,"event_name":"Cursed Tome","floor":22,"gold_loss":0},{"cards_removed":["hierophant:FaithHealing"],"damage_healed":45,"gold_gain":0,"player_choice":"Offered Uncommon","damage_taken":0,"max_hp_gain":0,"max_hp_loss":0,"event_name":"Bonfire Elementals","floor":27,"gold_loss":0}],"is_beta":false,"boss_relics":[{"not_picked":["SacredBark","Busted Crown"],"picked":"Fusion Hammer"}],"items_purged_floors":[],"is_endless":false,"potions_floor_spawned":[4,10,16,20,21,25],"killed_by":"Book of Stabbing","ascension_level":1}}