{"host":"w3q5ijqu8eoknil3","time":1609985979,"event":{"mods":["AchievementEnabler","BaseMod","Block Reminder","Colored Powertips","Curses Come First","Minty Spire (QoL Compilation)","Quick Restart","Relic Stats","StSLib","ojb\u0027s Better Paths Mod","ojb\u0027s Info Mod","slay the spire mod where everything is the same but ironclad has a cowboy hat"],"gold_per_floor":[109,125,137,287,301,328,328,328,328,349,349,349,368,401,401,492,492,507,532,551,41,41,41,41,41],"floor_reached":24,"playtime":1168,"items_purged":["Doubt"],"score":385,"play_id":"fac85d36-298b-4261-b2d7-2c9aba9cf918","local_time":"20210107021939","is_ascension_mode":true,"campfire_choices":[{"data":"After Image","floor":7,"key":"SMITH"},{"data":"Calculated Gamble","floor":11,"key":"SMITH"},{"floor":15,"key":"REST"},{"floor":23,"key":"REST"}],"circlet_count":0,"master_deck":["AscendersBane","Strike_G","Strike_G","Strike_G","Strike_G","Strike_G","Defend_G","Defend_G","Defend_G","Defend_G","Defend_G","Survivor","Neutralize","After Image+1","Dash","Blade Dance","Leg Sweep","Deadly Poison","Blade Dance","Calculated Gamble+1","Poisoned Stab","Caltrops","Wraith Form v2","Dash","Dagger Spray","Bouncing Flask","After Image+1"],"relics":["Ring of the Snake","Bottled Lightning","Golden Idol","Du-Vu Doll","Unceasing Top","SlaversCollar","Singing Bowl","DollysMirror"],"acts_visited":["Exordium","TheCity"],"potions_floor_usage":[5,14,16,20],"damage_taken":[{"damage":2,"enemies":"2 Louse","floor":1,"turns":3},{"damage":2,"enemies":"Small Slimes","floor":2,"turns":5},{"damage":0,"enemies":"Jaw Worm","floor":3,"turns":3},{"damage":4,"enemies":"Red Slaver","floor":5,"turns":4},{"damage":34,"enemies":"Lagavulin","floor":6,"turns":9},{"damage":0,"enemies":"2 Fungi Beasts","floor":10,"turns":3},{"damage":0,"enemies":"Lots of Slimes","floor":13,"turns":4},{"damage":6,"enemies":"3 Sentries","floor":14,"turns":6},{"damage":31,"enemies":"Slime Boss","floor":16,"turns":8},{"damage":16,"enemies":"Shell Parasite","floor":18,"turns":7},{"damage":14,"enemies":"Chosen","floor":19,"turns":5},{"damage":35,"enemies":"Sentry and Sphere","floor":20,"turns":8},{"damage":32,"enemies":"Gremlin Leader","floor":24,"turns":7}],"seed_played":"2401843272482404245","potions_obtained":[{"floor":2,"key":"ColorlessPotion"},{"floor":3,"key":"FearPotion"},{"floor":13,"key":"FairyPotion"},{"floor":14,"key":"Fire Potion"},{"floor":19,"key":"SkillPotion"}],"is_trial":false,"path_per_floor":["M","M","M","?","M","E","R","?","T","M","R","?","M","E","R","B",null,"M","M","M","$","?","R","E"],"character_chosen":"THE_SILENT","items_purchased":["Singing Bowl","DollysMirror"],"campfire_rested":2,"item_purchase_floors":[21,21],"current_hp_per_floor":[57,55,55,55,51,17,17,17,17,17,17,22,22,16,33,2,45,29,15,4,4,4,21,0,0],"gold":41,"neow_bonus":"THREE_RARE_CARDS","is_daily":false,"chose_seed":false,"campfire_upgraded":2,"win_rate":0.0,"timestamp":1609985979,"path_taken":["M","M","M","?","M","E","R","?","T","M","R","?","M","E","R","BOSS","M","M","M","$","?","R","E"],"items_purchased_type":["Relic","Relic"],"build_version":"2020-12-22","purchased_purges":1,"victory":false,"max_hp_per_floor":[60,60,60,60,60,60,60,54,54,54,54,59,59,59,59,59,59,59,59,59,59,59,59,59,59],"relic_stats":{"Singing Bowl":0,"counters":[13,72],"Golden Idol":45,"obtain_stats":[{"Du-Vu Doll":9,"SlaversCollar":17,"Singing Bowl":21,"Golden Idol":8,"DollysMirror":21,"Bottled Lightning":6,"Unceasing Top":14,"Ring of the Snake":0},{"Du-Vu Doll":5,"SlaversCollar":9,"Singing Bowl":12,"Golden Idol":5,"DollysMirror":12,"Bottled Lightning":5,"Unceasing Top":8,"Ring of the Snake":0},{"Du-Vu Doll":24,"SlaversCollar":45,"Singing Bowl":65,"Golden Idol":24,"DollysMirror":65,"Bottled Lightning":24,"Unceasing Top":37,"Ring of the Snake":0}],"Unceasing Top":[3],"Ring of the Snake":[26]},"card_choices":[{"not_picked":["Malaise","Doppelganger"],"picked":"After Image","floor":0},{"not_picked":["Quick Slash","Well Laid Plans"],"picked":"Dash","floor":1},{"not_picked":["Cloak And Dagger","Acrobatics"],"picked":"Blade Dance","floor":2},{"not_picked":["Dagger Spray","Footwork"],"picked":"Leg Sweep","floor":3},{"not_picked":["Dodge and Roll","Outmaneuver"],"picked":"Deadly Poison","floor":5},{"not_picked":["Outmaneuver","Backflip"],"picked":"Blade Dance","floor":6},{"not_picked":["Dash","Deflect"],"picked":"Calculated Gamble","floor":10},{"not_picked":["Blade Dance","Prepared"],"picked":"Poisoned Stab","floor":13},{"not_picked":["Choke","Blade Dance"],"picked":"Caltrops","floor":14},{"not_picked":["Grand Finale","Tools of the Trade"],"picked":"Wraith Form v2","floor":16},{"not_picked":["All Out Attack","Slice"],"picked":"Dash","floor":18},{"not_picked":["Bane","Poisoned Stab"],"picked":"Dagger Spray","floor":19},{"not_picked":["Caltrops","Cloak And Dagger"],"picked":"Bouncing Flask","floor":20}],"player_experience":951184,"relics_obtained":[{"floor":6,"key":"Bottled Lightning"},{"floor":9,"key":"Du-Vu Doll"},{"floor":14,"key":"Unceasing Top"}],"event_choices":[{"damage_healed":0,"gold_gain":150,"player_choice":"AGREE","damage_taken":0,"max_hp_gain":0,"max_hp_loss":0,"event_name":"Liars Game","floor":4,"gold_loss":0,"cards_obtained":["Doubt"]},{"damage_healed":0,"gold_gain":0,"player_choice":"Lose Max HP","damage_taken":0,"relics_obtained":["Golden Idol"],"max_hp_gain":0,"max_hp_loss":6,"event_name":"Golden Idol","floor":8,"gold_loss":0},{"damage_healed":0,"gold_gain":0,"player_choice":"Donut","damage_taken":0,"max_hp_gain":5,"max_hp_loss":0,"event_name":"Big Fish","floor":12,"gold_loss":0}],"is_beta":false,"boss_relics":[{"not_picked":["Tiny House","HoveringKite"],"picked":"SlaversCollar"}],"items_purged_floors":[21],"is_endless":false,"potions_floor_spawned":[2,3,13,14,19],"killed_by":"Gremlin Leader","ascension_level":17}}