{"host":"mc4amcm0108w7k6t","time":1609979892,"event":{"mods":["BaseMod","Minty Spire (QoL Compilation)","StSLib","The Hierophant"],"gold_per_floor":[110,132,32,107,138,174,190,216,216,216,213,39,69,111,111,103,103],"floor_reached":16,"playtime":872,"items_purged":["hierophant:Strike_Hierophant","hierophant:Strike_Hierophant"],"score":104,"play_id":"20bab499-d6ab-42d6-aa36-d2e7db399fa1","local_time":"20210106193812","is_ascension_mode":false,"campfire_choices":[{"floor":10,"key":"REST"},{"data":"hierophant:Patience","floor":15,"key":"SMITH"}],"circlet_count":0,"master_deck":["hierophant:Strike_Hierophant","hierophant:Strike_Hierophant","hierophant:Punish","hierophant:Defend_Hierophant","hierophant:Defend_Hierophant","hierophant:Defend_Hierophant","hierophant:Defend_Hierophant","hierophant:ChurchCoffers","hierophant:Doubloon","hierophant:CoinFling","hierophant:Doubloon","hierophant:FlamingChariot","hierophant:FieryStrike","hierophant:Patience+1","hierophant:DisplayOfPower","hierophant:Doubloon","hierophant:Dazzle","hierophant:HammerAndAnvil","hierophant:Shelter","hierophant:ThreeLashes","hierophant:HammerAndAnvil"],"relics":["hierophant:PropheticMaskRelic","NeowsBlessing","Meat on the Bone","Singing Bowl"],"acts_visited":["Exordium"],"potions_floor_usage":[16],"damage_taken":[{"damage":0,"enemies":"Jaw Worm","floor":1,"turns":1},{"damage":0,"enemies":"2 Louse","floor":2,"turns":2},{"damage":0,"enemies":"Small Slimes","floor":5,"turns":1},{"damage":14,"enemies":"Blue Slaver","floor":6,"turns":3},{"damage":35,"enemies":"Lagavulin","floor":7,"turns":6},{"damage":8,"enemies":"3 Louse","floor":8,"turns":2},{"damage":5,"enemies":"Exordium Thugs","floor":11,"turns":3},{"damage":13,"enemies":"2 Fungi Beasts","floor":14,"turns":3},{"damage":43,"enemies":"The Guardian","floor":16,"turns":8}],"seed_played":"-4355723556580589700","potions_obtained":[{"floor":5,"key":"DistilledChaos"},{"floor":6,"key":"Strength Potion"},{"floor":7,"key":"Weak Potion"}],"is_trial":false,"path_per_floor":["M","M","$","?","M","M","E","M","T","R","M","$","?","M","R","B"],"character_chosen":"HIEROPHANT","items_purchased":["hierophant:FlamingChariot","hierophant:Shelter","hierophant:ThreeLashes"],"campfire_rested":1,"item_purchase_floors":[3,12,12],"current_hp_per_floor":[75,75,75,64,64,50,15,19,19,41,48,48,48,47,47,4,4],"gold":103,"neow_bonus":"THREE_ENEMY_KILL","is_daily":false,"chose_seed":false,"campfire_upgraded":1,"win_rate":0.0,"timestamp":1609979892,"path_taken":["M","M","$","?","M","M","E","M","T","R","M","$","?","M","R","BOSS"],"items_purchased_type":["Card","Card","Card"],"build_version":"2020-12-22","purchased_purges":2,"victory":false,"max_hp_per_floor":[75,75,75,75,75,75,75,75,75,75,75,75,75,75,75,75,75],"card_choices":[{"not_picked":["hierophant:AuricBeam","hierophant:Dazzle"],"picked":"hierophant:CoinFling","floor":1},{"not_picked":["hierophant:Martyrdom","hierophant:Rebuild"],"picked":"hierophant:Doubloon","floor":2},{"not_picked":["hierophant:FlamingChariot","hierophant:HammerAndAnvil"],"picked":"hierophant:FieryStrike","floor":5},{"not_picked":["hierophant:MirrorShield","hierophant:FlamingChariot"],"picked":"hierophant:Patience","floor":6},{"not_picked":["hierophant:AuricForm","hierophant:AuricBeam"],"picked":"hierophant:DisplayOfPower","floor":7},{"not_picked":["hierophant:PassingBell","hierophant:Encroach"],"picked":"hierophant:Dazzle","floor":8},{"not_picked":["hierophant:RepressedViolence","hierophant:Cornucopia"],"picked":"hierophant:HammerAndAnvil","floor":11},{"not_picked":["hierophant:Sermon","hierophant:Zeal"],"picked":"hierophant:HammerAndAnvil","floor":14}],"player_experience":347276,"relics_obtained":[{"floor":7,"key":"Meat on the Bone"},{"floor":9,"key":"Singing Bowl"}],"event_choices":[{"damage_healed":0,"gold_gain":75,"player_choice":"Gather Gold","damage_taken":11,"max_hp_gain":0,"max_hp_loss":0,"event_name":"World of Goop","floor":4,"gold_loss":0},{"damage_healed":0,"gold_gain":30,"player_choice":"Searched \u00272\u0027 times","damage_taken":0,"max_hp_gain":0,"max_hp_loss":0,"event_name":"Dead Adventurer","floor":13,"gold_loss":0}],"is_beta":false,"boss_relics":[],"items_purged_floors":[3,12],"is_endless":false,"potions_floor_spawned":[5,6,7],"killed_by":"The Guardian","ascension_level":0}}