{"host":"0xtpc43j5kblke7u","time":1609994970,"event":{"mods":["AchievementEnabler","BaseMod","Colored Map","Highlight Path","Minty Spire (QoL Compilation)"],"gold_per_floor":[116,116,66,78,78,107,122,152,176,195,230,230,257,269,269,365,365,383,308,308,7,21,21,36,69,69,69,99,119,219,20,20,118,168,186,236,253,253,233,233,260,260,260,274,285,296,311,331,331,331],"floor_reached":51,"playtime":3769,"items_purged":["Strike_G"],"score":1022,"play_id":"3932a2dc-56ea-42f7-99ba-a1dc91560b61","local_time":"20210106234930","is_ascension_mode":true,"campfire_choices":[{"floor":12.0,"key":"REST"},{"data":"Leg Sweep","floor":15.0,"key":"SMITH"},{"data":"Noxious Fumes","floor":23.0,"key":"SMITH"},{"floor":27.0,"key":"REST"},{"data":"Crippling Poison","floor":32.0,"key":"SMITH"},{"data":"Poisoned Stab","floor":40.0,"key":"SMITH"},{"floor":42.0,"key":"REST"},{"floor":49.0,"key":"REST"}],"circlet_count":0,"master_deck":["Strike_G","Strike_G+1","Defend_G","Defend_G","Defend_G","Defend_G","Defend_G","Survivor","Neutralize+1","PiercingWail","Dagger Throw","Poisoned Stab+1","Cloak And Dagger","Flying Knee","Cloak And Dagger","Leg Sweep+1","Die Die Die","Noxious Fumes+1","Quick Slash","Cloak And Dagger","Deadly Poison","Backstab","Crippling Poison+1","Footwork","Adrenaline","Panacea","PiercingWail","Backstab","Dagger Spray+1"],"relics":["Ring of the Snake","NeowsBlessing","Pen Nib","Toy Ornithopter","Centennial Puzzle","Lantern","Busted Crown","Bronze Scales","Bag of Marbles","The Specimen","Bottled Flame","Blood Vial","Mango","Sundial","Tiny House","Du-Vu Doll","Strawberry","Ornamental Fan"],"acts_visited":["Exordium","TheCity","TheBeyond"],"potions_floor_usage":[50,50],"damage_taken":[{"damage":0.0,"enemies":"Small Slimes","floor":1.0,"turns":1.0},{"damage":0.0,"enemies":"2 Louse","floor":4.0,"turns":1.0},{"damage":0.0,"enemies":"3 Sentries","floor":6.0,"turns":1.0},{"damage":0.0,"enemies":"Jaw Worm","floor":7.0,"turns":3.0},{"damage":5.0,"enemies":"Looter","floor":10.0,"turns":4.0},{"damage":35.0,"enemies":"Lagavulin","floor":11.0,"turns":8.0},{"damage":12.0,"enemies":"3 Sentries","floor":13.0,"turns":6.0},{"damage":6.0,"enemies":"Exordium Wildlife","floor":14.0,"turns":4.0},{"damage":19.0,"enemies":"The Guardian","floor":16.0,"turns":16.0},{"damage":3.0,"enemies":"Spheric Guardian","floor":18.0,"turns":4.0},{"damage":6.0,"enemies":"Shell Parasite","floor":22.0,"turns":2.0},{"damage":1.0,"enemies":"Cultist and Chosen","floor":24.0,"turns":5.0},{"damage":14.0,"enemies":"Gremlin Leader","floor":25.0,"turns":9.0},{"damage":14.0,"enemies":"Book of Stabbing","floor":28.0,"turns":3.0},{"damage":0.0,"enemies":"3 Cultists","floor":29.0,"turns":4.0},{"damage":0.0,"enemies":"Colosseum Slavers","floor":30.0,"turns":3.0},{"damage":13.0,"enemies":"Colosseum Nobs","floor":30.0,"turns":3.0},{"damage":26.0,"enemies":"Automaton","floor":33.0,"turns":8.0},{"damage":0.0,"enemies":"3 Shapes","floor":35.0,"turns":3.0},{"damage":3.0,"enemies":"Mind Bloom Boss Battle","floor":36.0,"turns":7.0},{"damage":0.0,"enemies":"3 Darklings","floor":37.0,"turns":7.0},{"damage":81.0,"enemies":"Giant Head","floor":41.0,"turns":11.0},{"damage":4.0,"enemies":"Spire Growth","floor":44.0,"turns":5.0},{"damage":14.0,"enemies":"Maw","floor":45.0,"turns":8.0},{"damage":0.0,"enemies":"Jaw Worm Horde","floor":46.0,"turns":3.0},{"damage":19.0,"enemies":"Spire Growth","floor":47.0,"turns":6.0},{"damage":2.0,"enemies":"3 Darklings","floor":48.0,"turns":4.0},{"damage":62,"enemies":"Donu and Deca","floor":50,"turns":9}],"seed_played":"-6887864187568514871","potions_obtained":[{"floor":6.0,"key":"Ancient Potion"},{"floor":7.0,"key":"Weak Potion"},{"floor":11.0,"key":"Energy Potion"},{"floor":14.0,"key":"LiquidBronze"},{"floor":16.0,"key":"LiquidMemories"},{"floor":24.0,"key":"SpeedPotion"},{"floor":25.0,"key":"SteroidPotion"},{"floor":28.0,"key":"SteroidPotion"},{"floor":33.0,"key":"Explosive Potion"},{"floor":34.0,"key":"SpeedPotion"},{"floor":36.0,"key":"Dexterity Potion"},{"floor":39.0,"key":"Energy Potion"},{"floor":41.0,"key":"EssenceOfSteel"},{"floor":44.0,"key":"Energy Potion"},{"floor":47.0,"key":"ColorlessPotion"}],"is_trial":false,"path_per_floor":["M","?","?","M","?","E","M","?","T","M","E","R","E","M","R","B",null,"M","?","?","$","M","R","M","E","T","R","E","M","?","$","R","B",null,"M","?","M","?","?","R","E","R","T","M","M","M","M","M","R","B",null],"character_chosen":"THE_SILENT","items_purchased":["Noxious Fumes","Quick Slash","Bag of Marbles","Cloak And Dagger","Footwork","Dexterity Potion"],"campfire_rested":4,"item_purchase_floors":[21,21,21,21,31,31],"current_hp_per_floor":[63,63,63,63,63,63,63,63,63,58,33,54,47,41,41,27,59,56,56,56,56,50,50,49,40,40,61,52,54,64,64,64,45,79,86,85,87,82,82,82,15,43,43,46,39,41,24,24,52,2],"gold":331,"neow_bonus":"THREE_ENEMY_KILL","is_daily":false,"chose_seed":false,"campfire_upgraded":4,"win_rate":0.0,"timestamp":1609994970,"path_taken":["M","?","?","M","?","E","M","?","T","M","E","R","E","M","R","BOSS","M","?","?","?","M","R","M","E","T","R","E","?","?","$","R","BOSS","M","?","M","?","?","R","E","R","T","M","?","M","M","M","R","BOSS"],"items_purchased_type":["Card","Card","Relic","Card","Card","Potion"],"build_version":"2020-12-22","purchased_purges":1,"victory":true,"max_hp_per_floor":[70,70,70,70,70,70,70,70,70,70,70,70,70,70,70,70,70,70,70,70,70,70,70,70,70,70,70,70,70,84,84,84,84,89,89,89,89,89,89,89,96,96,96,96,96,96,96,96,96,96],"card_choices":[{"not_picked":["Choke","Reflex"],"picked":"PiercingWail","floor":1.0},{"not_picked":["Flechettes","Prepared"],"picked":"Dagger Throw","floor":4.0},{"not_picked":["Dodge and Roll","Prepared"],"picked":"Poisoned Stab","floor":6.0},{"not_picked":["Deflect","Backflip"],"picked":"Cloak And Dagger","floor":7.0},{"not_picked":["Flechettes","Blade Dance"],"picked":"Flying Knee","floor":10.0},{"not_picked":["Bouncing Flask","After Image"],"picked":"Cloak And Dagger","floor":11.0},{"not_picked":["Underhanded Strike","Dagger Throw","Poisoned Stab"],"picked":"SKIP","floor":13.0},{"not_picked":["Dagger Throw","Poisoned Stab"],"picked":"Leg Sweep","floor":14.0},{"not_picked":["Bullet Time","Night Terror"],"picked":"Die Die Die","floor":16.0},{"not_picked":["Quick Slash"],"picked":"SKIP","floor":18.0},{"not_picked":["Quick Slash"],"picked":"SKIP","floor":18.0},{"not_picked":["PiercingWail"],"picked":"SKIP","floor":22.0},{"not_picked":[],"picked":"Deadly Poison","floor":24.0},{"not_picked":[],"picked":"Backstab","floor":25.0},{"not_picked":[],"picked":"Crippling Poison","floor":28.0},{"not_picked":["Slice"],"picked":"SKIP","floor":29.0},{"not_picked":[],"picked":"Adrenaline","floor":33.0},{"not_picked":["Deadly Poison"],"picked":"SKIP","floor":35.0},{"not_picked":["Cloak And Dagger"],"picked":"SKIP","floor":37.0},{"not_picked":[],"picked":"Panacea","floor":38.0},{"not_picked":["Infinite Blades"],"picked":"SKIP","floor":41.0},{"not_picked":[],"picked":"PiercingWail","floor":44.0},{"not_picked":["PiercingWail+1"],"picked":"SKIP","floor":45.0},{"not_picked":["Deadly Poison"],"picked":"SKIP","floor":46.0},{"not_picked":[],"picked":"Backstab","floor":47.0},{"not_picked":[],"picked":"Dagger Spray+1","floor":48.0}],"player_experience":617682,"relics_obtained":[{"floor":6.0,"key":"Pen Nib"},{"floor":9.0,"key":"Toy Ornithopter"},{"floor":11.0,"key":"Centennial Puzzle"},{"floor":13.0,"key":"Lantern"},{"floor":25.0,"key":"The Specimen"},{"floor":26.0,"key":"Bottled Flame"},{"floor":28.0,"key":"Blood Vial"},{"floor":30.0,"key":"Mango"},{"floor":30.0,"key":"Sundial"},{"floor":36.0,"key":"Du-Vu Doll"},{"floor":41.0,"key":"Strawberry"},{"floor":43.0,"key":"Ornamental Fan"}],"event_choices":[{"damage_healed":0.0,"max_hp_gain":0.0,"max_hp_loss":0.0,"gold_gain":0.0,"event_name":"Living Wall","player_choice":"Grow","floor":2.0,"gold_loss":0.0,"damage_taken":0.0,"cards_upgraded":["Neutralize"]},{"cards_removed":["Strike_G"],"damage_healed":0.0,"max_hp_gain":0.0,"max_hp_loss":0.0,"gold_gain":0.0,"event_name":"The Cleric","player_choice":"Card Removal","floor":3.0,"gold_loss":50.0,"damage_taken":0.0},{"damage_healed":0.0,"max_hp_gain":0.0,"max_hp_loss":0.0,"gold_gain":0.0,"event_name":"Liars Game","player_choice":"Ignored","floor":5.0,"gold_loss":0.0,"damage_taken":0.0},{"damage_healed":0.0,"max_hp_gain":0.0,"max_hp_loss":0.0,"gold_gain":30.0,"event_name":"Dead Adventurer","player_choice":"Searched \u00271\u0027 times","floor":8.0,"gold_loss":0.0,"damage_taken":0.0},{"cards_removed":["Strike_G"],"damage_healed":0.0,"max_hp_gain":0.0,"max_hp_loss":0.0,"gold_gain":0.0,"event_name":"Beggar","player_choice":"Gave Gold","floor":19.0,"gold_loss":75.0,"damage_taken":0.0},{"damage_healed":0.0,"max_hp_gain":0.0,"max_hp_loss":0.0,"gold_gain":0.0,"event_name":"The Mausoleum","player_choice":"Opened","floor":20.0,"gold_loss":0.0,"damage_taken":0.0,"relics_obtained":["Bronze Scales"]},{"damage_healed":0.0,"max_hp_gain":0.0,"max_hp_loss":0.0,"gold_gain":0.0,"event_name":"Colosseum","player_choice":"Fight","floor":30.0,"gold_loss":0.0,"damage_taken":0.0},{"damage_healed":0.0,"max_hp_gain":0.0,"max_hp_loss":0.0,"gold_gain":0.0,"event_name":"Colosseum","player_choice":"Fought Nobs","floor":30.0,"gold_loss":0.0,"damage_taken":0.0},{"damage_healed":0.0,"max_hp_gain":0.0,"max_hp_loss":0.0,"gold_gain":0.0,"event_name":"MindBloom","player_choice":"Fight","floor":36.0,"gold_loss":0.0,"damage_taken":0.0},{"damage_healed":0.0,"max_hp_gain":0.0,"max_hp_loss":0.0,"gold_gain":0.0,"event_name":"SensoryStone","player_choice":"Memory 2","floor":38.0,"gold_loss":0.0,"damage_taken":5.0},{"damage_healed":0.0,"max_hp_gain":0.0,"max_hp_loss":0.0,"gold_gain":0.0,"event_name":"The Woman in Blue","player_choice":"Bought 1 Potion","floor":39.0,"gold_loss":0.0,"damage_taken":0.0}],"is_beta":false,"boss_relics":[{"not_picked":["Velvet Choker","SlaversCollar"],"picked":"Busted Crown"},{"not_picked":["HoveringKite","Philosopher\u0027s Stone"],"picked":"Tiny House"}],"items_purged_floors":[31],"is_endless":false,"potions_floor_spawned":[6,7,11,14,16,24,25,28,33,36,41,44,47],"ascension_level":8}}