{"host":"z9grmtg2w0nmz8n1","time":1609977804,"event":{"mods":["Aspiration","Bard","BaseMod","Beaked The Cultist","Better Altar","Better Match","Better Note","Better Sensory Stone","Better Skull","Better Third Choice","BetterRewards","CCEM","Colored Map","Conspire","Downfall","GifTheSpireLib","Googly Eyes","Halation","Hermit","Highlight Path","Hubris","Hunter ??","Jedi Mod","Jorbs\u0027s Wanderer Trilogy","Mad Scientist","Marisa????????","Minty Spire (QoL Compilation)","Permanent Neow","Replay The Spire","Shade Mod","Shop Mod","Spicy Shops","StSLib","Stuff the Spire","The Bug Knight","The Construct","The Necromancer","The Runesmith","The Witch"],"gold_per_floor":[118,22,39,39,49,84,101,135,135,151,151,183,183,195,195,297,297,307,8,8,8,28,57,69,99,99,99,118,131,150,0,0,0,0],"floor_reached":33,"playtime":1973,"items_purged":["Strike_G","hubris:Despair","Strike_G","Strike_G"],"score":377,"play_id":"9f436f1d-fa02-4651-a693-1aff88fc3174","local_time":"20210106220324","is_ascension_mode":true,"campfire_choices":[{"floor":11,"key":"REST"},{"floor":13,"key":"REST"},{"floor":15,"key":"REST"},{"floor":27,"key":"REST"},{"floor":32,"key":"REST"}],"circlet_count":0,"master_deck":["Strike_G","Strike_G+1","Defend_G","Defend_G","Defend_G","Defend_G+1","Defend_G","Survivor","Neutralize+1","Cloak And Dagger","Infinite Blades","conspire:DoublingDagger","Leg Sweep","StuffTheSpire:Incantation","Cloak And Dagger","Distraction","Cloak And Dagger","StuffTheSpire:Incantation","A Thousand Cuts","StuffTheSpire:ReptileScales","Panache","Infinite Blades","ReplayTheSpireMod:Shiv Toss","Backstab"],"relics":["Ring of the Snake","ReplayTheSpireMod:CursedCoin","Dream Catcher","StuffTheSpire:WitherSkull","StuffTheSpire:HeavyRock","conspire:SpecialSausage","Basket Of Snakes","jedi:bottledfury","HollowMod:StagPassRelic"],"acts_visited":["Exordium","TheCity"],"potions_floor_usage":[6,6,23,23,25,25,30,33],"damage_taken":[{"damage":0,"enemies":"Jaw Worm","floor":1,"turns":5},{"damage":0,"enemies":"2 Louse","floor":3,"turns":3},{"damage":0,"enemies":"Small Slimes","floor":5,"turns":3},{"damage":13,"enemies":"Lagavulin","floor":6,"turns":8},{"damage":2,"enemies":"Exordium Wildlife","floor":7,"turns":7},{"damage":25,"enemies":"Gremlin Nob","floor":8,"turns":5},{"damage":11,"enemies":"Gremlin Gang","floor":10,"turns":5},{"damage":8,"enemies":"Lagavulin","floor":12,"turns":7},{"damage":13,"enemies":"Large Slime","floor":14,"turns":5},{"damage":21,"enemies":"Slime Boss","floor":16,"turns":10},{"damage":19,"enemies":"Spheric Guardian","floor":18,"turns":6},{"damage":18,"enemies":"Chosen","floor":22,"turns":6},{"damage":0,"enemies":"Gremlin Leader","floor":23,"turns":5},{"damage":17,"enemies":"Snake Plant","floor":24,"turns":5},{"damage":0,"enemies":"conspire:Head Lice","floor":25,"turns":5},{"damage":7,"enemies":"Sentry and Sphere","floor":28,"turns":6},{"damage":20,"enemies":"3 Cultists","floor":29,"turns":4},{"damage":6,"enemies":"Shelled Parasite and Fungi","floor":30,"turns":6},{"damage":35,"enemies":"Collector","floor":33,"turns":7}],"seed_played":"1623376679256099973","potions_obtained":[{"floor":3,"key":"jedi:StrikingPotion"},{"floor":5,"key":"DuplicationPotion"},{"floor":8,"key":"jedi:tentaclejuice"},{"floor":12,"key":"Dexterity Potion"},{"floor":22,"key":"DistilledChaos"},{"floor":23,"key":"Reflective Coating"},{"floor":24,"key":"Milkshake"},{"floor":29,"key":"champ:CounterPotion"},{"floor":30,"key":"Fire Potion"}],"is_trial":false,"path_per_floor":["M","$","M","?","M","E","M","E","T","M","R","E","R","M","R","B",null,"M","$","?","?","M","E","M","E","T","R","M","M","M","$","R","B"],"character_chosen":"THE_SILENT","items_purchased":["ReplayTheSpireMod:CursedCoin","Infinite Blades","Panache"],"campfire_rested":5,"item_purchase_floors":[2,2,19],"current_hp_per_floor":[70,70,70,56,56,43,41,16,16,5,26,18,39,26,47,26,70,51,51,51,51,33,33,16,16,16,37,30,10,4,4,25,0,0],"gold":0,"neow_bonus":"UPGRADE_CARD","is_daily":false,"chose_seed":false,"campfire_upgraded":0,"win_rate":0.0,"timestamp":1609977804,"path_taken":["M","$","M","?","M","E","M","E","T","M","R","E","R","M","R","BOSS","M","$","?","?","?","E","M","E","T","R","M","M","M","$","R","BOSS"],"items_purchased_type":["Relic","Card","Card"],"build_version":"2020-12-22","purchased_purges":4,"victory":false,"max_hp_per_floor":[70,70,70,70,70,70,70,70,70,70,70,70,70,70,70,70,70,70,70,70,70,70,70,70,70,70,70,70,70,70,70,70,70,70],"card_choices":[{"not_picked":["Backflip","jedi:pocketpoison"],"picked":"Cloak And Dagger","floor":1},{"not_picked":["conspire:PoisonWeapons","Bane"],"picked":"conspire:DoublingDagger","floor":3},{"not_picked":["Underhanded Strike","Deflect"],"picked":"Leg Sweep","floor":5},{"not_picked":["All Out Attack","Toxin Wave"],"picked":"StuffTheSpire:Incantation","floor":6},{"not_picked":["StuffTheSpire:Repulse","Toxin Wave","Dagger Spray"],"picked":"SKIP","floor":7},{"not_picked":["jedi:studypoison","Dagger Spray"],"picked":"Cloak And Dagger","floor":8},{"not_picked":["Deadly Poison","jedi:unstablefumes"],"picked":"Distraction","floor":10},{"not_picked":["Underhanded Strike","StuffTheSpire:Incantation"],"picked":"Cloak And Dagger","floor":12},{"not_picked":["Dagger Spray","Finisher"],"picked":"StuffTheSpire:Incantation","floor":13},{"not_picked":["hubris:SlightOfHand","Tactician","StuffTheSpire:Fury"],"picked":"SKIP","floor":14},{"not_picked":["Corpse Explosion","Grand Finale"],"picked":"A Thousand Cuts","floor":16},{"not_picked":["Deadly Poison","jedi:pocketpoison"],"picked":"StuffTheSpire:ReptileScales","floor":18},{"not_picked":["Calculated Gamble","Crippling Poison+1"],"picked":"Infinite Blades","floor":22},{"not_picked":["hubris:SlightOfHand","Dagger Throw+1","Deadly Poison"],"picked":"SKIP","floor":23},{"not_picked":["Eviscerate+1","Sucker Punch"],"picked":"ReplayTheSpireMod:Shiv Toss","floor":24},{"not_picked":["ReplayTheSpireMod:Exploit Weakness","Dagger Throw","Poisoned Stab"],"picked":"SKIP","floor":25},{"not_picked":["StuffTheSpire:Injection","StuffTheSpire:BrimstoneBlast","Reflex"],"picked":"SKIP","floor":28},{"not_picked":["ReplayTheSpireMod:Exploit Weakness","Phantasmal Killer","StuffTheSpire:BumpUp"],"picked":"SKIP","floor":29},{"not_picked":["Riddle With Holes+1","Dagger Spray+1","Well Laid Plans+1"],"picked":"SKIP","floor":30},{"not_picked":["Backflip","Draining Mist"],"picked":"Backstab","floor":32}],"player_experience":802756,"relics_obtained":[{"floor":6,"key":"Dream Catcher"},{"floor":8,"key":"StuffTheSpire:WitherSkull"},{"floor":12,"key":"StuffTheSpire:HeavyRock"},{"floor":23,"key":"Basket Of Snakes"},{"floor":25,"key":"jedi:bottledfury"},{"floor":26,"key":"HollowMod:StagPassRelic"}],"event_choices":[{"damage_healed":70,"gold_gain":0,"player_choice":"Upgrade","damage_taken":14,"max_hp_gain":0,"max_hp_loss":70,"event_name":"betterThird:BetterShining","floor":4,"gold_loss":0,"cards_upgraded":["Defend_G","Strike_G"]},{"cards_removed":["Strike_G"],"damage_healed":0,"gold_gain":0,"player_choice":"Give","damage_taken":0,"max_hp_gain":0,"max_hp_loss":0,"event_name":"betterNote:BetterNote","floor":20,"gold_loss":0,"cards_obtained":["Strike_B"]}],"is_beta":false,"boss_relics":[{"not_picked":["CCEMRelics:TransientCore","Black Star"],"picked":"conspire:SpecialSausage"}],"items_purged_floors":[2,2,19,31],"is_endless":false,"potions_floor_spawned":[3,5,8,12,22,23,24,29,30],"killed_by":"Collector","ascension_level":1}}