{"host":"z39atn33tyek63fd","time":1609979503,"event":{"mods":["BaseMod","Minty Spire (QoL Compilation)","everything is the same but u backflip on backflip"],"gold_per_floor":[116,135,146,126,137,168,180,180,204,234,257,279,291,320,332,421,433,462,5,5,5],"floor_reached":20,"playtime":983,"items_purged":["Defend_B"],"score":297,"play_id":"e6d656cd-1aa5-49f3-8a0a-a81865cf5f9a","local_time":"20210106183143","is_ascension_mode":true,"campfire_choices":[{"data":"White Noise","floor":8,"key":"SMITH"},{"floor":13,"key":"REST"},{"data":"Zap","floor":15,"key":"SMITH"}],"circlet_count":0,"master_deck":["AscendersBane","Strike_B","Strike_B","Strike_B","Strike_B","Defend_B","Defend_B","Defend_B","Zap+1","Dualcast","Conserve Battery","Streamline","Ball Lightning","White Noise+1","Cold Snap","Core Surge","Conserve Battery","Cold Snap","Streamline","Coolheaded","Creative AI","Darkness","Seek"],"relics":["Cracked Core","Orichalcum","MawBank","Philosopher\u0027s Stone","Mercury Hourglass"],"acts_visited":["TheCity"],"potions_floor_usage":[18],"damage_taken":[{"damage":0,"enemies":"2 Louse","floor":1,"turns":3},{"damage":1,"enemies":"Cultist","floor":2,"turns":3},{"damage":2,"enemies":"Small Slimes","floor":3,"turns":3},{"damage":14,"enemies":"Exordium Wildlife","floor":5,"turns":4},{"damage":18,"enemies":"Lagavulin","floor":6,"turns":7},{"damage":1,"enemies":"2 Fungi Beasts","floor":7,"turns":3},{"damage":9,"enemies":"Blue Slaver","floor":10,"turns":4},{"damage":1,"enemies":"Exordium Thugs","floor":11,"turns":5},{"damage":2,"enemies":"Red Slaver","floor":12,"turns":4},{"damage":0,"enemies":"2 Fungi Beasts","floor":14,"turns":3},{"damage":7,"enemies":"Hexaghost","floor":16,"turns":9},{"damage":53,"enemies":"3 Byrds","floor":18,"turns":6},{"damage":16,"enemies":"Masked Bandits","floor":20,"turns":2}],"seed_played":"-1757439256174399356","potions_obtained":[{"floor":4,"key":"PotionOfCapacity"},{"floor":5,"key":"Strength Potion"},{"floor":18,"key":"Dexterity Potion"}],"is_trial":false,"path_per_floor":["M","M","M","?","M","E","M","R","T","M","M","M","R","M","R","B",null,"M","$","?"],"character_chosen":"DEFECT","items_purchased":["Mercury Hourglass","Seek"],"campfire_rested":1,"item_purchase_floors":[19,19],"current_hp_per_floor":[68,67,65,65,51,33,32,32,32,23,22,20,42,42,42,35,65,12,12,0,0],"gold":5,"neow_bonus":"THREE_CARDS","is_daily":false,"chose_seed":false,"campfire_upgraded":2,"win_rate":0.0,"timestamp":1609979503,"path_taken":["M","M","M","?","M","E","M","R","T","M","M","M","R","?","R","BOSS","M","$","?"],"items_purchased_type":["Relic","Card"],"build_version":"2020-12-22","purchased_purges":1,"victory":false,"max_hp_per_floor":[75,75,75,75,75,75,75,75,75,75,75,75,75,75,75,75,75,75,75,75,75],"card_choices":[{"not_picked":["Compile Driver","Chill"],"picked":"Conserve Battery","floor":0},{"not_picked":["Steam","Compile Driver","Beam Cell"],"picked":"SKIP","floor":1},{"not_picked":["Beam Cell","FTL"],"picked":"Streamline","floor":2},{"not_picked":["Coolheaded","Undo"],"picked":"Ball Lightning","floor":3},{"not_picked":["Beam Cell","Conserve Battery"],"picked":"White Noise","floor":5},{"not_picked":["Ball Lightning","Stack"],"picked":"Cold Snap","floor":6},{"not_picked":["Tempest","Redo"],"picked":"Core Surge","floor":7},{"not_picked":["Self Repair","Coolheaded"],"picked":"Conserve Battery","floor":10},{"not_picked":["Leap","Reprogram"],"picked":"Cold Snap","floor":11},{"not_picked":["Scrape","Leap"],"picked":"Streamline","floor":12},{"not_picked":["Compile Driver","Streamline"],"picked":"Coolheaded","floor":14},{"not_picked":["Hyperbeam","Biased Cognition"],"picked":"Creative AI","floor":16},{"not_picked":["Leap","Double Energy"],"picked":"Darkness","floor":18}],"player_experience":804299,"relics_obtained":[{"floor":6,"key":"Orichalcum"},{"floor":9,"key":"MawBank"}],"event_choices":[{"damage_healed":0,"gold_gain":0,"player_choice":"Bought 1 Potion","damage_taken":0,"max_hp_gain":0,"max_hp_loss":0,"event_name":"The Woman in Blue","floor":4,"gold_loss":0},{"damage_healed":0,"gold_gain":0,"player_choice":"Fought Bandits","damage_taken":0,"max_hp_gain":0,"max_hp_loss":0,"event_name":"Masked Bandits","floor":20,"gold_loss":0}],"is_beta":false,"boss_relics":[{"not_picked":["Sozu","Ectoplasm"],"picked":"Philosopher\u0027s Stone"}],"items_purged_floors":[19],"is_endless":false,"potions_floor_spawned":[5,6,10,16,18],"killed_by":"Masked Bandits","ascension_level":13}}