{"host":"0nndazl0keusavit","time":1609998240,"event":{"mods":["AchievementEnabler","BaseMod","Colored Map","Curses Come First","Highlight Path","Minty Spire (QoL Compilation)","Relic Stats","StSLib"],"gold_per_floor":[112,129,141,161,161,189,199,213,213,213,213,238,282,296,296,296,296],"floor_reached":16,"playtime":601,"items_purged":[],"score":282,"play_id":"d883dc73-6fda-4f87-8d3f-358d26cbc2d2","local_time":"20210107004400","is_ascension_mode":true,"campfire_choices":[{"data":"Blade Dance","floor":10.0,"key":"SMITH"},{"data":"Wraith Form v2","floor":15.0,"key":"SMITH"}],"circlet_count":0,"master_deck":["AscendersBane","Strike_G","Strike_G","Strike_G","Strike_G","Strike_G","Defend_G","Defend_G","Defend_G","Defend_G","Defend_G","Survivor","Neutralize","Blade Dance+1","Finisher","Poisoned Stab","Accuracy","Malaise","Caltrops","Dodge and Roll","Wraith Form v2+1","Blade Dance"],"relics":["Coffee Dripper","CaptainsWheel","Ancient Tea Set","Golden Idol","Nunchaku"],"acts_visited":["Exordium"],"potions_floor_usage":[16],"damage_taken":[{"damage":4.0,"enemies":"Jaw Worm","floor":1.0,"turns":4.0},{"damage":1.0,"enemies":"2 Louse","floor":2.0,"turns":4.0},{"damage":2.0,"enemies":"Small Slimes","floor":3.0,"turns":3.0},{"damage":3.0,"enemies":"Blue Slaver","floor":4.0,"turns":3.0},{"damage":25.0,"enemies":"3 Sentries","floor":6.0,"turns":7.0},{"damage":1.0,"enemies":"3 Louse","floor":7.0,"turns":3.0},{"damage":6.0,"enemies":"Exordium Thugs","floor":8.0,"turns":3.0},{"damage":13.0,"enemies":"Exordium Wildlife","floor":12.0,"turns":4.0},{"damage":0.0,"enemies":"Lagavulin","floor":13.0,"turns":4.0},{"damage":5.0,"enemies":"Red Slaver","floor":14.0,"turns":2.0},{"damage":6,"enemies":"Slime Boss","floor":16,"turns":3}],"seed_played":"-2266689086557920904","potions_obtained":[{"floor":4.0,"key":"FearPotion"},{"floor":6.0,"key":"Dexterity Potion"},{"floor":7.0,"key":"CunningPotion"},{"floor":12.0,"key":"CunningPotion"},{"floor":14.0,"key":"Swift Potion"}],"is_trial":false,"path_per_floor":["M","M","M","M","?","E","M","M","T","R","?","M","E","M","R","B"],"character_chosen":"THE_SILENT","items_purchased":[],"campfire_rested":0,"item_purchase_floors":[],"current_hp_per_floor":[55,54,52,49,54,29,28,22,22,22,22,9,9,4,4,0,0],"gold":296,"neow_bonus":"BOSS_RELIC","is_daily":false,"chose_seed":false,"campfire_upgraded":2,"win_rate":0.0,"timestamp":1609998240,"path_taken":["M","M","M","M","?","E","M","M","T","R","?","M","E","M","R","BOSS"],"items_purchased_type":[],"build_version":"2020-12-22","purchased_purges":0,"victory":false,"max_hp_per_floor":[66,66,66,66,71,71,71,71,71,71,64,64,64,64,64,64,64],"relic_stats":{"Nunchaku":[2],"counters":[11,40],"Golden Idol":17,"obtain_stats":[{"CaptainsWheel":6,"Nunchaku":13,"Golden Idol":11,"Coffee Dripper":0,"Ancient Tea Set":9,"Ring of the Snake":0},{"CaptainsWheel":5,"Nunchaku":9,"Golden Idol":7,"Coffee Dripper":0,"Ancient Tea Set":7,"Ring of the Snake":0},{"CaptainsWheel":21,"Nunchaku":35,"Golden Idol":27,"Coffee Dripper":0,"Ancient Tea Set":27,"Ring of the Snake":0}]},"card_choices":[{"not_picked":["Flying Knee","Bane"],"picked":"Blade Dance","floor":1.0},{"not_picked":["Eviscerate","Prepared"],"picked":"Finisher","floor":2.0},{"not_picked":["Backflip","Prepared"],"picked":"Poisoned Stab","floor":3.0},{"not_picked":["PiercingWail","Poisoned Stab"],"picked":"Accuracy","floor":4.0},{"not_picked":["Underhanded Strike","Slice"],"picked":"Malaise","floor":6.0},{"not_picked":["Sucker Punch","Dagger Throw"],"picked":"Caltrops","floor":7.0},{"not_picked":["Reflex","Dagger Throw","Underhanded Strike"],"picked":"SKIP","floor":8.0},{"not_picked":["Setup","Infinite Blades"],"picked":"Dodge and Roll","floor":12.0},{"not_picked":["Underhanded Strike","Caltrops"],"picked":"Wraith Form v2","floor":13.0},{"not_picked":["Poisoned Stab","Slice"],"picked":"Blade Dance","floor":14.0}],"player_experience":886516,"relics_obtained":[{"floor":6.0,"key":"CaptainsWheel"},{"floor":9.0,"key":"Ancient Tea Set"},{"floor":13.0,"key":"Nunchaku"}],"event_choices":[{"damage_healed":0.0,"max_hp_gain":5.0,"max_hp_loss":0.0,"gold_gain":0.0,"event_name":"Big Fish","player_choice":"Donut","floor":5.0,"gold_loss":0.0,"damage_taken":0.0},{"damage_healed":0.0,"max_hp_gain":0.0,"max_hp_loss":7.0,"gold_gain":0.0,"event_name":"Golden Idol","player_choice":"Lose Max HP","floor":11.0,"gold_loss":0.0,"damage_taken":0.0,"relics_obtained":["Golden Idol"]}],"is_beta":false,"boss_relics":[],"items_purged_floors":[],"is_endless":false,"potions_floor_spawned":[4,6,7,12,14],"killed_by":"Slime Boss","ascension_level":20}}