{"host":"w9yruvs4bqht6bhw","time":1609981394,"event":{"mods":["BaseMod","Colored Powertips","Minty Spire (QoL Compilation)"],"gold_per_floor":[117,71,90,15,15,15,47,62,62,76,76,89,89,108,108,206,206,220,231,245,245,245],"floor_reached":21,"playtime":653,"items_purged":["Writhe"],"score":226,"play_id":"62dd1a82-ee32-4183-8a8c-d792bb481887","local_time":"20210106200314","is_ascension_mode":true,"campfire_choices":[{"data":"Gash","floor":6,"key":"SMITH"},{"data":"Gash","floor":11,"key":"SMITH"},{"data":"Gash","floor":13,"key":"SMITH"},{"floor":15,"key":"REST"}],"circlet_count":0,"master_deck":["Strike_B","Strike_B","Strike_B","Strike_B","Defend_B","Defend_B","Defend_B","Defend_B","Zap","Dualcast","Cold Snap","Gash+1","Gash","Decay","Gash+1","Leap","Gash+1","Gash","Buffer","Beam Cell","Gash","Conserve Battery"],"relics":["Cracked Core","Unceasing Top","Shuriken","Pocketwatch"],"acts_visited":["Exordium","TheCity"],"potions_floor_usage":[7,14,16,19,20],"damage_taken":[{"damage":11,"enemies":"Cultist","floor":1,"turns":4},{"damage":2,"enemies":"2 Louse","floor":3,"turns":3},{"damage":10,"enemies":"3 Sentries","floor":7,"turns":7},{"damage":4,"enemies":"Jaw Worm","floor":8,"turns":3},{"damage":8,"enemies":"Blue Slaver","floor":10,"turns":3},{"damage":9,"enemies":"Lots of Slimes","floor":12,"turns":4},{"damage":14,"enemies":"Exordium Wildlife","floor":14,"turns":4},{"damage":22,"enemies":"Hexaghost","floor":16,"turns":7},{"damage":23,"enemies":"Shell Parasite","floor":18,"turns":5},{"damage":11,"enemies":"3 Byrds","floor":19,"turns":5},{"damage":35,"enemies":"Snecko","floor":20,"turns":5},{"damage":7,"enemies":"Chosen and Byrds","floor":21,"turns":1}],"seed_played":"-8107819982743347081","potions_obtained":[{"floor":1,"key":"Fire Potion"},{"floor":7,"key":"BlessingOfTheForge"},{"floor":10,"key":"SkillPotion"},{"floor":16,"key":"LiquidMemories"},{"floor":18,"key":"CultistPotion"},{"floor":19,"key":"PowerPotion"}],"is_trial":false,"path_per_floor":["M","$","M","$","?","R","E","M","T","M","R","M","R","M","R","B",null,"M","M","M","M"],"character_chosen":"DEFECT","items_purchased":["Gash"],"campfire_rested":1,"item_purchase_floors":[2],"current_hp_per_floor":[64,64,62,62,62,62,52,48,48,40,40,31,31,17,39,17,75,52,41,6,0,0],"gold":245,"neow_bonus":"ONE_RARE_RELIC","is_daily":false,"chose_seed":false,"campfire_upgraded":3,"win_rate":0.0,"timestamp":1609981394,"path_taken":["M","$","M","?","?","R","E","M","T","?","R","M","R","M","R","BOSS","M","?","M","M"],"items_purchased_type":["Card"],"build_version":"2020-12-22","purchased_purges":1,"victory":false,"max_hp_per_floor":[75,75,75,75,75,75,75,75,75,75,75,75,75,75,75,75,75,75,75,75,75,75],"card_choices":[{"not_picked":["Chaos","Redo"],"picked":"Cold Snap","floor":1},{"not_picked":["Blizzard","Self Repair"],"picked":"Gash","floor":3},{"not_picked":["Barrage","Beam Cell"],"picked":"Gash","floor":7},{"not_picked":["Force Field","Sunder"],"picked":"Leap","floor":8},{"not_picked":["Multi-Cast","Streamline","Redo"],"picked":"SKIP","floor":10},{"not_picked":["Streamline","Reinforced Body"],"picked":"Gash","floor":12},{"not_picked":["Skim","Blizzard"],"picked":"Gash","floor":14},{"not_picked":["Core Surge","Thunder Strike"],"picked":"Buffer","floor":16},{"not_picked":["Lockon","Recycle"],"picked":"Beam Cell","floor":18},{"not_picked":["Compile Driver","Streamline+1"],"picked":"Gash","floor":19},{"not_picked":["Steam Power","Cold Snap"],"picked":"Conserve Battery","floor":20}],"player_experience":344594,"relics_obtained":[{"floor":7,"key":"Shuriken"},{"floor":9,"key":"Pocketwatch"}],"event_choices":[{"damage_healed":0,"gold_gain":0,"player_choice":"Cursed","damage_taken":0,"max_hp_gain":0,"max_hp_loss":0,"event_name":"Wheel of Change","floor":5,"gold_loss":0,"cards_obtained":["Decay"]}],"is_beta":false,"boss_relics":[{"not_picked":["Runic Pyramid","Philosopher\u0027s Stone","Pandora\u0027s Box"]}],"items_purged_floors":[4],"is_endless":false,"potions_floor_spawned":[1,7,10,16,18,19],"killed_by":"Chosen and Byrds","ascension_level":2}}