{"host":"we0tvcz4okyzqurd","time":1609983495,"event":{"mods":["BaseMod","Colored Powertips","Downfall","Hermit","Hubris","Infinite Spire","Minty Spire (QoL Compilation)","Replay The Spire","StSLib","The Cursed","The IronCluck","The Jungle","The Runesmith"],"gold_per_floor":[216,216,228,228,228,255,255,284,308,162,162,181,209,222,222,324,324,324,324,324,324,324,324,324,324,324,324,324,324,324,324,324,324,324,324,324,324,168,168,168,168,168,168,21,21,21,21,21,21,21],"floor_reached":51,"playtime":2433,"items_purged":["hermit:Strike_Hermit"],"score":866,"play_id":"b10abf49-e985-4927-b5f6-e3364f6e8400","local_time":"20210106173815","is_ascension_mode":true,"campfire_choices":[{"floor":7.0,"key":"REST"},{"data":"hermit:Grudge","floor":11,"key":"SMITH"},{"data":"hermit:GhostlyPresence","floor":15,"key":"SMITH"},{"floor":24,"key":"REST"},{"floor":30,"key":"REST"},{"data":"hermit:Strike_Hermit","floor":32,"key":"PURGE"},{"data":"hubris:EnhanceAbility","floor":40,"key":"SMITH"},{"data":"hermit:Combo","floor":47,"key":"SMITH"},{"data":"hermit:WideOpen","floor":49,"key":"SMITH"}],"circlet_count":0,"master_deck":["hermit:Strike_Hermit","hermit:Strike_Hermit","hermit:Defend_Hermit","hermit:Defend_Hermit+1","hermit:Defend_Hermit+1","hermit:Snapshot","hermit:Covet+1","hermit:Grudge+1","hermit:Deadeye+1","hermit:Glare","hermit:GhostlyPresence+1","hermit:Grudge","hermit:Spite","hermit:Cheat+1","infinitespire:FutureSight+1","hermit:FinalCanter","hermit:RoundhouseKick+1","hermit:Quickdraw+1","hermit:Combo+1","hermit:Misfire+1","hermit:Dissolve","hermit:ShadowCloak+1","ReplayTheSpireMod:Splinters","hermit:EyeOfTheStorm+1","hermit:Glare+1","hermit:Misfire+1","hubris:EnhanceAbility+1","Regret","hermit:WideOpen+1"],"relics":["hermit:Momento","Potion Belt","Omamori","InkBottle","War Paint","Lee\u0027s Waffle","Ginger","Ectoplasm","theJungle:PaperFaux","Du-Vu Doll","Membership Card","Ancient Tea Set","hubris:DisguiseKit","Replay:Bottled Eggs","Juzu Bracelet","hubris:ScarierMask","Gremlin Food","Whetstone","MawBank","Boot","infinitespire:CheckeredPen","infinitespire:Lucky Rock"],"acts_visited":["Exordium","Exordium","TheBeyond"],"potions_floor_usage":[16,16,25,28,33,45,50,50,50,50],"damage_taken":[{"damage":6.0,"enemies":"Jaw Worm","floor":1.0,"turns":3.0},{"damage":1.0,"enemies":"Cultist","floor":3.0,"turns":3.0},{"damage":21.0,"enemies":"3 Sentries","floor":6.0,"turns":6.0},{"damage":21.0,"enemies":"Lagavulin","floor":8.0,"turns":5.0},{"damage":2,"enemies":"Small Slimes","floor":12,"turns":3},{"damage":6,"enemies":"Gremlin Nob","floor":13,"turns":3},{"damage":3,"enemies":"Looter","floor":14,"turns":3},{"damage":43,"enemies":"The Guardian","floor":16,"turns":9},{"damage":1,"enemies":"theJungle:GiantWrat","floor":18,"turns":6},{"damage":10,"enemies":"theJungle:5_Spyders","floor":20,"turns":6},{"damage":31,"enemies":"theJungle:Cassacara","floor":23,"turns":6},{"damage":13,"enemies":"theJungle:MamaSnecko","floor":25,"turns":6},{"damage":20,"enemies":"theJungle:Cassacara","floor":27,"turns":6},{"damage":17,"enemies":"theJungle:2_Flameangoes","floor":28,"turns":4},{"damage":1,"enemies":"theJungle:SlimyTreeVines","floor":29,"turns":4},{"damage":8,"enemies":"theJungle:FunGuy","floor":33,"turns":7},{"damage":10,"enemies":"3 Darklings","floor":35,"turns":3},{"damage":2,"enemies":"3 Shapes","floor":37,"turns":2},{"damage":0,"enemies":"Nemesis","floor":41,"turns":3},{"damage":0,"enemies":"Reptomancer","floor":45,"turns":3},{"damage":2,"enemies":"Transient","floor":48,"turns":5},{"damage":50,"enemies":"Donu and Deca","floor":50,"turns":7}],"seed_played":"8332724604666018689","potions_obtained":[{"floor":8,"key":"Dexterity Potion"},{"floor":12,"key":"Elixir"},{"floor":13,"key":"champ:CounterPotion"},{"floor":16,"key":"FearPotion"},{"floor":20,"key":"Adrenaline Potion"},{"floor":23,"key":"Weak Potion"},{"floor":25,"key":"Elixir"},{"floor":27,"key":"Explosive Potion"},{"floor":33,"key":"FearPotion"},{"floor":36,"key":"Dexterity Potion"},{"floor":48,"key":"Block Potion"}],"is_trial":false,"path_per_floor":["M","?","M","?","?","E","R","E","T","$","R","M","E","M","R","B",null,"M","?","M","?","AVR","E","R","E","T","E","M","M","R","?","R","B",null,"M","?","M","$","?","R","E","?","T","$","E","$","R","M","R","B",null],"character_chosen":"HERMIT","items_purchased":["Lee\u0027s Waffle","Whetstone","hubris:EnhanceAbility","infinitespire:CheckeredPen","Adrenaline Potion"],"campfire_rested":3,"item_purchase_floors":[10,38,38,44,44],"current_hp_per_floor":[69,69,68,53,50,29,51,30,30,82,82,80,74,71,71,28,82,81,81,71,71,71,40,64,51,51,31,14,13,37,37,37,29,82,72,72,70,70,70,70,70,70,70,70,70,70,70,68,68,18],"gold":21,"neow_bonus":"HUNDRED_GOLD","is_daily":false,"chose_seed":false,"campfire_upgraded":5,"win_rate":0.0,"timestamp":1609983495,"path_taken":["M","?","?","?","?","E","R","E","T","$","R","M","E","M","R","BOSS","M","?","M","?","AVR","E","R","E","T","E","M","M","R","?","R","BOSS","M","?","M","$","?","R","E","?","T","$","E","?","R","M","R","BOSS"],"items_purchased_type":["Relic","Relic","Card","Relic","Potion"],"build_version":"2020-12-22","purchased_purges":1,"victory":true,"max_hp_per_floor":[75,75,75,75,75,75,75,75,75,82,82,82,82,82,82,82,82,82,82,82,82,82,82,82,82,82,82,82,82,82,82,82,82,82,82,82,82,82,82,82,82,82,82,82,82,82,82,82,82,82],"card_choices":[{"not_picked":["hermit:TakeCover","hermit:TrackingShot"],"picked":"hermit:Grudge","floor":1.0},{"not_picked":["hermit:Dive","hermit:Combo"],"picked":"hermit:Deadeye","floor":3.0},{"not_picked":["hermit:Ricochet","hermit:OverwhelmingPower"],"picked":"hermit:Glare","floor":6.0},{"not_picked":["hermit:Feint","hermit:ItchyTrigger"],"picked":"hermit:GhostlyPresence","floor":8},{"not_picked":["hermit:TakeAim","hermit:Dive"],"picked":"hermit:Grudge","floor":12},{"not_picked":["hermit:Snipe","hermit:LoneWolf","hermit:Feint"],"picked":"SKIP","floor":13},{"not_picked":["hermit:Maintenance","hermit:Roulette"],"picked":"hermit:Spite","floor":14},{"not_picked":["hermit:BodyArmor","hermit:Gestalt+1"],"picked":"hermit:Cheat+1","floor":18},{"not_picked":["hermit:Gestalt","hermit:FlashPowder+1","hermit:TakeAim"],"picked":"SKIP","floor":20},{"not_picked":["hermit:Combo+1","hermit:FullyLoaded"],"picked":"hermit:FinalCanter","floor":23},{"not_picked":["hermit:GoldenBullet+1","hermit:BodyArmor+1"],"picked":"hermit:RoundhouseKick","floor":25},{"not_picked":["hermit:Determination","hermit:WideOpen","TheCursedMod:FleshFromBone"],"picked":"hermit:Quickdraw","floor":27},{"not_picked":["hermit:Coalescence+1","hermit:LowProfile","TheCursedMod:BloodBarrier"],"picked":"hermit:Combo","floor":28},{"not_picked":["hermit:Dive","hermit:Showdown","TheCursedMod:RapidMovement"],"picked":"hermit:Misfire+1","floor":29},{"not_picked":["hermit:Adapt","hermit:HighNoon","TheCursedMod:ForbiddenAlchemy"],"picked":"hermit:Dissolve","floor":33},{"not_picked":["hermit:SprayPray","hermit:BodyArmor","TheCursedMod:HellsGateOpen"],"picked":"hermit:ShadowCloak+1","floor":35},{"not_picked":["hermit:PistolWhip+1","hermit:BodyArmor","TheCursedMod:Stigma"],"picked":"hermit:EyeOfTheStorm+1","floor":36},{"not_picked":["hermit:Combo","hermit:Dive","TheCursedMod:CursedShiv"],"picked":"hermit:Glare+1","floor":36},{"not_picked":["hermit:PistolWhip+1","hermit:Scavenge","TheCursedMod:DoubleShield"],"picked":"hermit:Misfire+1","floor":37},{"not_picked":["hermit:Quickdraw","hermit:Dive","hermit:Maintenance","TheCursedMod:CursedStaff"],"picked":"SKIP","floor":41},{"not_picked":["hermit:Maintenance+1","hermit:Manifest","TheCursedMod:Obscuration"],"picked":"hermit:WideOpen","floor":45},{"not_picked":["hermit:SprayPray","hermit:LowProfile+1","hermit:Glare+1","TheCursedMod:Obscuration"],"picked":"SKIP","floor":48}],"player_experience":458621,"relics_obtained":[{"floor":6.0,"key":"Omamori"},{"floor":8,"key":"InkBottle"},{"floor":9,"key":"War Paint"},{"floor":13,"key":"Ginger"},{"floor":23,"key":"Ancient Tea Set"},{"floor":25,"key":"hubris:DisguiseKit"},{"floor":26,"key":"Replay:Bottled Eggs"},{"floor":27,"key":"Juzu Bracelet"},{"floor":36,"key":"Gremlin Food"},{"floor":41,"key":"MawBank"},{"floor":43,"key":"Boot"},{"floor":45,"key":"infinitespire:Lucky Rock"}],"event_choices":[{"cards_removed":["hermit:Defend_Hermit"],"damage_healed":0.0,"max_hp_gain":0.0,"max_hp_loss":0.0,"gold_gain":0.0,"event_name":"Bonfire Elementals","player_choice":"Offered Basic","floor":2.0,"gold_loss":0.0,"damage_taken":0.0},{"damage_healed":0.0,"max_hp_gain":0.0,"max_hp_loss":0.0,"gold_gain":0.0,"event_name":"Shining Light","player_choice":"Entered Light","floor":4.0,"gold_loss":0.0,"damage_taken":15.0,"cards_upgraded":["hermit:Deadeye","hermit:Defend_Hermit"]},{"damage_healed":0.0,"max_hp_gain":0.0,"max_hp_loss":0.0,"gold_gain":0.0,"event_name":"Scrap Ooze","player_choice":"Success","floor":5.0,"gold_loss":0.0,"damage_taken":3.0,"relics_obtained":["Potion Belt"]},{"damage_healed":0,"gold_gain":0,"player_choice":"Gave Potion","damage_taken":0,"relics_obtained":["Du-Vu Doll"],"max_hp_gain":0,"max_hp_loss":0,"event_name":"WeMeetAgain","floor":21,"gold_loss":0},{"damage_healed":0,"gold_gain":0,"player_choice":"Cursed","damage_taken":0,"max_hp_gain":0,"max_hp_loss":0,"event_name":"Wheel of Change","floor":31,"gold_loss":0,"cards_obtained":["Decay"]},{"damage_healed":0,"gold_gain":275,"player_choice":"Desecrate","damage_taken":0,"max_hp_gain":0,"max_hp_loss":0,"event_name":"Golden Shrine","floor":39,"gold_loss":0,"cards_obtained":["Regret"]},{"damage_healed":0,"gold_gain":0,"player_choice":"Ignored","damage_taken":0,"max_hp_gain":0,"max_hp_loss":0,"event_name":"Transmorgrifier","floor":42,"gold_loss":0}],"is_beta":false,"boss_relics":[{"not_picked":["hermit:BartenderGlass","Replay:Bronze Core"],"picked":"Ectoplasm"},{"not_picked":["hermit:ClaspedLocket","Tiny House"],"picked":"hubris:ScarierMask"}],"items_purged_floors":[22],"is_endless":false,"potions_floor_spawned":[8,12,13,16,20,23,25,27,33,48],"ascension_level":1}}