{"host":"qgrlfjrqk9z96gfi","time":1609986115,"event":{"mods":["BaseMod","Block Reminder","Colored Map","DeckTracker","Minty Spire (QoL Compilation)"],"gold_per_floor":[117,46,58,10,10,42,60,92,92,92,109,109,126,145,145,249,249,264,282,197,197,37,63,63,92,119,119,135,135,150,179,179,279,279,293,293,293,293,74,74,101,101,124,124,149,172,184,222,234,246,258,270,34,61,61,61],"floor_reached":55,"playtime":1696,"items_purged":["Strike_G","Strike_G"],"score":939,"play_id":"b29b9196-5935-4977-86eb-cdeabc263ba2","local_time":"20210106162155","is_ascension_mode":true,"campfire_choices":[{"data":"Noxious Fumes","floor":10.0,"key":"SMITH"},{"data":"Footwork","floor":15.0,"key":"SMITH"},{"data":"Crippling Poison","floor":24.0,"key":"SMITH"},{"data":"Corpse Explosion","floor":27.0,"key":"SMITH"},{"floor":32,"key":"REST"},{"floor":40,"key":"RECALL"},{"floor":42,"key":"REST"},{"floor":49,"key":"REST"},{"floor":52,"key":"REST"}],"circlet_count":0,"master_deck":["Strike_G","Strike_G+1","Strike_G+1","Defend_G","Defend_G","Defend_G","Defend_G+1","Defend_G+1","Survivor","Neutralize","Dagger Spray","Noxious Fumes+1","PiercingWail","Bane","Adrenaline+1","Quick Slash","Deadly Poison","Footwork+1","Crippling Poison+1","Acrobatics","Corpse Explosion+1","Blade Dance","Accuracy","Blade Dance+1","Bouncing Flask","Blade Dance+1","Adrenaline","Prepared+1","Catalyst","Deadly Poison+1","Leg Sweep","Prepared+1"],"relics":["Ring of the Snake","NeowsBlessing","Tingsha","Ninja Scroll","Bottled Tornado","SlaversCollar","PreservedInsect","Tiny Chest","Kunai","Whetstone","Paper Crane","Fusion Hammer","StrikeDummy","Snake Skull","Bird Faced Urn","Orichalcum","Potion Belt","MawBank","MealTicket","War Paint","Akabeko"],"acts_visited":["Exordium","TheCity","TheBeyond","TheEnding"],"potions_floor_usage":[33,50,50,50,55,55],"damage_taken":[{"damage":0.0,"enemies":"Small Slimes","floor":1.0,"turns":1.0},{"damage":0.0,"enemies":"2 Louse","floor":3.0,"turns":1.0},{"damage":0.0,"enemies":"Gremlin Nob","floor":6.0,"turns":1.0},{"damage":0.0,"enemies":"Jaw Worm","floor":7.0,"turns":4.0},{"damage":32.0,"enemies":"Lagavulin","floor":8.0,"turns":6.0},{"damage":10.0,"enemies":"Exordium Thugs","floor":11.0,"turns":4.0},{"damage":2.0,"enemies":"Looter","floor":13.0,"turns":2.0},{"damage":0.0,"enemies":"3 Louse","floor":14.0,"turns":2.0},{"damage":11.0,"enemies":"The Guardian","floor":16.0,"turns":11.0},{"damage":0.0,"enemies":"3 Byrds","floor":18.0,"turns":2.0},{"damage":20.0,"enemies":"Chosen","floor":19.0,"turns":5.0},{"damage":0.0,"enemies":"Gremlin Leader","floor":23.0,"turns":3.0},{"damage":0.0,"enemies":"Slavers","floor":25.0,"turns":2.0},{"damage":10.0,"enemies":"Sentry and Sphere","floor":28.0,"turns":4.0},{"damage":12,"enemies":"Snake Plant","floor":30,"turns":5},{"damage":0,"enemies":"Gremlin Leader","floor":31,"turns":4},{"damage":6,"enemies":"Champ","floor":33,"turns":9},{"damage":11,"enemies":"3 Shapes","floor":35,"turns":2},{"damage":7,"enemies":"Giant Head","floor":41,"turns":5},{"damage":5,"enemies":"Nemesis","floor":45,"turns":5},{"damage":0,"enemies":"3 Darklings","floor":46,"turns":3},{"damage":18,"enemies":"Reptomancer","floor":48,"turns":3},{"damage":72,"enemies":"Awakened One","floor":50,"turns":12},{"damage":18,"enemies":"Shield and Spear","floor":54,"turns":4},{"damage":69,"enemies":"The Heart","floor":55,"turns":6}],"seed_played":"3837264631249604046","potions_obtained":[{"floor":1.0,"key":"BlessingOfTheForge"},{"floor":7.0,"key":"Block Potion"},{"floor":11.0,"key":"Explosive Potion"},{"floor":16.0,"key":"Block Potion"},{"floor":21.0,"key":"LiquidBronze"},{"floor":23.0,"key":"Ancient Potion"},{"floor":25.0,"key":"CunningPotion"},{"floor":35,"key":"Poison Potion"},{"floor":45,"key":"SkillPotion"},{"floor":46,"key":"Poison Potion"}],"is_trial":false,"path_per_floor":["M","$","M","$","?","E","M","E","T","R","M","?","M","M","R","B",null,"M","M","?","?","$","E","R","E","T","R","M","?","M","E","R","B",null,"M","?","T","?","$","R","E","R","T","?","E","M","T","E","R","B",null,"R","$","E","B"],"character_chosen":"THE_SILENT","items_purchased":["Noxious Fumes","Bane","Blade Dance","Accuracy","Snake Skull","Catalyst","War Paint"],"campfire_rested":4,"item_purchase_floors":[2,4,22,22,39,39,53],"current_hp_per_floor":[70,70,70,70,75,75,75,43,43,43,33,33,31,31,31,20,75,75,55,55,55,55,55,55,55,55,55,45,45,33,33,55,49,75,64,64,64,64,64,64,57,71,71,71,68,71,71,57,71,1,71,71,71,53,0,0],"gold":61,"neow_bonus":"THREE_ENEMY_KILL","is_daily":false,"chose_seed":false,"campfire_upgraded":4,"win_rate":0.0,"timestamp":1609986115,"path_taken":["M","$","M","$","?","E","M","E","T","R","M","?","M","M","R","BOSS","M","M","?","?","$","E","R","E","T","R","?","?","M","E","R","BOSS","M","?","?","?","$","R","E","R","T","?","E","?","?","E","R","BOSS","R","$","E","BOSS"],"items_purchased_type":["Card","Card","Card","Card","Relic","Card","Relic"],"build_version":"2020-12-22","purchased_purges":2,"victory":false,"max_hp_per_floor":[70,70,70,70,75,75,75,75,75,75,75,75,75,75,75,75,75,75,75,75,75,75,75,75,75,75,75,75,75,75,75,75,75,75,75,71,71,71,71,71,71,71,71,71,71,71,71,71,71,71,71,71,71,71,71,71],"card_choices":[{"not_picked":["Escape Plan","Quick Slash"],"picked":"Dagger Spray","floor":1.0},{"not_picked":["Tactician","Flying Knee"],"picked":"PiercingWail","floor":3.0},{"not_picked":["Catalyst","Leg Sweep"],"picked":"Adrenaline","floor":6.0},{"not_picked":["Cloak And Dagger","Heel Hook"],"picked":"Quick Slash","floor":7.0},{"not_picked":["Heel Hook","Night Terror"],"picked":"Deadly Poison","floor":8.0},{"not_picked":["Quick Slash","Endless Agony"],"picked":"Footwork","floor":11.0},{"not_picked":["Underhanded Strike","Leg Sweep"],"picked":"Crippling Poison","floor":13.0},{"not_picked":["Flying Knee","Sucker Punch"],"picked":"Acrobatics","floor":14.0},{"not_picked":["Burst","Malaise"],"picked":"Corpse Explosion","floor":16.0},{"not_picked":["Outmaneuver","Heel Hook+1","Underhanded Strike"],"picked":"SKIP","floor":18.0},{"not_picked":["Dagger Throw","Flechettes+1","Underhanded Strike"],"picked":"SKIP","floor":19.0},{"not_picked":["Deflect","Dagger Throw"],"picked":"Blade Dance+1","floor":23.0},{"not_picked":["Backstab","All Out Attack+1"],"picked":"Bouncing Flask","floor":25.0},{"not_picked":["Dagger Throw+1","Prepared"],"picked":"Blade Dance+1","floor":28.0},{"not_picked":["Bane","Prepared","Dodge and Roll"],"picked":"SKIP","floor":30},{"not_picked":["Outmaneuver","Riddle With Holes","Setup"],"picked":"SKIP","floor":31},{"not_picked":["Unload","Venomology"],"picked":"Adrenaline","floor":33},{"not_picked":["Underhanded Strike","Concentrate+1"],"picked":"Prepared+1","floor":35},{"not_picked":["Slice+1","Blade Dance"],"picked":"Deadly Poison+1","floor":41},{"not_picked":["Doppelganger","Prepared"],"picked":"Leg Sweep","floor":45},{"not_picked":["Acrobatics","Escape Plan","Bane"],"picked":"SKIP","floor":46},{"not_picked":["Bane","Sucker Punch","Quick Slash"],"picked":"SKIP","floor":48},{"not_picked":["Masterful Stab","Dash+1"],"picked":"Prepared+1","floor":54}],"player_experience":974028,"relics_obtained":[{"floor":6.0,"key":"Tingsha"},{"floor":8.0,"key":"Ninja Scroll"},{"floor":9.0,"key":"Bottled Tornado"},{"floor":23.0,"key":"Tiny Chest"},{"floor":25.0,"key":"Kunai"},{"floor":26.0,"key":"Whetstone"},{"floor":31,"key":"Paper Crane"},{"floor":37,"key":"StrikeDummy"},{"floor":41,"key":"Bird Faced Urn"},{"floor":43,"key":"Orichalcum"},{"floor":44,"key":"Potion Belt"},{"floor":45,"key":"MawBank"},{"floor":48,"key":"MealTicket"},{"floor":54,"key":"Akabeko"}],"event_choices":[{"damage_healed":0.0,"max_hp_gain":5.0,"max_hp_loss":0.0,"gold_gain":0.0,"event_name":"Big Fish","player_choice":"Donut","floor":5.0,"gold_loss":0.0,"damage_taken":0.0},{"damage_healed":0.0,"max_hp_gain":0.0,"max_hp_loss":0.0,"gold_gain":0.0,"event_name":"Living Wall","player_choice":"Grow","floor":12.0,"gold_loss":0.0,"damage_taken":0.0,"cards_upgraded":["Adrenaline"]},{"damage_healed":0.0,"max_hp_gain":0.0,"max_hp_loss":0.0,"gold_gain":0.0,"event_name":"Addict","player_choice":"Obtained Relic","floor":20.0,"gold_loss":85.0,"damage_taken":0.0,"relics_obtained":["PreservedInsect"]},{"damage_healed":0.0,"max_hp_gain":0.0,"max_hp_loss":0.0,"gold_gain":0.0,"event_name":"Lab","player_choice":"Got Potions","floor":21.0,"gold_loss":0.0,"damage_taken":0.0},{"damage_healed":0.0,"max_hp_gain":0.0,"max_hp_loss":0.0,"gold_gain":0.0,"event_name":"Ghosts","player_choice":"Ignored","floor":29.0,"gold_loss":0.0,"damage_taken":0.0},{"damage_healed":0,"gold_gain":0,"player_choice":"Max HP","damage_taken":0,"max_hp_gain":0,"max_hp_loss":4,"event_name":"Winding Halls","floor":36,"gold_loss":0},{"damage_healed":0,"gold_gain":0,"player_choice":"Ignored","damage_taken":0,"max_hp_gain":0,"max_hp_loss":0,"event_name":"Tomb of Lord Red Mask","floor":38,"gold_loss":0},{"damage_healed":0,"gold_gain":0,"player_choice":"Relic","damage_taken":0,"max_hp_gain":0,"max_hp_loss":0,"event_name":"Wheel of Change","floor":44,"gold_loss":0}],"is_beta":false,"boss_relics":[{"not_picked":["Busted Crown","Black Star"],"picked":"SlaversCollar"},{"not_picked":["Empty Cage","SacredBark"],"picked":"Fusion Hammer"}],"items_purged_floors":[22,53],"is_endless":false,"potions_floor_spawned":[1,7,11,16,23,25,31,35,41,45,46],"killed_by":"The Heart","ascension_level":1}}