{"host":"bf9sa99gaumonoeu","time":1609981212,"event":{"mods":["AchievementEnabler","Act Like it!","BaseMod","Better Sensory Stone","Colored Map","Colored Powertips","Downfall","Friendly Minions","Gensokyo","GifTheSpireLib","Hallownest","Hermit","Hubris","Jorbs\u0027s Wanderer Trilogy","KinomotoSakuraMod(????)","Koishi","Lobotomy","Marisa????????","Minty Spire (QoL Compilation)","Rare Cards Sparkle","Reimu??????","Remilia??????","Replay The Spire","Shop Mod","StSLib","The Administrix","The Animator","The Blue Laboratory","The Bug Knight","The Construct","The Cursed","The Disciple","The Hierophant","The Mystic","The Necromancer","The Poker Player","The Runesmith","The Senshi","The Servant 0.9.4"],"gold_per_floor":[127,155,166,180,180,211,211,235,235,265,265,265],"floor_reached":11,"playtime":1007,"items_purged":[],"score":107,"play_id":"233388ea-b068-4c12-9fce-e6b019ce797f","local_time":"20210106230012","is_ascension_mode":true,"campfire_choices":[{"data":"animator:Berserker","floor":7,"key":"SMITH"}],"circlet_count":0,"master_deck":["animator:Strike_Overlord","animator:Defend_Overlord","animator:Strike","animator:Strike","animator:Defend","animator:Defend","animator:Defend","animator:Cocytus","animator:Demiurge","animator:Berserker+1","animator:PandorasActor","animator:Lancer","animator:NarberalGamma","animator:EmiyaShirou","animator:ZankiKiguchi"],"relics":["animator:LivingPicture","animator:TheMissingPiece","Hallownest:DreamNailRelic","Bag of Marbles","CrazyTorch:ReiMu"],"acts_visited":["Hallownest:Greenpath"],"potions_floor_usage":[11,11],"damage_taken":[{"damage":4,"enemies":"2_ Uuma","floor":1,"turns":7},{"damage":5,"enemies":"Hallownest:2_Tiktiks_and_1_Crawlid","floor":2,"turns":4},{"damage":0,"enemies":"Hallownest:monsterHuskWarrior","floor":3,"turns":5},{"damage":0,"enemies":"Hallownest:monsterAspidMother","floor":4,"turns":6},{"damage":4,"enemies":"Hallownest:eliteVengeflyKing","floor":6,"turns":10},{"damage":0,"enemies":"Hallownest:Guard_and_Warrior","floor":8,"turns":4},{"damage":0,"enemies":"Hallownest:Wandering_and_Horned","floor":10,"turns":5},{"damage":55,"enemies":"Hallownest:eliteCrystalGuardian","floor":11,"turns":8}],"seed_played":"-7005302656063074487","potions_obtained":[{"floor":1,"key":"blueLaboratory:AbyssPotion"},{"floor":2,"key":"ColorlessPotion"},{"floor":3,"key":"SpeedPotion"}],"is_trial":false,"path_per_floor":["M","M","M","M","?","E","R","M","T","M","E"],"character_chosen":"THE_ANIMATOR","items_purchased":[],"campfire_rested":0,"item_purchase_floors":[],"current_hp_per_floor":[55,50,51,52,52,48,48,48,48,48,0,0],"gold":265,"neow_bonus":"REMOVE_CARD","is_daily":false,"chose_seed":false,"campfire_upgraded":1,"win_rate":0.0,"timestamp":1609981212,"path_taken":["M","M","M","M","?","E","R","M","T","?","E"],"items_purchased_type":[],"build_version":"2020-12-22","purchased_purges":0,"victory":false,"max_hp_per_floor":[66,66,67,68,68,68,68,68,68,68,68,68],"card_choices":[{"not_picked":["animator:Sonic","animator:Konayuki"],"picked":"animator:Berserker","floor":1},{"not_picked":["animator:Togame","animator:Rider"],"picked":"animator:PandorasActor","floor":2},{"not_picked":["animator:Chris","animator:ShinjiMatou"],"picked":"animator:Lancer","floor":3},{"not_picked":["animator:Evileye","animator:Cocytus"],"picked":"animator:NarberalGamma","floor":4},{"not_picked":["animator:Kazuma","animator:Witch","animator:MumenRider"],"picked":"SKIP","floor":6},{"not_picked":["animator:Kazuma","animator:Witch","animator:MumenRider"],"picked":"SKIP","floor":6},{"not_picked":["animator:Witch","animator:DwarfShaman"],"picked":"animator:EmiyaShirou","floor":8},{"not_picked":["animator:UneriGinkaku","animator:Mitsurugi"],"picked":"animator:ZankiKiguchi","floor":10}],"player_experience":825049,"relics_obtained":[{"floor":6,"key":"Bag of Marbles"},{"floor":9,"key":"CrazyTorch:ReiMu"}],"event_choices":[],"is_beta":false,"boss_relics":[],"items_purged_floors":[],"is_endless":false,"potions_floor_spawned":[1,2,3],"killed_by":"Hallownest:eliteCrystalGuardian","ascension_level":9}}