{"host":"ig7tc0uedzltt2sr","time":1609990496,"event":{"mods":["BaseMod","Better Twitch Integration","Block Reminder","Colored Map","Colored Powertips","Communication Mod","Current Relic Mod","GifTheSpireLib","HexUI Lib","Minty Spire (QoL Compilation)","Quick Restart","Random Character Button","Rare Cards Sparkle","Relic Sorter","Relic Stats","Slay the Relics Exporter","StSLib","SuperFastMode","Synergy Search","Twitch Decklist","Twitch Utils","everything is the same but u backflip on backflip","slay the spire mod where everything is the same but ironclad has a cowboy hat"],"gold_per_floor":[112,123,136,150,150,166,177,177,177],"floor_reached":8,"playtime":98,"items_purged":[],"score":52,"play_id":"c00bf434-c155-491e-9cc9-210b4373a75f","local_time":"20210106193456","is_ascension_mode":false,"campfire_choices":[],"circlet_count":0,"master_deck":["Strike_R","Strike_R","Strike_R","Strike_R","Strike_R","Defend_R","Defend_R","Defend_R","Defend_R","Bash","Heavy Blade","Reaper","Second Wind","Whirlwind","Demon Form","Perfected Strike"],"relics":["Burning Blood","Bronze Scales"],"acts_visited":["Exordium"],"potions_floor_usage":[],"damage_taken":[{"damage":8,"enemies":"Jaw Worm","floor":1,"turns":8},{"damage":25,"enemies":"Cultist","floor":2,"turns":8},{"damage":5,"enemies":"Small Slimes","floor":3,"turns":6},{"damage":26,"enemies":"Red Slaver","floor":4,"turns":8},{"damage":14,"enemies":"3 Louse","floor":6,"turns":6},{"damage":11,"enemies":"2 Fungi Beasts","floor":7,"turns":6},{"damage":57,"enemies":"Gremlin Nob","floor":8,"turns":5}],"seed_played":"-3220606125172028842","potions_obtained":[{"floor":4,"key":"Dexterity Potion"},{"floor":6,"key":"SteroidPotion"},{"floor":7,"key":"Fire Potion"}],"is_trial":false,"path_per_floor":["M","M","M","M","?","M","M","E"],"character_chosen":"IRONCLAD","items_purchased":[],"campfire_rested":0,"item_purchase_floors":[],"current_hp_per_floor":[86,67,76,56,56,48,43,0,0],"gold":177,"neow_bonus":"TEN_PERCENT_HP_BONUS","is_daily":false,"chose_seed":false,"campfire_upgraded":0,"win_rate":0.0,"timestamp":1609990496,"path_taken":["M","M","M","M","?","M","M","E"],"items_purchased_type":[],"build_version":"2020-12-22","purchased_purges":0,"victory":false,"max_hp_per_floor":[88,88,88,88,88,88,88,88,88],"relic_stats":{"counters":[7,47],"Bronze Scales":[45],"obtain_stats":[{"Bronze Scales":5,"Burning Blood":0},{"Bronze Scales":4,"Burning Blood":0},{"Bronze Scales":30,"Burning Blood":0}],"Burning Blood":36},"card_choices":[{"not_picked":["Iron Wave","Cleave"],"picked":"Heavy Blade","floor":1},{"not_picked":["True Grit","Dropkick"],"picked":"Reaper","floor":2},{"not_picked":["Flex","True Grit"],"picked":"Second Wind","floor":3},{"not_picked":["Flex","Anger"],"picked":"Whirlwind","floor":4},{"not_picked":["Sword Boomerang","Sentinel"],"picked":"Demon Form","floor":6},{"not_picked":["Clash","Body Slam"],"picked":"Perfected Strike","floor":7}],"player_experience":1443224,"relics_obtained":[],"event_choices":[{"damage_healed":0,"gold_gain":0,"player_choice":"Gave Potion","damage_taken":0,"relics_obtained":["Bronze Scales"],"max_hp_gain":0,"max_hp_loss":0,"event_name":"WeMeetAgain","floor":5,"gold_loss":0}],"is_beta":false,"boss_relics":[],"items_purged_floors":[],"is_endless":false,"potions_floor_spawned":[4,6,7],"killed_by":"Gremlin Nob","ascension_level":0}}