{"host":"gsgpu9obojnqwpp0","time":1609984459,"event":{"mods":["AchievementEnabler","BaseMod","Block Reminder","DeckTracker","Minty Spire (QoL Compilation)","Permanent Neow"],"gold_per_floor":[113,131,151,101,25,55,69,83,130,143,66,66,91,111,111,214,214,233,78,78,88,19,19,50,50,50,64,64,77,77,93,93,194,194,209,224,224,224],"floor_reached":37,"playtime":2105,"items_purged":[],"score":427,"play_id":"08b8cdb6-dcba-44b5-9c9f-e58792539cfd","local_time":"20210106205419","is_ascension_mode":true,"campfire_choices":[{"floor":12,"key":"REST"},{"data":"WindmillStrike","floor":15,"key":"SMITH"},{"data":"Ragnarok","floor":23,"key":"SMITH"},{"data":"Ragnarok","floor":25,"key":"SMITH"},{"data":"Ragnarok","floor":28,"key":"SMITH"},{"data":"DevaForm","floor":30,"key":"SMITH"},{"floor":32,"key":"REST"}],"circlet_count":0,"master_deck":["Strike_P","Strike_P","Strike_P","Defend_P","Defend_P","Defend_P","Defend_P","Eruption","Vigilance","EmptyBody","Conclude","ThirdEye","WindmillStrike+1","SandsOfTime","SandsOfTime","Swivel","Ragnarok+1","Ragnarok+1","ClearTheMind+1","EmptyBody+1","Ragnarok+1","DevaForm+1","PathToVictory+1","LikeWater+1","SignatureMove","Ragnarok","Conclude"],"relics":["SacredBark","Letter Opener","Blood Vial","Toxic Egg 2","SlaversCollar","Sling","Red Mask","Eternal Feather","Busted Crown"],"acts_visited":["Exordium","TheCity","TheBeyond"],"potions_floor_usage":[13,14,18,18,24,27,33,33,33,35,36],"damage_taken":[{"damage":6,"enemies":"2 Louse","floor":1,"turns":3},{"damage":14,"enemies":"Small Slimes","floor":2,"turns":2},{"damage":11,"enemies":"Jaw Worm","floor":3,"turns":2},{"damage":12,"enemies":"Gremlin Nob","floor":6,"turns":3},{"damage":7,"enemies":"3 Louse","floor":7,"turns":3},{"damage":1,"enemies":"2 Fungi Beasts","floor":8,"turns":4},{"damage":8,"enemies":"Large Slime","floor":10,"turns":3},{"damage":14,"enemies":"Lagavulin","floor":13,"turns":7},{"damage":0,"enemies":"Lots of Slimes","floor":14,"turns":1},{"damage":22,"enemies":"Slime Boss","floor":16,"turns":6},{"damage":3,"enemies":"Shell Parasite","floor":18,"turns":8},{"damage":0,"enemies":"Chosen","floor":21,"turns":4},{"damage":15,"enemies":"Masked Bandits","floor":24,"turns":3},{"damage":8,"enemies":"Sentry and Sphere","floor":27,"turns":3},{"damage":44,"enemies":"Shelled Parasite and Fungi","floor":29,"turns":6},{"damage":24,"enemies":"Centurion and Healer","floor":31,"turns":7},{"damage":44,"enemies":"Champ","floor":33,"turns":9},{"damage":8,"enemies":"Orb Walker","floor":35,"turns":3},{"damage":43,"enemies":"3 Darklings","floor":36,"turns":5},{"damage":26,"enemies":"Transient","floor":37,"turns":3}],"seed_played":"3500939806152347680","potions_obtained":[{"floor":2,"key":"Dexterity Potion"},{"floor":6,"key":"Explosive Potion"},{"floor":10,"key":"ColorlessPotion"},{"floor":13,"key":"SneckoOil"},{"floor":14,"key":"SpeedPotion"},{"floor":21,"key":"Strength Potion"},{"floor":24,"key":"BottledMiracle"},{"floor":29,"key":"Fire Potion"},{"floor":31,"key":"SteroidPotion"},{"floor":33,"key":"StancePotion"},{"floor":35,"key":"BlessingOfTheForge"}],"is_trial":false,"path_per_floor":["M","M","M","?","$","E","M","M","T","M","$","R","E","M","R","B",null,"M","$","?","M","$","R","?","R","T","M","R","M","R","M","R","B",null,"M","M","M"],"character_chosen":"WATCHER","items_purchased":["WindmillStrike","Ragnarok","Sling","Ragnarok"],"campfire_rested":2,"item_purchase_floors":[5,11,19,22],"current_hp_per_floor":[66,52,41,41,41,29,22,21,21,15,15,36,24,26,26,6,72,69,69,69,71,71,71,57,57,57,51,63,21,33,11,47,5,72,64,23,0,0],"gold":224,"neow_bonus":"BOSS_RELIC","is_daily":false,"chose_seed":false,"campfire_upgraded":5,"win_rate":0.0,"timestamp":1609984459,"path_taken":["M","M","M","?","$","E","M","M","T","M","$","R","E","M","R","BOSS","M","$","?","M","$","R","?","R","T","M","R","M","R","M","R","BOSS","M","M","M"],"items_purchased_type":["Card","Card","Relic","Card"],"build_version":"2020-12-22","purchased_purges":0,"victory":false,"max_hp_per_floor":[72,72,72,72,72,72,72,72,72,72,72,72,72,72,72,72,72,72,72,72,72,72,72,72,72,72,72,72,72,72,72,72,72,72,72,72,72,72],"card_choices":[{"not_picked":["ClearTheMind","FollowUp"],"picked":"EmptyBody","floor":1},{"not_picked":["Weave","Worship"],"picked":"Conclude","floor":2},{"not_picked":["CrushJoints","Vengeance"],"picked":"ThirdEye","floor":3},{"not_picked":["Evaluate","JustLucky"],"picked":"SandsOfTime","floor":6},{"not_picked":["Prostrate","CrushJoints","JustLucky"],"picked":"SKIP","floor":7},{"not_picked":["Meditate","Swivel"],"picked":"SandsOfTime","floor":8},{"not_picked":["Halt","Protect"],"picked":"Swivel","floor":10},{"not_picked":["Fasting2","Consecrate","SashWhip"],"picked":"SKIP","floor":13},{"not_picked":["ConjureBlade+1","FollowUp","BowlingBash"],"picked":"SKIP","floor":14},{"not_picked":["Establishment","Wish+1"],"picked":"Ragnarok","floor":16},{"not_picked":["BowlingBash","Evaluate+1"],"picked":"ClearTheMind+1","floor":18},{"not_picked":["FollowUp","Halt+1"],"picked":"EmptyBody+1","floor":21},{"not_picked":["ThirdEye+1","CrushJoints"],"picked":"DevaForm","floor":24},{"not_picked":["Prostrate+1","BattleHymn"],"picked":"PathToVictory+1","floor":27},{"not_picked":["BowlingBash+1","Worship+1"],"picked":"LikeWater+1","floor":29},{"not_picked":["FlurryOfBlows","Prostrate+1"],"picked":"SignatureMove","floor":31},{"not_picked":["Brilliance","DeusExMachina+1"],"picked":"Ragnarok","floor":33},{"not_picked":["SashWhip"],"picked":"SKIP","floor":35},{"not_picked":[],"picked":"Conclude","floor":36}],"player_experience":256188,"relics_obtained":[{"floor":6,"key":"Letter Opener"},{"floor":9,"key":"Blood Vial"},{"floor":13,"key":"Toxic Egg 2"},{"floor":24,"key":"Red Mask"},{"floor":26,"key":"Eternal Feather"}],"event_choices":[{"cards_removed":["Strike_P"],"damage_healed":0,"gold_gain":0,"player_choice":"Card Removal","damage_taken":0,"max_hp_gain":0,"max_hp_loss":0,"event_name":"The Cleric","floor":4,"gold_loss":50},{"damage_healed":0,"gold_gain":0,"player_choice":"Ignored","damage_taken":0,"max_hp_gain":0,"max_hp_loss":0,"event_name":"Ghosts","floor":20,"gold_loss":0},{"damage_healed":0,"gold_gain":0,"player_choice":"Fought Bandits","damage_taken":0,"max_hp_gain":0,"max_hp_loss":0,"event_name":"Masked Bandits","floor":24,"gold_loss":0}],"is_beta":false,"boss_relics":[{"not_picked":["Sozu","Velvet Choker"],"picked":"SlaversCollar"},{"not_picked":["Black Star","Calling Bell"],"picked":"Busted Crown"}],"items_purged_floors":[],"is_endless":false,"potions_floor_spawned":[2,6,10,13,14,21,24,29,31,33,35],"killed_by":"Transient","ascension_level":1}}