{"host":"rk22m7e0pl8gmih8","time":1609994043,"event":{"mods":["ATMod(°¢èªMod)","Act Like it!","BaseMod","CapriCore","Gensokyo","Minty Spire (QoL Compilation)","Quick Restart","Remove Card Discount Mod","Replay The Spire","Shop Mod","StSLib","Td1madao Mod","The Immortal","UnlockEverythingMod"],"gold_per_floor":[118,118,132,185,200,225,101,111,162,194,208,208,208,221,221,221,221,221],"floor_reached":16,"playtime":1151,"items_purged":["MokouMod:Strike","MokouMod:Defend","MokouMod:Strike","MokouMod:Defend"],"score":112,"play_id":"a181ed3c-5f8f-4a5a-a9dd-b7580a50d8dd","local_time":"20210107123403","is_ascension_mode":false,"campfire_choices":[{"floor":15.0,"key":"REST"}],"circlet_count":0,"master_deck":["MokouMod:Strike","MokouMod:Strike","MokouMod:Strike","MokouMod:Defend","MokouMod:Defend","MokouMod:HeatSpark","MokouMod:IgneousBlow","MokouMod:FlareStarter","MokouMod:ControlledCombustion","MokouMod:Rekindle","MokouMod:Overheat","MokouMod:ThermalPressure","MokouMod:ResonanceReactor","MokouMod:RisingSunBarrier","MokouMod:ResonanceReactor","MokouMod:Firecracker"],"relics":["MokouMod:PhoenixFeather","AT_ATBox","NeowsBlessing","PreservedInsect","MealTicket","Incense Burner","ReplayTheSpireMod:Ring of Challenge","Ring of Panic"],"acts_visited":["Exordium"],"potions_floor_usage":[16],"damage_taken":[{"damage":0.0,"enemies":"2 Louse","floor":1.0,"turns":1.0},{"damage":0.0,"enemies":"Cultist","floor":3.0,"turns":1.0},{"damage":0.0,"enemies":"Small Slimes","floor":5.0,"turns":1.0},{"damage":34.0,"enemies":"Gremlin Nob","floor":6.0,"turns":5.0},{"damage":30.0,"enemies":"Gremlin Gang","floor":8.0,"turns":4.0},{"damage":10.0,"enemies":"Lagavulin","floor":10.0,"turns":7.0},{"damage":8.0,"enemies":"Exordium Thugs","floor":11.0,"turns":6.0},{"damage":6.0,"enemies":"Exordium Wildlife","floor":14.0,"turns":6.0},{"damage":3,"enemies":"Slime Boss","floor":16,"turns":7}],"seed_played":"-6774859654041486580","potions_obtained":[{"floor":1.0,"key":"Reflective Coating"},{"floor":3.0,"key":"FearPotion"},{"floor":10.0,"key":"Weak Potion"},{"floor":14.0,"key":"Elixir"}],"is_trial":false,"path_per_floor":["M","?","M","T","M","E","$","M","T","E","M","?","?","M","R","B"],"character_chosen":"MKU","items_purchased":["MokouMod:Overheat","MokouMod:ThermalPressure"],"campfire_rested":1,"item_purchase_floors":[7,7],"current_hp_per_floor":[75,75,75,75,75,41,56,26,26,16,8,8,8,2,24,21,21,21],"gold":221,"neow_bonus":"THREE_ENEMY_KILL","is_daily":false,"chose_seed":false,"campfire_upgraded":0,"win_rate":0.0,"timestamp":1609994043,"path_taken":["M","?","?","?","M","E","$","M","T","E","?","?","?","?","R","BOSS"],"items_purchased_type":["Card","Card"],"build_version":"2020-12-22","purchased_purges":4,"victory":false,"max_hp_per_floor":[75,75,75,75,75,75,75,75,75,75,75,75,75,75,75,75,75,75],"card_choices":[{"not_picked":["MokouMod:HeartofFire","MokouMod:ScorchingColumn"],"picked":"MokouMod:IgneousBlow","floor":1.0},{"not_picked":["MokouMod:Combust","MokouMod:FujiyamaVolcano"],"picked":"MokouMod:FlareStarter","floor":3.0},{"not_picked":["MokouMod:UncontrollableSolarReaction","MokouMod:BurningDraft"],"picked":"MokouMod:ControlledCombustion","floor":5.0},{"not_picked":["MokouMod:FujiyamaVolcano","MokouMod:Meltdown"],"picked":"MokouMod:Rekindle","floor":6.0},{"not_picked":["MokouMod:RoaringFlare","MokouMod:ScorchingColumn"],"picked":"MokouMod:ResonanceReactor","floor":8.0},{"not_picked":["MokouMod:FlareStarter","MokouMod:Stoke"],"picked":"MokouMod:RisingSunBarrier","floor":10.0},{"not_picked":["MokouMod:InfernalWave","MokouMod:SearingShot"],"picked":"MokouMod:ResonanceReactor","floor":11.0},{"not_picked":["MokouMod:TemporalFireSeal","MokouMod:ControlledCombustion"],"picked":"MokouMod:Firecracker","floor":14.0}],"player_experience":71453,"relics_obtained":[{"floor":4.0,"key":"PreservedInsect"},{"floor":6.0,"key":"MealTicket"},{"floor":10.0,"key":"Incense Burner"},{"floor":12.0,"key":"ReplayTheSpireMod:Ring of Challenge"},{"floor":12.0,"key":"Ring of Panic"}],"event_choices":[{"damage_healed":0.0,"max_hp_gain":0.0,"max_hp_loss":0.0,"gold_gain":0.0,"event_name":"Match and Keep!","player_choice":"0 cards matched","floor":2.0,"gold_loss":0.0,"damage_taken":0.0,"cards_obtained":[]},{"cards_removed":["Doubt"],"damage_healed":0.0,"max_hp_gain":0.0,"max_hp_loss":0.0,"gold_gain":0.0,"event_name":"Fountain of Cleansing","player_choice":"Removed Curses","floor":13.0,"gold_loss":0.0,"damage_taken":0.0}],"is_beta":false,"boss_relics":[],"items_purged_floors":[7,7,7,7],"is_endless":false,"potions_floor_spawned":[1,3,10,14],"killed_by":"Slime Boss","ascension_level":0}}