{"host":"9n6i2vl93jt4o42q","time":1609985120,"event":{"mods":["BaseMod","Downfall","Minty Spire (QoL Compilation)","Relic Stats","StSLib"],"gold_per_floor":[0,15,25,25,125,125,177,188,217,217,244,19,31,181,193,295,295,295,295,395,59,70,70,70,70,100,100,99,124,186,202,220,319,319,319,334,346,363,57,75,143,193,243,243,305,310,310,320,332,332,332,357,70,70,70],"floor_reached":56,"playtime":6939,"items_purged":["Slimebound:Icky","Guardian:Gem_Fragmented"],"score":1603,"play_id":"a3021060-7300-4ad4-a87e-aa69c9d204d2","local_time":"20210107030520","is_ascension_mode":true,"campfire_choices":[{"data":"Guardian:TwinSlam","floor":1,"key":"SMITH"},{"floor":6,"key":"RECALL"},{"data":"Guardian:TimeSifter","floor":12,"key":"SMITH"},{"data":"Guardian:SentryBeam","floor":18,"key":"SMITH"},{"data":"Apotheosis","floor":23,"key":"SMITH"},{"data":"Guardian:RevengeProtocol","floor":25,"key":"SMITH"},{"data":"Guardian:Planning","floor":44,"key":"SMITH"},{"floor":47,"key":"REST"},{"data":"Guardian:BronzeArmor","floor":54,"key":"SMITH"}],"circlet_count":0,"master_deck":["Guardian:CurlUp","Guardian:TwinSlam+1","Guardian:TimeSifter+1","Guardian:Reroute+1","Guardian:Planning+1","Guardian:Recover","Guardian:AncientConstruct","Guardian:FastForward","Guardian:Recover","Guardian:Clone","Guardian:Harden","Guardian:RevengeProtocol+1","Guardian:SentryBeam+1","Guardian:FastForward","Guardian:PrimingBeam+1","Guardian:VentSteam","Guardian:DonusPower","Guardian:ArmoredProtocol","Apotheosis+1","Guardian:EvasiveProtocol","Guardian:PrismaticBarrier","Guardian:FloatingOrbs","Guardian:PrimingBeam","Guardian:PiercingHide","Guardian:TemporalShield","Guardian:ChargeUp","Guardian:Repulse+1","Guardian:TemporalShield+1","Guardian:Reroute+1","Guardian:BronzeArmor+1"],"relics":["Guardian:ModeShifter","Guardian:PickAxe","Ancient Tea Set","Eternal Feather","downfall:HeartBlessingGreen","downfall:HeartBlessingRed","downfall:HeartBlessingBlue","Pandora\u0027s Box","downfall:CloakOfManyFaces","CultistMask","FaceOfCleric","NlothsMask","GremlinMask","SsserpentHead","Guardian:GemstoneGun","Whetstone","SacredBark","Calipers","Kunai","Centennial Puzzle","HandDrill","Mercury Hourglass","StoneCalendar"],"acts_visited":["Exordium","TheCity","TheBeyond","TheEnding"],"potions_floor_usage":[11,26,45],"damage_taken":[{"damage":2,"enemies":"Jaw Worm","floor":2,"turns":4},{"damage":0,"enemies":"Cultist","floor":3,"turns":3},{"damage":11,"enemies":"Cultist","floor":4,"turns":6},{"damage":4,"enemies":"2 Louse","floor":8,"turns":3},{"damage":14,"enemies":"Gremlin Nob","floor":9,"turns":4},{"damage":6,"enemies":"Lagavulin","floor":11,"turns":6},{"damage":2,"enemies":"Exordium Wildlife","floor":13,"turns":3},{"damage":11,"enemies":"Exordium Thugs","floor":15,"turns":4},{"damage":23,"enemies":"downfall:Ironclad","floor":16,"turns":14},{"damage":0,"enemies":"Chosen","floor":19,"turns":1},{"damage":2,"enemies":"downfall:FaceTrader","floor":20,"turns":10},{"damage":0,"enemies":"downfall:FleeingMerchant","floor":21,"turns":4},{"damage":9,"enemies":"Snake Plant","floor":22,"turns":4},{"damage":9,"enemies":"Slavers","floor":26,"turns":5},{"damage":0,"enemies":"downfall:FleeingMerchant","floor":28,"turns":4},{"damage":0,"enemies":"Book of Stabbing","floor":29,"turns":5},{"damage":11,"enemies":"Shelled Parasite and Fungi","floor":30,"turns":5},{"damage":17,"enemies":"Centurion and Healer","floor":31,"turns":6},{"damage":13,"enemies":"Snecko","floor":32,"turns":5},{"damage":13,"enemies":"downfall:Silent","floor":33,"turns":6},{"damage":4,"enemies":"3 Shapes","floor":36,"turns":4},{"damage":2,"enemies":"Orb Walker","floor":37,"turns":4},{"damage":11,"enemies":"Transient","floor":38,"turns":5},{"damage":8,"enemies":"downfall:FleeingMerchant","floor":39,"turns":4},{"damage":23,"enemies":"Writhing Mass","floor":40,"turns":6},{"damage":34,"enemies":"4 Shapes","floor":45,"turns":4},{"damage":5,"enemies":"downfall:FleeingMerchant","floor":46,"turns":4},{"damage":0,"enemies":"3 Darklings","floor":48,"turns":7},{"damage":8,"enemies":"Spire Growth","floor":49,"turns":6},{"damage":0,"enemies":"downfall:Watcher","floor":50,"turns":7},{"damage":3,"enemies":"downfall:CharBossMerchant","floor":52,"turns":7},{"damage":9,"enemies":"downfall:NeowBoss","floor":55,"turns":19}],"seed_played":"-4652728398275227710","potions_obtained":[{"floor":2,"key":"DuplicationPotion"},{"floor":13,"key":"Fire Potion"},{"floor":16,"key":"Block Potion"},{"floor":20,"key":"hexamod:EctoCoolerPotion"},{"floor":32,"key":"champ:CounterPotion"},{"floor":48,"key":"hexamod:EctoCoolerPotion"},{"floor":52,"key":"Strength Potion"}],"is_trial":false,"path_per_floor":["R","M","M","?","?","R","T","M","E","?","E","R","M","?","M","B",null,"R","M","?","$","M","R","T","R","E","R","$","E","M","M","M","B",null,"R","M","M","M","$","M","T","?","?","R","M","$","R","M","M","B",null,"E","$","R","B",null],"character_chosen":"GUARDIAN","items_purchased":["Guardian:ArmoredProtocol","Apotheosis","Guardian:EvasiveProtocol","Calipers","Centennial Puzzle","HandDrill","StoneCalendar"],"campfire_rested":1,"item_purchase_floors":[21,21,28,39,46,46,53],"current_hp_per_floor":[72,70,70,53,53,53,53,49,35,35,29,45,43,43,32,9,70,79,79,77,78,70,82,82,92,84,93,94,95,85,69,57,45,86,99,96,95,85,78,56,56,56,56,74,41,37,86,87,80,81,102,100,100,110,102],"gold":70,"neow_bonus":"THREE_RARE_CARDS","is_daily":false,"chose_seed":false,"campfire_upgraded":7,"win_rate":0.0,"timestamp":1609985120,"path_taken":["R","M","M","?","?","R","T","?","E","?","E","R","M","?","M","BOSS","R","M","?","$","M","R","T","R","E","R","?","E","?","M","M","BOSS","R","M","M","M","$","M","T","?","?","R","?","?","R","M","M","BOSS","E","$","R","BOSS"],"items_purchased_type":["Card","Card","Card","Relic","Relic","Relic","Relic"],"build_version":"2020-12-22","purchased_purges":2,"victory":true,"max_hp_per_floor":[80,80,80,80,80,80,80,80,80,80,80,90,90,90,90,90,90,90,90,90,91,92,92,92,92,93,93,94,95,96,97,98,99,99,99,100,101,102,103,104,104,104,104,104,105,106,106,107,108,109,109,110,110,110,111],"relic_stats":{"SsserpentHead":300,"Centennial Puzzle":[9],"FaceOfCleric":21,"counters":[32,179],"Eternal Feather":105,"Pandora\u0027s Box":["Guardian:Recover","Guardian:Clone","Guardian:Harden","Guardian:RevengeProtocol","Guardian:SentryBeam","Guardian:Gem_Blue","Guardian:Gem_Purple","Guardian:FastForward"],"StoneCalendar":[0],"HandDrill":[20],"Whetstone":["Guardian:Reroute","Guardian:PrimingBeam"],"Kunai":[27],"obtain_stats":[{"Calipers":39,"downfall:HeartBlessingRed":12,"Guardian:GemstoneGun":26,"SacredBark":34,"Guardian:ModeShifter":0,"Eternal Feather":11,"downfall:HeartBlessingGreen":12,"GremlinMask":20,"StoneCalendar":53,"Whetstone":29,"Ancient Tea Set":9,"Mercury Hourglass":52,"Guardian:PickAxe":4,"SsserpentHead":20,"Centennial Puzzle":46,"downfall:BrokenWingStatue":10,"FaceOfCleric":20,"downfall:HeartBlessingBlue":12,"Pandora\u0027s Box":17,"CultistMask":20,"downfall:CloakOfManyFaces":20,"HandDrill":46,"Kunai":41,"NlothsMask":20},{"Calipers":24,"downfall:HeartBlessingRed":6,"Guardian:GemstoneGun":14,"SacredBark":20,"Guardian:ModeShifter":0,"Eternal Feather":6,"downfall:HeartBlessingGreen":6,"GremlinMask":11,"StoneCalendar":31,"Whetstone":16,"Ancient Tea Set":5,"Mercury Hourglass":31,"Guardian:PickAxe":3,"SsserpentHead":11,"Centennial Puzzle":27,"downfall:BrokenWingStatue":5,"FaceOfCleric":11,"downfall:HeartBlessingBlue":6,"Pandora\u0027s Box":9,"CultistMask":11,"downfall:CloakOfManyFaces":11,"HandDrill":27,"Kunai":25,"NlothsMask":11},{"Calipers":119,"downfall:HeartBlessingRed":26,"Guardian:GemstoneGun":71,"SacredBark":102,"Guardian:ModeShifter":0,"Eternal Feather":26,"downfall:HeartBlessingGreen":26,"GremlinMask":58,"StoneCalendar":160,"Whetstone":80,"Ancient Tea Set":20,"Mercury Hourglass":160,"Guardian:PickAxe":13,"SsserpentHead":58,"Centennial Puzzle":133,"downfall:BrokenWingStatue":20,"FaceOfCleric":58,"downfall:HeartBlessingBlue":26,"Pandora\u0027s Box":47,"CultistMask":58,"downfall:CloakOfManyFaces":58,"HandDrill":133,"Kunai":125,"NlothsMask":58}],"Mercury Hourglass":[48]},"card_choices":[{"not_picked":["Guardian:GemFinder","Guardian:FierceBash"],"picked":"Guardian:TimeSifter","floor":0},{"not_picked":["Guardian:PrismaticBarrier","Guardian:VentSteam"],"picked":"Guardian:Gem_Yellow","floor":2},{"not_picked":["Guardian:TemporalStrike","Guardian:VentSteam"],"picked":"Guardian:Reroute","floor":3},{"not_picked":["Guardian:Gem_Cyan","Guardian:RollAttack"],"picked":"Guardian:Planning","floor":8},{"not_picked":["Guardian:Gem_Red","Guardian:HyperBeam_Guardian"],"picked":"Guardian:Recover","floor":9},{"not_picked":["Guardian:RollAttack","Guardian:CrystalBeam","Guardian:Reroute"],"picked":"SKIP","floor":11},{"not_picked":["Guardian:Reroute","Guardian:Incinerate"],"picked":"Guardian:AncientConstruct","floor":13},{"not_picked":["Guardian:Recover","Guardian:RollAttack","Guardian:PrimingBeam"],"picked":"SKIP","floor":15},{"not_picked":["Guardian:GemFire","Guardian:FierceBash"],"picked":"Guardian:FastForward","floor":16},{"not_picked":["Guardian:Gem_Lightblue","Guardian:Incinerate"],"picked":"Guardian:PrimingBeam","floor":19},{"not_picked":["Guardian:Preprogram","Guardian:Gem_Green"],"picked":"Guardian:VentSteam","floor":20},{"not_picked":["Guardian:WalkerClaw","Guardian:PrismaticBeam"],"picked":"Guardian:DonusPower","floor":21},{"not_picked":["Guardian:Gem_Cyan","Guardian:SentryBeam"],"picked":"Guardian:Gem_White","floor":22},{"not_picked":["Guardian:Recover","Guardian:RollAttack+1","Guardian:Gem_Lightblue"],"picked":"SKIP","floor":26},{"not_picked":["Guardian:Suspension","Guardian:CrystalBeam+1","Guardian:TimeSifter"],"picked":"SKIP","floor":28},{"not_picked":["Guardian:Gem_Purple","Guardian:VentSteam"],"picked":"Guardian:PrismaticBarrier","floor":29},{"not_picked":["Guardian:RollAttack+1","Guardian:Recover"],"picked":"Guardian:FloatingOrbs","floor":30},{"not_picked":["Guardian:Incinerate+1","Guardian:ChargeCore"],"picked":"Guardian:PrimingBeam","floor":31},{"not_picked":["Guardian:VentSteam+1","Guardian:CrystalBeam"],"picked":"Guardian:PiercingHide","floor":32},{"not_picked":["Guardian:TimeSifter","Guardian:HyperBeam_Guardian"],"picked":"Guardian:Gem_Orange","floor":33},{"not_picked":["Guardian:Gem_Blue","Guardian:WalkerClaw+1"],"picked":"Guardian:TemporalShield","floor":36},{"not_picked":["Guardian:Harden","Guardian:Gem_Yellow"],"picked":"Guardian:ChargeUp","floor":37},{"not_picked":["Guardian:GuardianWhirl+1","Guardian:TemporalStrike"],"picked":"Guardian:Repulse+1","floor":38},{"not_picked":["Guardian:WalkerClaw","Guardian:AncientConstruct"],"picked":"Guardian:TemporalShield+1","floor":39},{"not_picked":["Guardian:Planning+1","Guardian:PrimingBeam+1"],"picked":"Guardian:Gem_Green","floor":40},{"not_picked":["Guardian:RefractedBeam+1","Guardian:Gem_Cyan"],"picked":"Guardian:Reroute+1","floor":45},{"not_picked":["Guardian:SphericShield","Guardian:FuturePlans","Guardian:Reroute+1"],"picked":"SKIP","floor":46},{"not_picked":["Guardian:Reroute+1","Guardian:Gem_Green"],"picked":"Guardian:BronzeArmor","floor":48},{"not_picked":["Guardian:Planning+1","Guardian:Gem_Fragmented","Guardian:RollAttack"],"picked":"SKIP","floor":49},{"not_picked":["Guardian:Recover+1","Guardian:Gem_Green","Guardian:Gem_Synthetic"],"picked":"SKIP","floor":52}],"player_experience":2190107,"relics_obtained":[{"floor":9,"key":"Ancient Tea Set"},{"floor":11,"key":"Eternal Feather"},{"floor":20,"key":"downfall:CloakOfManyFaces"},{"floor":26,"key":"Guardian:GemstoneGun"},{"floor":29,"key":"Whetstone"},{"floor":41,"key":"Kunai"},{"floor":52,"key":"Mercury Hourglass"}],"event_choices":[],"is_beta":false,"boss_relics":[{"not_picked":["Black Star","SlaversCollar"],"picked":"Pandora\u0027s Box"},{"not_picked":["Astrolabe","Runic Pyramid"],"picked":"SacredBark"}],"items_purged_floors":[21,46],"is_endless":false,"potions_floor_spawned":[2,4,13,16,20,22,32,33,38,40,48,52],"ascension_level":7}}