{"host":"3ikutf0nfngyhvfs","time":1609982756,"event":{"mods":["AchievementEnabler","BaseMod","Downfall","Minty Spire (QoL Compilation)","StSLib","The Cursed"],"gold_per_floor":[99,118,118,118,130,149,173,173,187,213,213,11,29,61,71,166,166,16,33,43,57,68,101,124,124,124,143,162,187,17,37,53,155,155,80,100,28,41,53,53,53,53,72,72,72,103,103,157,171,171,171,197,50,50,50],"floor_reached":56,"playtime":8622,"items_purged":["Pain"],"score":1358,"play_id":"f72da90f-3143-4be2-9498-fd82faf4a9a6","local_time":"20210106192556","is_ascension_mode":true,"campfire_choices":[{"floor":1.0,"key":"RECALL"},{"data":"champ:Balance","floor":8.0,"key":"SMITH"},{"data":"champ:IronFortress","floor":18.0,"key":"SMITH"},{"data":"champ:IronFortress","floor":25.0,"key":"SMITH"},{"data":"champ:Aggression","floor":35.0,"key":"SMITH"},{"data":"champ:Control","floor":40.0,"key":"SMITH"},{"data":"champ:HoldFirm","floor":42,"key":"SMITH"},{"data":"champ:HoldFirm","floor":45,"key":"SMITH"},{"data":"champ:ViciousMockery","floor":47,"key":"SMITH"},{"data":"champ:ShieldWall","floor":54,"key":"SMITH"}],"circlet_count":0,"master_deck":["champ:Strike","champ:Strike","champ:Strike","champ:Strike","champ:Defend","champ:Defend","champ:Defend","champ:Execute","champ:Taunt","champ:Balance+1","champ:ViciousMockery+1","champ:RecklessLeap","champ:Aggression+1","champ:Lariat","champ:ShieldWall+1","champ:IronFortress+1","champ:LastStand","champ:Shatter","champ:SteelEdge","champ:IronFortress+1","champ:Backstep+1","champ:RisingSlash","champ:Control+1","champ:Lariat+1","champ:GladiatorStyle+1","champ:RecklessLeap","champ:HoldFirm+1","champ:CalledShot+1","champ:TornadoPunch+1","champ:HoldFirm+1","champ:ShieldWall+1","expansioncontent:CaCaw+1","champ:StanceDance+1","expansioncontent:DefensiveStance+1"],"relics":["Black Star","champ:LiftRelic","Blood Vial","Art of War","Ice Cream","WarpedTongs","Pen Nib","champ:DefensiveTrainingManual","Coffee Dripper","downfall:HeartBlessingGreen","downfall:HeartBlessingRed","Ornamental Fan","Lantern","Frozen Egg 2","SlaversCollar","downfall:HeartBlessingBlue","Turnip","HornCleat","Ancient Tea Set","Meat on the Bone","TungstenRod","Shuriken","Oddly Smooth Stone","Medical Kit"],"acts_visited":["Exordium","TheCity","TheBeyond","TheEnding"],"potions_floor_usage":[43,43,48,52,55,55],"damage_taken":[{"damage":19.0,"enemies":"Cultist","floor":2.0,"turns":5.0},{"damage":0.0,"enemies":"2 Louse","floor":5.0,"turns":1.0},{"damage":11.0,"enemies":"Jaw Worm","floor":6.0,"turns":3.0},{"damage":22.0,"enemies":"Blue Slaver","floor":9.0,"turns":4.0},{"damage":30.0,"enemies":"3 Sentries","floor":10.0,"turns":5.0},{"damage":13.0,"enemies":"downfall:FleeingMerchant","floor":12.0,"turns":4.0},{"damage":29.0,"enemies":"Exordium Thugs","floor":13.0,"turns":4.0},{"damage":17.0,"enemies":"Gremlin Nob","floor":14.0,"turns":3.0},{"damage":13.0,"enemies":"Gremlin Gang","floor":15.0,"turns":4.0},{"damage":37.0,"enemies":"downfall:Ironclad","floor":16.0,"turns":8.0},{"damage":52.0,"enemies":"3 Byrds","floor":19.0,"turns":6.0},{"damage":5.0,"enemies":"Shell Parasite","floor":20.0,"turns":4.0},{"damage":38.0,"enemies":"Snake Plant","floor":21.0,"turns":3.0},{"damage":12.0,"enemies":"Snecko","floor":22.0,"turns":3.0},{"damage":44.0,"enemies":"Gremlin Leader","floor":23.0,"turns":7.0},{"damage":24.0,"enemies":"Centurion and Healer","floor":27.0,"turns":4.0},{"damage":20.0,"enemies":"Sentry and Sphere","floor":28.0,"turns":3.0},{"damage":62.0,"enemies":"Slavers","floor":29.0,"turns":5.0},{"damage":30.0,"enemies":"downfall:FleeingMerchant","floor":30.0,"turns":4.0},{"damage":15.0,"enemies":"Snecko","floor":31.0,"turns":4.0},{"damage":46.0,"enemies":"Centurion and Healer","floor":32.0,"turns":8.0},{"damage":20.0,"enemies":"downfall:Silent","floor":33.0,"turns":7.0},{"damage":4.0,"enemies":"3 Shapes","floor":36.0,"turns":5.0},{"damage":15.0,"enemies":"downfall:FleeingMerchant","floor":37.0,"turns":4.0},{"damage":44.0,"enemies":"3 Darklings","floor":38.0,"turns":4.0},{"damage":70.0,"enemies":"Spire Growth","floor":39.0,"turns":4.0},{"damage":47,"enemies":"Transient","floor":43,"turns":5},{"damage":30,"enemies":"Nemesis","floor":46,"turns":7},{"damage":21,"enemies":"2 Orb Walkers","floor":48,"turns":4},{"damage":20,"enemies":"Sphere and 2 Shapes","floor":49,"turns":6},{"damage":42,"enemies":"downfall:Watcher","floor":50,"turns":8},{"damage":62,"enemies":"downfall:CharBossMerchant","floor":52,"turns":10},{"damage":84,"enemies":"downfall:NeowBoss","floor":55,"turns":19}],"seed_played":"-7363755937751298642","potions_obtained":[{"floor":5.0,"key":"Fire Potion"},{"floor":14.0,"key":"champ:CounterPotion"},{"floor":15.0,"key":"FearPotion"},{"floor":21.0,"key":"Regen Potion"},{"floor":22.0,"key":"SteroidPotion"},{"floor":28.0,"key":"SteroidPotion"},{"floor":29.0,"key":"Strength Potion"},{"floor":32.0,"key":"Strength Potion"},{"floor":38.0,"key":"CultistPotion"},{"floor":39.0,"key":"Explosive Potion"},{"floor":43,"key":"Weak Potion"},{"floor":46,"key":"Slimebound:ThreeZeroPotion"},{"floor":52,"key":"ColorlessPotion"}],"is_trial":false,"path_per_floor":["R","M","?","?","M","M","T","R","M","E","?","$","M","E","M","B",null,"R","M","M","M","M","E","T","R","?","M","M","E","$","M","M","B",null,"R","M","$","M","M","R","T","R","M","?","R","E","R","?","M","B",null,"E","$","R","B",null],"character_chosen":"THE_CHAMP","items_purchased":["champ:IronFortress","champ:FightOn","champ:HoldFirm","champ:CalledShot+1","Turnip","expansioncontent:CaCaw+1","Medical Kit"],"campfire_rested":0,"item_purchase_floors":[12,12,30,30,37,37,53],"current_hp_per_floor":[90,81,81,81,81,75,75,75,70,65,65,65,48,38,37,17,90,90,76,78,57,53,46,46,46,46,48,50,36,38,40,47,39,95,105,105,105,102,82,82,82,82,82,82,82,84,84,80,85,105,105,110,110,110,110],"gold":50,"neow_bonus":"BOSS_RELIC","is_daily":false,"chose_seed":false,"campfire_upgraded":9,"win_rate":0.0,"timestamp":1609982756,"path_taken":["R","M","?","?","M","M","T","R","?","E","?","$","?","E","M","BOSS","R","M","M","M","M","E","T","R","?","M","M","E","$","M","M","BOSS","R","M","$","M","M","R","T","R","M","?","R","E","R","?","M","BOSS","E","$","R","BOSS"],"items_purchased_type":["Card","Card","Card","Card","Relic","Card","Relic"],"build_version":"2020-12-22","purchased_purges":1,"victory":true,"max_hp_per_floor":[90,90,90,90,90,90,90,90,90,90,90,90,90,90,90,90,90,90,90,90,90,90,90,90,90,90,90,90,90,90,90,95,95,95,105,105,105,105,105,105,105,105,105,105,105,105,105,105,105,105,105,110,110,110,110],"card_choices":[{"not_picked":["champ:BladeFlurry","champ:Haymaker"],"picked":"champ:Balance","floor":2.0},{"not_picked":["champ:TornadoPunch","champ:GladiatorsShout"],"picked":"champ:ViciousMockery","floor":5.0},{"not_picked":["champ:BerserkerStyle","champ:GladiatorsShout"],"picked":"champ:RecklessLeap","floor":6.0},{"not_picked":["champ:PreciseThrust","champ:BladeFlurry"],"picked":"champ:Aggression","floor":9.0},{"not_picked":["champ:TornadoPunch","champ:RapidStrikes"],"picked":"champ:Lariat","floor":10.0},{"not_picked":["champ:FlashCut","champ:StanceDance"],"picked":"champ:ShieldWall","floor":12.0},{"not_picked":["champ:TornadoPunch","champ:DefensiveShout","champ:Balance"],"picked":"SKIP","floor":13.0},{"not_picked":["champ:TornadoPunch","champ:BerserkersShout"],"picked":"champ:LastStand","floor":14.0},{"not_picked":["champ:BerserkersShout","champ:Haymaker"],"picked":"champ:Shatter","floor":15.0},{"not_picked":["champ:Devastate","champ:PerfectForm"],"picked":"champ:SteelEdge","floor":16.0},{"not_picked":["champ:CrookedStrike","champ:PerfectedStrike"],"picked":"champ:IronFortress","floor":19.0},{"not_picked":["champ:FightOn","champ:DeathBlow+1"],"picked":"champ:Backstep+1","floor":20.0},{"not_picked":["champ:DefensiveShout+1","champ:Haymaker","champ:BringItOn"],"picked":"SKIP","floor":21.0},{"not_picked":["champ:BladeFlurry","champ:FocusedDefense","champ:Lariat"],"picked":"SKIP","floor":22.0},{"not_picked":["champ:SteelEdge","champ:Backstep"],"picked":"champ:RisingSlash","floor":23.0},{"not_picked":["champ:FanOfKnives+1","champ:PerfectedStrike"],"picked":"champ:Control","floor":27.0},{"not_picked":["champ:BladeFlurry+1","champ:GutPunch"],"picked":"champ:Lariat+1","floor":28.0},{"not_picked":["champ:MurderStrike","champ:FanOfKnives"],"picked":"champ:GladiatorStyle+1","floor":29.0},{"not_picked":["champ:AdrenalArmor","champ:Backstep"],"picked":"champ:RecklessLeap","floor":30.0},{"not_picked":["champ:StanceDance","champ:RisingSlash","champ:AdrenalArmor"],"picked":"SKIP","floor":31.0},{"not_picked":["champ:BladeFlurry+1","champ:Haymaker"],"picked":"champ:TornadoPunch+1","floor":32.0},{"not_picked":["champ:CheapShot","champ:Devastate"],"picked":"champ:HoldFirm","floor":33.0},{"not_picked":["champ:GladiatorsShout","champ:FocusedDefense"],"picked":"champ:ShieldWall+1","floor":36.0},{"not_picked":["champ:TornadoPunch+1","champ:BringItOn","champ:BladeFlurry+1"],"picked":"SKIP","floor":37.0},{"not_picked":["champ:TornadoPunch","champ:Circumvent+1","champ:DefensiveShout"],"picked":"SKIP","floor":38.0},{"not_picked":["champ:AdrenalArmor","champ:FanOfKnives+1"],"picked":"champ:StanceDance+1","floor":39.0},{"not_picked":["champ:FlashCut+1","champ:CrookedStrike","champ:CalledShot+1"],"picked":"SKIP","floor":43},{"not_picked":["expansioncontent:YouAreMine","expansioncontent:LastStand+1"],"picked":"expansioncontent:DefensiveStance+1","floor":44},{"not_picked":["champ:GutPunch","champ:Encircle","champ:Haymaker"],"picked":"SKIP","floor":46},{"not_picked":["champ:FanOfKnives+1","champ:ShieldThrow"],"picked":"champ:FightOn","floor":49},{"not_picked":["champ:Backstep+1","champ:GladiatorsShout+1","champ:DefensiveShout"],"picked":"SKIP","floor":52}],"player_experience":430873,"relics_obtained":[{"floor":7.0,"key":"Blood Vial"},{"floor":10.0,"key":"Art of War"},{"floor":10.0,"key":"Ice Cream"},{"floor":14.0,"key":"Pen Nib"},{"floor":14.0,"key":"champ:DefensiveTrainingManual"},{"floor":23.0,"key":"Ornamental Fan"},{"floor":29.0,"key":"Lantern"},{"floor":29.0,"key":"Frozen Egg 2"},{"floor":41.0,"key":"HornCleat"},{"floor":46,"key":"Ancient Tea Set"},{"floor":46,"key":"Meat on the Bone"},{"floor":48,"key":"TungstenRod"},{"floor":52,"key":"Shuriken"},{"floor":52,"key":"Oddly Smooth Stone"}],"event_choices":[{"cards_removed":["champ:Defend"],"damage_healed":0.0,"max_hp_gain":0.0,"max_hp_loss":0.0,"gold_gain":0.0,"event_name":"Bonfire Elementals","player_choice":"Offered Basic","floor":4.0,"gold_loss":0.0,"damage_taken":0.0},{"damage_healed":0.0,"max_hp_gain":0.0,"max_hp_loss":0.0,"gold_gain":0.0,"event_name":"Accursed Blacksmith","player_choice":"Rummage","floor":11.0,"gold_loss":0.0,"damage_taken":0.0,"relics_obtained":["WarpedTongs"],"cards_obtained":["Pain"]},{"damage_healed":0,"gold_gain":0,"player_choice":"Fight","damage_taken":0,"max_hp_gain":0,"max_hp_loss":0,"event_name":"Mysterious Sphere","floor":48,"gold_loss":0}],"is_beta":false,"boss_relics":[{"not_picked":["Empty Cage","Cursed Key"],"picked":"Coffee Dripper"},{"not_picked":["Fusion Hammer","Velvet Choker"],"picked":"SlaversCollar"}],"items_purged_floors":[12],"is_endless":false,"potions_floor_spawned":[5,14,15,21,22,28,29,32,38,39,43,46,52],"ascension_level":1}}