{"host":"0azimyi6n3ugndj4","time":1609984697,"event":{"mods":["2.2 Compatiblity","BaseMod","Bestiary","Conspire","Curses Come First","Defuse TimeMaze Blight","Hermit","Hubris","Hyrulean Relics","Infinite Spire","Jorbs\u0027s Wanderer Trilogy","Minty Spire (QoL Compilation)","Relic Stats","Replay The Spire","StSLib","SuperFastMode","The Cursed","The Hierophant","Uncapped","¡¼?Úª?ø«¡½REMEMod"],"gold_per_floor":[114,114,127,148,148,148,73,73,73,108,122,122,122,72,72,72,72],"floor_reached":16,"playtime":2940,"items_purged":["Defend_G","Defend_G"],"score":221,"play_id":"36d3728b-ef5d-444d-93c6-e1a2a661476a","local_time":"20210107105817","daily_mods":["Specialized","Colorless Cards","Terminal"],"is_ascension_mode":true,"campfire_choices":[{"data":"Immolate","floor":6,"key":"SMITH"},{"data":"Blade Dance","floor":12,"key":"SMITH"},{"data":"Dagger Throw","floor":15,"key":"SMITH"}],"circlet_count":0,"master_deck":["AscendersBane","Strike_G","Strike_G","Strike_G","Strike_G","Defend_G","Defend_G","Defend_G","Survivor","Neutralize","Bandage Up","Bandage Up","Bandage Up","Bandage Up","Bandage Up","Immolate+1","Deadly Poison","hubris:SlightOfHand","Blade Dance+1","Survey Options","Dagger Throw+1","Chrysalis","Neutralize"],"relics":["Ring of the Snake","REME_ComplimentaryCards","Golden Idol","Smiling Mask","Replay:Towering Pillar of Hats"],"acts_visited":["Exordium"],"potions_floor_usage":[16,16],"damage_taken":[{"damage":0,"enemies":"Small Slimes","floor":1,"turns":3},{"damage":3,"enemies":"Cultist","floor":3,"turns":5},{"damage":0,"enemies":"2 Louse","floor":4,"turns":3},{"damage":15,"enemies":"3 Sentries","floor":10,"turns":5},{"damage":7,"enemies":"Exordium Wildlife","floor":11,"turns":3},{"damage":74,"enemies":"Slime Boss","floor":16,"turns":10}],"seed_played":"-2947749192538251638","potions_obtained":[{"floor":10,"key":"Fruit Juice"},{"floor":11,"key":"Fire Potion"}],"is_trial":true,"path_per_floor":["M","?","M","M","?","R","$","?","T","E","M","R","?","$","R","B"],"character_chosen":"THE_SILENT","items_purchased":[],"campfire_rested":0,"item_purchase_floors":[],"current_hp_per_floor":[64,42,59,61,60,59,58,62,61,50,55,55,55,55,55,0,0],"gold":72,"neow_bonus":"","is_daily":false,"chose_seed":false,"campfire_upgraded":3,"win_rate":0.0,"timestamp":1609984697,"path_taken":["M","?","M","M","?","R","?","?","T","E","?","R","?","?","R","BOSS"],"items_purchased_type":[],"build_version":"2020-12-22","purchased_purges":2,"victory":false,"max_hp_per_floor":[64,63,62,61,60,59,58,62,61,60,59,58,57,56,55,60,60],"relic_stats":{"counters":[6,29],"Golden Idol":17,"Smiling Mask":50,"obtain_stats":[{"Replay:Towering Pillar of Hats":10,"Golden Idol":2,"Smiling Mask":9,"Ring of the Snake":0,"REME_ComplimentaryCards":0},{"Replay:Towering Pillar of Hats":4,"Golden Idol":1,"Smiling Mask":3,"Ring of the Snake":0,"REME_ComplimentaryCards":0},{"Replay:Towering Pillar of Hats":16,"Golden Idol":3,"Smiling Mask":11,"Ring of the Snake":0,"REME_ComplimentaryCards":0}],"Ring of the Snake":[12]},"card_choices":[{"not_picked":["Prepared","Slice"],"picked":"Deadly Poison","floor":1},{"not_picked":["Dodge and Roll","Replay:Sssssssssshield"],"picked":"hubris:SlightOfHand","floor":3},{"not_picked":["Deflect","Flying Knee"],"picked":"Blade Dance","floor":4},{"not_picked":["Dodge and Roll","Riddle With Holes"],"picked":"Survey Options","floor":10},{"not_picked":["Bouncing Flask","Well Laid Plans"],"picked":"Dagger Throw","floor":11}],"player_experience":1569792,"relics_obtained":[{"floor":9,"key":"Smiling Mask"},{"floor":10,"key":"Replay:Towering Pillar of Hats"}],"event_choices":[{"damage_healed":0,"gold_gain":0,"player_choice":"Take Damage","damage_taken":22,"relics_obtained":["Golden Idol"],"max_hp_gain":0,"max_hp_loss":0,"event_name":"Golden Idol","floor":2,"gold_loss":0},{"damage_healed":0,"gold_gain":0,"player_choice":"Donut","damage_taken":0,"max_hp_gain":5,"max_hp_loss":0,"event_name":"Big Fish","floor":8,"gold_loss":0},{"damage_healed":0,"gold_gain":0,"player_choice":"2 cards matched","damage_taken":0,"max_hp_gain":0,"max_hp_loss":0,"event_name":"Match and Keep!","floor":13,"gold_loss":0,"cards_obtained":["Chrysalis","Neutralize"]}],"is_beta":false,"boss_relics":[],"items_purged_floors":[7,14],"is_endless":false,"potions_floor_spawned":[10,11],"killed_by":"Slime Boss","ascension_level":20}}