{"host":"Yuki","time":1609989763,"event":{"mods":["AchievementEnabler","BaseMod","Block Reminder","Colored Map","Colored Powertips","Googly Eyes","Highlight Path","Minty Spire (QoL Compilation)","Permanent Neow","Quick Restart","Random Character Button","Random Character Mod","Relic Stats","StSLib","The Wild Card","everything is the same but u backflip on backflip","slay the spire mod where everything is the same but ironclad has a cowboy hat"],"gold_per_floor":[114,187,202,215,235,235,265,275,275,293,293,293,243,268,268,268,268],"floor_reached":16,"playtime":688,"items_purged":[],"score":143,"play_id":"59f6ce7b-105f-402e-a2eb-f5488a0619ac","local_time":"20210106212243","is_ascension_mode":true,"campfire_choices":[{"data":"Neutralize","floor":6,"key":"SMITH"},{"floor":11,"key":"REST"},{"data":"theWildCard:Polydeuces","floor":15,"key":"SMITH"}],"circlet_count":0,"master_deck":["Strike_G","Strike_G","Strike_G","Defend_G","Defend_G","Defend_G","Defend_G","Defend_G","Survivor","Neutralize+1","Choke","Sucker Punch","Leg Sweep","Quick Slash","Cloak And Dagger","Deflect","Slice","theWildCard:Polydeuces+1"],"relics":["Ring of the Snake","Strawberry","HornCleat","Dream Catcher"],"acts_visited":["Exordium"],"potions_floor_usage":[16],"damage_taken":[{"damage":3,"enemies":"Cultist","floor":1,"turns":4},{"damage":0,"enemies":"2 Louse","floor":3,"turns":4},{"damage":1,"enemies":"Jaw Worm","floor":4,"turns":4},{"damage":0,"enemies":"Looter","floor":5,"turns":4},{"damage":54,"enemies":"Gremlin Nob","floor":7,"turns":7},{"damage":1,"enemies":"2 Fungi Beasts","floor":8,"turns":7},{"damage":3,"enemies":"Exordium Wildlife","floor":10,"turns":7},{"damage":35,"enemies":"Hexaghost","floor":16,"turns":16}],"seed_played":"-6257654549385434253","potions_obtained":[{"floor":4,"key":"Poison Potion"},{"floor":7,"key":"Dexterity Potion"},{"floor":8,"key":"SteroidPotion"}],"is_trial":false,"path_per_floor":["M","?","M","M","M","R","E","M","T","M","R","?","?","T","R","B"],"character_chosen":"THE_SILENT","items_purchased":[],"campfire_rested":1,"item_purchase_floors":[],"current_hp_per_floor":[60,60,60,59,59,59,12,11,11,8,31,31,31,31,31,0,0],"gold":268,"neow_bonus":"TRANSFORM_CARD","is_daily":false,"chose_seed":false,"campfire_upgraded":2,"win_rate":0.0,"timestamp":1609989763,"path_taken":["M","?","M","M","M","R","E","M","T","M","R","?","?","?","R","BOSS"],"items_purchased_type":[],"build_version":"2020-12-18","purchased_purges":0,"victory":false,"max_hp_per_floor":[70,70,70,70,70,70,77,77,77,77,77,77,77,77,77,77,77],"relic_stats":{"Dream Catcher":0,"counters":[8,53],"obtain_stats":[{"Dream Catcher":14,"HornCleat":9,"Strawberry":7,"Ring of the Snake":0},{"Dream Catcher":7,"HornCleat":6,"Strawberry":5,"Ring of the Snake":0},{"Dream Catcher":37,"HornCleat":30,"Strawberry":23,"Ring of the Snake":0}],"Ring of the Snake":[16]},"card_choices":[{"not_picked":["Masterful Stab","Catalyst"],"picked":"Sucker Punch","floor":1},{"not_picked":["Accuracy","Dodge and Roll"],"picked":"Leg Sweep","floor":3},{"not_picked":["Dagger Spray","Calculated Gamble"],"picked":"Quick Slash","floor":4},{"not_picked":["Burst","Bane","Dagger Spray"],"picked":"SKIP","floor":5},{"not_picked":["Wraith Form v2","Underhanded Strike"],"picked":"Cloak And Dagger","floor":7},{"not_picked":["Blade Dance","Quick Slash"],"picked":"Deflect","floor":8},{"not_picked":["Poisoned Stab","Outmaneuver"],"picked":"Slice","floor":10}],"player_experience":1256230,"relics_obtained":[{"floor":7,"key":"Strawberry"},{"floor":9,"key":"HornCleat"},{"floor":14,"key":"Dream Catcher"}],"event_choices":[{"damage_healed":0,"gold_gain":73,"player_choice":"Gained Gold","damage_taken":0,"max_hp_gain":0,"max_hp_loss":0,"event_name":"Golden Wing","floor":2,"gold_loss":0},{"cards_removed":["Strike_G"],"damage_healed":0,"gold_gain":0,"player_choice":"Card Removal","damage_taken":0,"max_hp_gain":0,"max_hp_loss":0,"event_name":"The Cleric","floor":13,"gold_loss":50}],"is_beta":true,"boss_relics":[],"items_purged_floors":[],"is_endless":false,"potions_floor_spawned":[4,7,8],"killed_by":"Hexaghost","ascension_level":8}}