{"host":"FirstDane","time":1609988049,"event":{"mods":["BaseMod","Bestiary","Highlight Path","Minty Spire (QoL Compilation)","Relic Stats","Slay the Relics Exporter"],"gold_per_floor":[159,171,185,203,278,278,309,309,309,309,319,319,352,366,366,366,366],"floor_reached":16,"playtime":1216,"items_purged":[],"score":224,"play_id":"f3ab170c-1526-4092-b24f-0b695ec7aa76","local_time":"20210106205409","is_ascension_mode":true,"campfire_choices":[{"data":"Hemokinesis","floor":6,"key":"SMITH"},{"floor":8,"key":"REST"},{"data":"Flex","floor":10,"key":"SMITH"},{"data":"Disarm","floor":15,"key":"SMITH"}],"circlet_count":0,"master_deck":["AscendersBane","Strike_R","Strike_R","Strike_R","Strike_R","Strike_R","Defend_R+1","Defend_R","Defend_R","Defend_R","Bash","Sword Boomerang","Hemokinesis+1","Flex+1","Fiend Fire","Rupture","Disarm+1","Pummel","Offering"],"relics":["Tiny House","Nunchaku","Eternal Feather","Ornamental Fan"],"acts_visited":["Exordium"],"potions_floor_usage":[14,16,16],"damage_taken":[{"damage":1,"enemies":"Cultist","floor":1,"turns":3},{"damage":8,"enemies":"Jaw Worm","floor":2,"turns":3},{"damage":5,"enemies":"2 Louse","floor":3,"turns":2},{"damage":4,"enemies":"Large Slime","floor":4,"turns":4},{"damage":28,"enemies":"3 Sentries","floor":7,"turns":8},{"damage":7,"enemies":"2 Fungi Beasts","floor":11,"turns":4},{"damage":12,"enemies":"Lagavulin","floor":13,"turns":5},{"damage":29,"enemies":"Exordium Wildlife","floor":14,"turns":6},{"damage":18,"enemies":"Hexaghost","floor":16,"turns":9}],"seed_played":"-4303073618272755882","potions_obtained":[{"floor":0,"key":"Dexterity Potion"},{"floor":4,"key":"GamblersBrew"},{"floor":13,"key":"Fruit Juice"},{"floor":14,"key":"LiquidMemories"}],"is_trial":false,"path_per_floor":["M","M","M","M","?","R","E","R","T","R","M","?","E","M","R","B"],"character_chosen":"IRONCLAD","items_purchased":[],"campfire_rested":1,"item_purchase_floors":[],"current_hp_per_floor":[72,64,59,55,44,44,16,40,40,49,42,42,30,6,15,0,0],"gold":366,"neow_bonus":"BOSS_RELIC","is_daily":false,"chose_seed":false,"campfire_upgraded":3,"win_rate":0.0,"timestamp":1609988049,"path_taken":["M","M","?","M","?","R","E","R","T","R","M","?","E","M","R","BOSS"],"items_purchased_type":[],"build_version":"2020-12-18","purchased_purges":0,"victory":false,"max_hp_per_floor":[80,80,80,80,80,80,80,80,80,80,80,80,80,85,85,85,85],"relic_stats":{"Nunchaku":[3],"counters":[9,44],"Ornamental Fan":[16],"Eternal Feather":18,"obtain_stats":[{"Nunchaku":7,"Tiny House":0,"Ornamental Fan":13,"Eternal Feather":9,"Burning Blood":0},{"Nunchaku":5,"Tiny House":0,"Ornamental Fan":7,"Eternal Feather":5,"Burning Blood":0},{"Nunchaku":20,"Tiny House":0,"Ornamental Fan":29,"Eternal Feather":20,"Burning Blood":0}]},"card_choices":[{"not_picked":["True Grit","Warcry"],"picked":"Sword Boomerang","floor":0},{"not_picked":["Shrug It Off","Pommel Strike"],"picked":"Hemokinesis","floor":1},{"not_picked":["Bloodletting","Dark Embrace"],"picked":"Flex","floor":2},{"not_picked":["Wild Strike","Thunderclap"],"picked":"Fiend Fire","floor":3},{"not_picked":["Body Slam","Twin Strike"],"picked":"Rupture","floor":4},{"not_picked":["Headbutt","Shrug It Off"],"picked":"Disarm","floor":7},{"not_picked":["Thunderclap","Pommel Strike"],"picked":"Pummel","floor":11},{"not_picked":["Shrug It Off","Warcry"],"picked":"Offering","floor":13},{"not_picked":["Perfected Strike","Anger","Thunderclap"],"picked":"SKIP","floor":14}],"player_experience":3862791,"relics_obtained":[{"floor":7,"key":"Nunchaku"},{"floor":9,"key":"Eternal Feather"},{"floor":13,"key":"Ornamental Fan"}],"event_choices":[{"damage_healed":0,"gold_gain":75,"player_choice":"Gather Gold","damage_taken":11,"max_hp_gain":0,"max_hp_loss":0,"event_name":"World of Goop","floor":5,"gold_loss":0},{"damage_healed":0,"gold_gain":0,"player_choice":"Fled","damage_taken":0,"max_hp_gain":0,"max_hp_loss":0,"event_name":"Scrap Ooze","floor":12,"gold_loss":0}],"is_beta":true,"boss_relics":[],"items_purged_floors":[],"is_endless":false,"potions_floor_spawned":[4,13,14],"killed_by":"Hexaghost","ascension_level":20}}