{"host":"ds28d883r3sz42zs","time":1609985654,"event":{"mods":["2.2 Compatiblity","AchievementEnabler","Act Like it!","BaseMod","Bestiary","Better Match","Better Sensory Stone","Better Third Choice","Better-Laid Plans","BetterRewards","Block Reminder","Challenge The Spire","Colored Map","Colored Powertips","DeckTracker","Defuse TimeMaze Blight","Disable Question Mark Monsters","Displayed Cursed Tome","Emptier Cage","GifTheSpireLib","Gold Saver","Hallownest","Infinite Spire","Minty Spire (QoL Compilation)","Permanent Neow","Practice Mode","Quick Restart","Random Character Button","Rare Cards Sparkle","Relic Filter","Relic Sorter","Relic Stats","SacredBarkPlus","Shop Mod","StSLib","SuperFastMode","The Bug Knight","Uncapped","Unknown Chances"],"gold_per_floor":[118,118,136,152,152,152,167,167,167,42,42,86,111,150,150,243,243,258,183,183,201,251,251,278,278,278,294,327,327,327,252,252,323,323,334,389,289,304,304,304,304],"floor_reached":40,"playtime":933,"items_purged":["Zap+1","Doom and Gloom+1","Gash+1"],"score":753,"play_id":"61425d02-2d13-471e-8a55-50673ec4f7e0","local_time":"20210106211414","is_ascension_mode":true,"campfire_choices":[{"data":"Doom and Gloom","floor":6,"key":"SMITH"},{"data":"Self Repair","floor":8,"key":"SMITH"},{"data":"Sweeping Beam","floor":15,"key":"SMITH"},{"data":"Gash","floor":23,"key":"SMITH"},{"data":"Gash","floor":25,"key":"SMITH"},{"data":"Gash","floor":30,"key":"SMITH"},{"data":"Compile Driver","floor":32,"key":"SMITH"}],"circlet_count":0,"master_deck":["AscendersBane","Self Repair+1","Gash+1","Reprogram+1","Sweeping Beam+1","Gash+1","Compile Driver+1","Echo Form","Chill+1","Sweeping Beam+1","Hyperbeam+1","Hologram+1"],"relics":["Coffee Dripper","Bloody Idol","Symbiotic Virus","Eternal Feather","Mercury Hourglass","Gambling Chip","Pandora\u0027s Box","Du-Vu Doll","Blood Vial","HollowMod:QueensCombRelic","Astrolabe","WingedGreaves"],"acts_visited":["Exordium","TheCity","TheBeyond"],"potions_floor_usage":[],"damage_taken":[{"damage":5,"enemies":"Cultist","floor":1,"turns":4},{"damage":0,"enemies":"Jaw Worm","floor":3,"turns":3},{"damage":0,"enemies":"Small Slimes","floor":4,"turns":2},{"damage":6,"enemies":"Looter","floor":7,"turns":3},{"damage":17,"enemies":"Gremlin Nob","floor":12,"turns":4},{"damage":20,"enemies":"Exordium Wildlife","floor":13,"turns":3},{"damage":5,"enemies":"3 Sentries","floor":14,"turns":3},{"damage":32,"enemies":"Hexaghost","floor":16,"turns":8},{"damage":6,"enemies":"3 Byrds","floor":18,"turns":2},{"damage":12,"enemies":"Chosen","floor":21,"turns":3},{"damage":41,"enemies":"Slavers","floor":24,"turns":3},{"damage":10,"enemies":"Snecko","floor":27,"turns":3},{"damage":15,"enemies":"Nightmare","floor":28,"turns":4},{"damage":39,"enemies":"Collector","floor":33,"turns":5},{"damage":29,"enemies":"3 Darklings","floor":35,"turns":4},{"damage":28,"enemies":"2 Orb Walkers","floor":36,"turns":2},{"damage":17,"enemies":"3 Shapes","floor":38,"turns":2},{"damage":54,"enemies":"Nightmare","floor":40,"turns":5}],"seed_played":"-8672667063557402963","potions_obtained":[{"floor":1,"key":"BlessingOfTheForge"},{"floor":4,"key":"FairyPotion"}],"is_trial":false,"path_per_floor":["M","?","M","M","?","R","M","R","T","?","T","E","M","E","R","B",null,"M","$","?","M","?","R","E","R","T","M","NM","AVR","R","?","R","B",null,"M","?","$","M","?","NM"],"character_chosen":"DEFECT","items_purchased":[],"campfire_rested":0,"item_purchase_floors":[],"current_hp_per_floor":[59,38,38,45,45,45,46,46,46,46,46,39,29,34,43,21,53,57,57,57,60,64,64,38,44,44,51,42,42,42,42,42,18,36,38,19,19,23,23,0,0],"gold":304,"neow_bonus":"BOSS_RELIC","is_daily":false,"chose_seed":false,"campfire_upgraded":7,"win_rate":0.0,"timestamp":1609985654,"path_taken":["M","?","M","M","?","R","M","R","T","?","?","E","?","E","R","BOSS","M","$","?","M","?","R","E","R","T","M","NM","AVR","R","?","R","BOSS","M","?","$","M","?","NM"],"items_purchased_type":[],"build_version":"2020-12-22","purchased_purges":3,"victory":false,"max_hp_per_floor":[71,71,71,71,64,64,64,64,64,64,64,64,64,64,64,64,64,64,64,64,64,64,64,64,64,64,64,42,42,42,42,42,42,42,42,42,42,42,40,40,40],"relic_stats":{"Blood Vial":12,"counters":[18,63],"Bloody Idol":44,"Gambling Chip":[18],"Astrolabe":["Chill","Sweeping Beam","Hyperbeam"],"Eternal Feather":15,"Pandora\u0027s Box":["Chaos","Hologram","Sweeping Beam","Capacitor","Turbo","Hologram","Electrodynamics","FTL"],"obtain_stats":[{"HollowMod:QueensCombRelic":28,"Golden Idol":5,"Astrolabe":34,"Eternal Feather":11,"Mercury Hourglass":12,"Du-Vu Doll":24,"Blood Vial":26,"Gambling Chip":14,"Bloody Idol":20,"Pandora\u0027s Box":17,"WingedGreaves":36,"Coffee Dripper":0,"Cracked Core":0,"Symbiotic Virus":9},{"HollowMod:QueensCombRelic":13,"Golden Idol":3,"Astrolabe":14,"Eternal Feather":4,"Mercury Hourglass":5,"Du-Vu Doll":11,"Blood Vial":11,"Gambling Chip":7,"Bloody Idol":9,"Pandora\u0027s Box":8,"WingedGreaves":16,"Coffee Dripper":0,"Cracked Core":0,"Symbiotic Virus":4},{"HollowMod:QueensCombRelic":45,"Golden Idol":9,"Astrolabe":50,"Eternal Feather":12,"Mercury Hourglass":16,"Du-Vu Doll":38,"Blood Vial":38,"Gambling Chip":22,"Bloody Idol":32,"Pandora\u0027s Box":30,"WingedGreaves":56,"Coffee Dripper":0,"Cracked Core":0,"Symbiotic Virus":12}],"Mercury Hourglass":[194]},"card_choices":[{"not_picked":["Conserve Battery","Turbo"],"picked":"Doom and Gloom","floor":1},{"not_picked":["Sunder","Loop"],"picked":"Self Repair","floor":3},{"not_picked":["Streamline","Hello World"],"picked":"Gash","floor":4},{"not_picked":["Turbo","Double Energy"],"picked":"Ball Lightning","floor":7},{"not_picked":["Rip and Tear+1","Self Repair+1"],"picked":"Reprogram+1","floor":10},{"not_picked":["Tempest+1","Double Energy+1"],"picked":"Consume+1","floor":10},{"not_picked":["Chaos","Go for the Eyes"],"picked":"Sweeping Beam","floor":12},{"not_picked":["Conserve Battery","Sweeping Beam"],"picked":"Gash","floor":13},{"not_picked":["Coolheaded","Creative AI","Cold Snap"],"picked":"SKIP","floor":14},{"not_picked":["Cold Snap","Rebound+1","Chill"],"picked":"SKIP","floor":18},{"not_picked":["Lockon","Barrage"],"picked":"Gash","floor":21},{"not_picked":["Loop","Doom and Gloom","Double Energy"],"picked":"SKIP","floor":24},{"not_picked":["Barrage","Streamline+1"],"picked":"Compile Driver","floor":27},{"not_picked":["Rainbow","Conserve Battery"],"picked":"Gash+1","floor":28},{"not_picked":["Thunder Strike","Hyperbeam"],"picked":"Echo Form","floor":33},{"not_picked":["Cold Snap","Barrage","Self Repair"],"picked":"SKIP","floor":35},{"not_picked":["Conserve Battery","Seek"],"picked":"Hologram+1","floor":36},{"not_picked":["Chaos","Turbo+1","Rebound"],"picked":"SKIP","floor":38}],"player_experience":760918,"relics_obtained":[{"floor":9,"key":"Symbiotic Virus"},{"floor":11,"key":"Eternal Feather"},{"floor":12,"key":"Mercury Hourglass"},{"floor":14,"key":"Gambling Chip"},{"floor":24,"key":"Du-Vu Doll"},{"floor":26,"key":"Blood Vial"},{"floor":28,"key":"HollowMod:QueensCombRelic"},{"floor":36,"key":"WingedGreaves"}],"event_choices":[{"damage_healed":59,"gold_gain":0,"player_choice":"Upgrade","damage_taken":21,"max_hp_gain":0,"max_hp_loss":71,"event_name":"betterThird:BetterShining","floor":2,"gold_loss":0,"cards_upgraded":["Defend_B","Zap"]},{"damage_healed":0,"gold_gain":0,"player_choice":"Lose Max HP","damage_taken":0,"relics_obtained":["Golden Idol"],"max_hp_gain":0,"max_hp_loss":7,"event_name":"Golden Idol","floor":5,"gold_loss":0},{"damage_healed":0,"gold_gain":0,"player_choice":"2","damage_taken":0,"max_hp_gain":0,"max_hp_loss":0,"event_name":"betterMatch:BetterMatch","floor":10,"gold_loss":0,"cards_obtained":["betterMatch:UncommonCard","betterMatch:UncommonCard"]},{"damage_healed":0,"gold_gain":0,"player_choice":"Gave Idol","damage_taken":0,"relics_obtained":["Bloody Idol"],"max_hp_gain":0,"max_hp_loss":0,"event_name":"Forgotten Altar","floor":20,"relics_lost":["Golden Idol"],"gold_loss":0},{"damage_healed":0,"gold_gain":50,"player_choice":"Steal","damage_taken":0,"max_hp_gain":0,"max_hp_loss":0,"event_name":"betterThird:BetterNest","floor":22,"gold_loss":0},{"cards_removed":["Dualcast"],"damage_healed":0,"gold_gain":0,"player_choice":"Gave Gold","damage_taken":0,"max_hp_gain":0,"max_hp_loss":0,"event_name":"Beggar","floor":31,"gold_loss":75},{"damage_healed":0,"gold_gain":0,"player_choice":"Fight","damage_taken":0,"max_hp_gain":0,"max_hp_loss":0,"event_name":"Mysterious Sphere","floor":36,"gold_loss":0},{"damage_healed":0,"gold_gain":0,"player_choice":"Max HP","damage_taken":0,"max_hp_gain":0,"max_hp_loss":2,"event_name":"Winding Halls","floor":39,"gold_loss":0}],"is_beta":false,"boss_relics":[{"not_picked":["Black Star","Fusion Hammer"],"picked":"Pandora\u0027s Box"},{"not_picked":["Inserter","infinitespire:Cupcake"],"picked":"Astrolabe"}],"items_purged_floors":[19,29,37],"is_endless":false,"potions_floor_spawned":[1,4,12,18,24,33,35],"killed_by":"Nightmare","ascension_level":15}}