{"host":"qihv10mixs26xc23","time":1609991444,"event":{"mods":["AchievementEnabler","BaseMod","BetterRewards","Downfall","Googly Eyes","Hermit","Minty Spire (QoL Compilation)","Replay The Spire","Shop Mod","StSLib","The Marked"],"gold_per_floor":[114,129,54,69,69,99,99,99,124,24,24,54,54,54,54,154,154,169,169,112,212,227,257,257,257,257,287,317,20,50,80,80,180,180,195,210,60,60,60,90,50,50,50,80,80,95,95,95,95,95],"floor_reached":49,"playtime":2029,"items_purged":["Defend_P","Defend_P","Parasite","Defend_P"],"score":716,"play_id":"acd936f9-cb43-4db9-811a-045d5acf48db","local_time":"20210106225044","daily_mods":["Heirloom","Flight","Elite Swarm"],"is_ascension_mode":false,"campfire_choices":[{"floor":7,"key":"REST"},{"floor":11,"key":"REST"},{"data":"Looming Evil","floor":15,"key":"PURGE"},{"floor":24,"key":"REST"},{"data":"Blasphemy","floor":25,"key":"SMITH"},{"floor":32,"key":"REST"},{"floor":42,"key":"REST"},{"floor":45,"key":"REST"}],"circlet_count":0,"master_deck":["Eruption","Vigilance","FlurryOfBlows","FollowUp","ThirdEye","DeusExMachina+1","Blasphemy+1","Conclude","Slimebound:Tackle+1","Slimebound:Tackle+1","Slimebound:Tackle+1","Tantrum+1","FlurryOfBlows","Brilliance","Replay:AllIn","Scrawl","Consecrate","Secret Weapon","Deep Breath+1","Flash of Steel","Vault","DevaForm","Wallop+1","Crescendo","DeusExMachina"],"relics":["PureWater","Pondfish Scales","Shuriken","Ring of Panic","Ring of Hypnosis","Potion Belt","Replay:Accelerometer","Sozu","Divine Protection","Lantern","StrikeDummy","Vajra","ReplayTheSpireMod:ShopPack","Yang","Guardian:GemstoneGun","sneckomod:SneckoTalon","The Courier","Pantograph","Replay:Bottled Snecko","Counterbalance"],"acts_visited":["Exordium","TheCity","TheBeyond"],"potions_floor_usage":[12,16,49,49],"damage_taken":[{"damage":8,"enemies":"Jaw Worm","floor":1,"turns":3},{"damage":2,"enemies":"2 Louse","floor":2,"turns":3},{"damage":0,"enemies":"Cultist","floor":4,"turns":2},{"damage":38,"enemies":"Replay:BlueRogue","floor":6,"turns":4},{"damage":28,"enemies":"Lagavulin","floor":12,"turns":3},{"damage":0,"enemies":"Slime Boss","floor":16,"turns":5},{"damage":0,"enemies":"Chosen","floor":18,"turns":4},{"damage":11,"enemies":"2 Thieves","floor":22,"turns":2},{"damage":10,"enemies":"Replay:Snechameleon","floor":23,"turns":2},{"damage":20,"enemies":"Slavers","floor":27,"turns":3},{"damage":0,"enemies":"Replay:Snechameleon","floor":28,"turns":2},{"damage":0,"enemies":"Gremlin Leader","floor":30,"turns":3},{"damage":45,"enemies":"Book of Stabbing","floor":31,"turns":4},{"damage":1,"enemies":"Champ","floor":33,"turns":4},{"damage":20,"enemies":"3 Shapes","floor":35,"turns":3},{"damage":0,"enemies":"Orb Walker","floor":36,"turns":1},{"damage":0,"enemies":"R_Hoarder","floor":40,"turns":4},{"damage":23,"enemies":"Nemesis","floor":44,"turns":4},{"damage":1,"enemies":"4 Shapes","floor":46,"turns":2},{"damage":96,"enemies":"Replay:Hell Engine","floor":49,"turns":4}],"seed_played":"8350349167999303424","potions_obtained":[{"floor":2,"key":"SteroidPotion"},{"floor":4,"key":"sneckomod:MuddlingPotion"},{"floor":6,"key":"Toxic Potion"},{"floor":12,"key":"Elixir"}],"is_trial":false,"path_per_floor":["M","M","$","M","?","E","R","?","T","$","R","E","?","?","R","B",null,"M","?","$","?","M","E","R","R","T","E","E","$","E","E","R","B",null,"M","M","$","T","?","E","?","R","T","E","R","M","?","?","B"],"character_chosen":"WATCHER","items_purchased":["Tantrum+1","Consecrate","ReplayTheSpireMod:ShopPack"],"campfire_rested":6,"item_purchase_floors":[20,29,29],"current_hp_per_floor":[64,62,62,62,55,17,38,38,38,38,59,31,31,49,49,49,72,72,72,72,72,61,51,72,72,72,52,52,52,52,7,27,26,69,49,49,49,49,49,49,49,69,69,46,66,65,65,65,0,0],"gold":95,"neow_bonus":"","is_daily":true,"chose_seed":false,"campfire_upgraded":1,"win_rate":0.0,"timestamp":1609991444,"path_taken":["M","M","$","M","?","E","R","?","T","$","R","E","?","?","R","BOSS","M","?","$","?","M","E","R","R","T","E","E","$","E","E","R","BOSS","M","M","$","?","?","E","?","R","T","E","R","?","?","?","BOSS"],"items_purchased_type":["Card","Card","Relic"],"build_version":"2020-12-22","purchased_purges":4,"victory":false,"max_hp_per_floor":[72,72,72,72,72,72,72,72,72,72,72,72,72,72,72,72,72,72,72,72,72,72,72,72,72,72,72,72,69,69,69,69,69,69,69,69,69,69,69,69,69,69,69,69,69,69,69,69,69,69],"card_choices":[{"not_picked":["SashWhip","Wireheading"],"picked":"FlurryOfBlows","floor":1},{"not_picked":["Replay:BluntJabs","BowlingBash"],"picked":"FollowUp","floor":2},{"not_picked":["Wallop","Prostrate"],"picked":"ThirdEye","floor":4},{"not_picked":["Scrawl","SpiritShield"],"picked":"DeusExMachina","floor":6},{"not_picked":["ConjureBlade","Replay:LoomingThreat"],"picked":"Blasphemy","floor":12},{"not_picked":["Prostrate","Weave"],"picked":"Conclude","floor":18},{"not_picked":["CutThroughFate","Prostrate"],"picked":"FlurryOfBlows","floor":22},{"not_picked":["SpiritShield","Blasphemy"],"picked":"Brilliance","floor":23},{"not_picked":["Alpha","Blasphemy"],"picked":"Replay:AllIn","floor":27},{"not_picked":["MasterReality","DeusExMachina"],"picked":"Scrawl","floor":28},{"not_picked":["expansioncontent:DashGenerateEvil","Chrysalis"],"picked":"Secret Weapon","floor":29},{"not_picked":["expansioncontent:LastStand","expansioncontent:PrepareCrush"],"picked":"Deep Breath","floor":29},{"not_picked":["Dark Shackles","Forethought"],"picked":"Flash of Steel","floor":29},{"not_picked":["DeusExMachina","Ragnarok"],"picked":"Vault","floor":30},{"not_picked":["Judgement","DeusExMachina"],"picked":"DevaForm","floor":31},{"not_picked":["JustLucky","Protect+1"],"picked":"Wallop+1","floor":35},{"not_picked":["Prostrate","Worship"],"picked":"Crescendo","floor":36},{"not_picked":["Replay:AllIn","DevaForm","ConjureBlade"],"picked":"SKIP","floor":40},{"not_picked":["Blasphemy","Ragnarok"],"picked":"DeusExMachina","floor":44},{"not_picked":["FollowUp","Replay:ManipulateFuture"],"picked":"FlurryOfBlows","floor":46}],"player_experience":70072,"relics_obtained":[{"floor":6,"key":"Shuriken"},{"floor":8,"key":"Ring of Panic"},{"floor":8,"key":"Ring of Hypnosis"},{"floor":9,"key":"Potion Belt"},{"floor":12,"key":"Replay:Accelerometer"},{"floor":23,"key":"Divine Protection"},{"floor":26,"key":"Lantern"},{"floor":27,"key":"StrikeDummy"},{"floor":28,"key":"Vajra"},{"floor":30,"key":"Yang"},{"floor":31,"key":"Guardian:GemstoneGun"},{"floor":38,"key":"The Courier"},{"floor":40,"key":"Pantograph"},{"floor":43,"key":"Replay:Bottled Snecko"},{"floor":44,"key":"Counterbalance"}],"event_choices":[{"cards_removed":["Defend_P"],"damage_healed":0,"gold_gain":0,"player_choice":"Card Removal","damage_taken":7,"max_hp_gain":0,"max_hp_loss":0,"event_name":"Golden Wing","floor":5,"gold_loss":0},{"damage_healed":18,"gold_gain":0,"player_choice":"Healed and dodged fight","damage_taken":0,"max_hp_gain":0,"max_hp_loss":0,"event_name":"Mushrooms","floor":14,"gold_loss":0,"cards_obtained":["Parasite"]},{"damage_healed":0,"gold_gain":100,"player_choice":"Pray","damage_taken":0,"max_hp_gain":0,"max_hp_loss":0,"event_name":"Golden Shrine","floor":21,"gold_loss":0},{"damage_healed":0,"gold_gain":0,"player_choice":"Upgraded Two","damage_taken":0,"max_hp_gain":0,"max_hp_loss":0,"event_name":"Designer","floor":41,"gold_loss":40,"cards_upgraded":["DeusExMachina","Deep Breath"]},{"cards_removed":["FlurryOfBlows"],"damage_healed":0,"gold_gain":0,"player_choice":"Removed Attack","damage_taken":0,"max_hp_gain":0,"max_hp_loss":0,"event_name":"Falling","floor":47,"gold_loss":0},{"damage_healed":0,"gold_gain":0,"player_choice":"Took Portal","damage_taken":0,"max_hp_gain":0,"max_hp_loss":0,"event_name":"SecretPortal","floor":48,"gold_loss":0}],"is_beta":false,"boss_relics":[{"not_picked":["ReplayTheSpireMod:DimensionalGlitch","Coffee Dripper"],"picked":"Sozu"},{"not_picked":["Calling Bell","Runic Dome"],"picked":"sneckomod:SneckoTalon"}],"items_purged_floors":[3,10,29,37],"is_endless":false,"potions_floor_spawned":[2,4,6,12,22,23,28,35,40,46],"killed_by":"Replay:Hell Engine","ascension_level":0}}