{"host":"ig7tc0uedzltt2sr","time":1609981174,"event":{"mods":["BaseMod","Better Twitch Integration","Block Reminder","Colored Map","Colored Powertips","Communication Mod","Current Relic Mod","GifTheSpireLib","HexUI Lib","Minty Spire (QoL Compilation)","Quick Restart","Random Character Button","Rare Cards Sparkle","Relic Sorter","Relic Stats","Slay the Relics Exporter","StSLib","SuperFastMode","Synergy Search","Twitch Decklist","Twitch Utils","everything is the same but u backflip on backflip","slay the spire mod where everything is the same but ironclad has a cowboy hat"],"gold_per_floor":[113,124,124,137,137,137,137],"floor_reached":6,"playtime":26,"items_purged":[],"score":36,"play_id":"9a75121c-1f2b-4e01-859c-e585f3644e88","local_time":"20210106165934","is_ascension_mode":false,"campfire_choices":[],"circlet_count":0,"master_deck":["Strike_R","Strike_R","Strike_R","Strike_R","Defend_R","Defend_R","Defend_R","Defend_R","Bash","Shockwave","Dark Embrace","Pain"],"relics":["Burning Blood","NeowsBlessing","WarpedTongs"],"acts_visited":["Exordium"],"potions_floor_usage":[],"damage_taken":[{"damage":0,"enemies":"Small Slimes","floor":1,"turns":1},{"damage":0,"enemies":"Cultist","floor":2,"turns":1},{"damage":0,"enemies":"2 Louse","floor":4,"turns":1},{"damage":120,"enemies":"Gremlin Nob","floor":6,"turns":7}],"seed_played":"-6057360600745447864","potions_obtained":[{"floor":1,"key":"FairyPotion"},{"floor":4,"key":"Energy Potion"}],"is_trial":false,"path_per_floor":["M","M","?","M","?","E"],"character_chosen":"IRONCLAD","items_purchased":[],"campfire_rested":0,"item_purchase_floors":[],"current_hp_per_floor":[80,80,80,80,80,0,0],"gold":137,"neow_bonus":"THREE_ENEMY_KILL","is_daily":false,"chose_seed":false,"campfire_upgraded":0,"win_rate":0.0,"timestamp":1609981174,"path_taken":["M","M","?","M","?","E"],"items_purchased_type":[],"build_version":"2020-12-22","purchased_purges":0,"victory":false,"max_hp_per_floor":[80,80,80,80,80,80,80],"relic_stats":{"counters":[4,10],"obtain_stats":[{"NeowsBlessing":0,"Burning Blood":0,"WarpedTongs":5},{"NeowsBlessing":0,"Burning Blood":0,"WarpedTongs":3},{"NeowsBlessing":0,"Burning Blood":0,"WarpedTongs":3}],"Burning Blood":0,"WarpedTongs":[7]},"card_choices":[{"not_picked":["Reckless Charge","Shrug It Off"],"picked":"Shockwave","floor":1},{"not_picked":["Feel No Pain","Sword Boomerang","Clash"],"picked":"SKIP","floor":2},{"not_picked":["Rupture","Body Slam"],"picked":"Dark Embrace","floor":4}],"player_experience":1434426,"relics_obtained":[],"event_choices":[{"cards_removed":["Strike_R"],"damage_healed":0,"gold_gain":0,"player_choice":"Forget","damage_taken":0,"max_hp_gain":0,"max_hp_loss":0,"event_name":"Living Wall","floor":3,"gold_loss":0},{"damage_healed":0,"gold_gain":0,"player_choice":"Rummage","damage_taken":0,"relics_obtained":["WarpedTongs"],"max_hp_gain":0,"max_hp_loss":0,"event_name":"Accursed Blacksmith","floor":5,"gold_loss":0,"cards_obtained":["Pain"]}],"is_beta":false,"boss_relics":[],"items_purged_floors":[],"is_endless":false,"potions_floor_spawned":[1,4],"killed_by":"Gremlin Nob","ascension_level":0}}