{"host":"34w8p723gpcx9kua","time":1610038689,"event":{"mods":["100% Spire Juice","AchievementEnabler","Act Like it!","BaseMod","Bestiary","ChefMod","Colored Map","Colored Powertips","Evolution","Googly Eyes","Hallownest","Minty Spire (QoL Compilation)","Prisma Mod","StSLib","The IronCluck","The Marked","Yakumo Yukari mod"],"gold_per_floor":[115,125,125,143,62,90,90,101,149,168,118,181,181,196,196,298,298,312,324,324,5,5,5,23,23,23,23,23,23,43,62,62,162,162,172,172,0,0,14,42,42,54,122,141,141,141,141,141,141,141],"floor_reached":51,"playtime":3330,"items_purged":[],"score":725,"play_id":"089bbd4e-2a03-4326-8794-d26e6827d146","local_time":"20210107165809","is_ascension_mode":false,"campfire_choices":[{"data":"theMarked:MaelstromOfLightning","floor":7,"key":"SMITH"},{"floor":15,"key":"REST"},{"data":"theMarked:StartUp","floor":23,"key":"SMITH"},{"floor":28,"key":"REST"},{"floor":32,"key":"REST"},{"data":"theMarked:Electrocute","floor":41,"key":"SMITH"},{"floor":47,"key":"REST"},{"data":"theMarked:HeightenedSenses","floor":49,"key":"SMITH"}],"circlet_count":0,"master_deck":["theMarked:Strike","theMarked:Strike","theMarked:Strike","theMarked:Strike","theMarked:Defend","theMarked:Defend","theMarked:Defend","theMarked:Defend","theMarked:SoldierOfQuellstein","theMarked:Electrify","theMarked:MaelstromOfLightning+1","theMarked:Electrocute+1","theMarked:StartUp+1","theMarked:HeightenedSenses","theMarked:ReduceFriction","theMarked:EnhanceMovement","theMarked:HeightenedSenses+1","theMarked:Aftermath","theMarked:EnhanceMovement","theMarked:MaelstromOfLightning+1","theMarked:Polarize","theMarked:TurnInvisible","theMarked:Polarize+1","theMarked:ChainLightning+1","theMarked:Panic+1","Doubt"],"relics":["theMarked:ArtifactOfAir","EVO:Axolotl","Pear","Vajra","Blood Vial","Lizard Tail","Philosopher\u0027s Stone","Bottled Flame","PreservedInsect","Shuriken","Black Star","Red Mask","Bottled Lightning","theMarked:Gun","Question Card"],"acts_visited":["Exordium","TheCity","TheBeyond"],"potions_floor_usage":[6,12,12,18,18,30,33,42,50,50],"damage_taken":[{"damage":0,"enemies":"Small Slimes","floor":1,"turns":3},{"damage":4,"enemies":"Cultist","floor":2,"turns":4},{"damage":0,"enemies":"2 Louse","floor":4,"turns":3},{"damage":12,"enemies":"3 Sentries","floor":6,"turns":5},{"damage":3,"enemies":"2 Fungi Beasts","floor":8,"turns":3},{"damage":0,"enemies":"Exordium Wildlife","floor":10,"turns":2},{"damage":11,"enemies":"Lagavulin Event","floor":12,"turns":4},{"damage":7,"enemies":"Blue Slaver","floor":14,"turns":5},{"damage":19,"enemies":"Slime Boss","floor":16,"turns":7},{"damage":22,"enemies":"3 Byrds","floor":18,"turns":3},{"damage":6,"enemies":"Chosen","floor":19,"turns":4},{"damage":20,"enemies":"Centurion and Healer","floor":24,"turns":6},{"damage":4,"enemies":"Shelled Parasite and Fungi","floor":30,"turns":5},{"damage":8,"enemies":"Snake Plant","floor":31,"turns":3},{"damage":37,"enemies":"Collector","floor":33,"turns":11},{"damage":19,"enemies":"Orb Walker","floor":35,"turns":4},{"damage":5,"enemies":"3 Shapes","floor":39,"turns":4},{"damage":21,"enemies":"Nemesis","floor":40,"turns":3},{"damage":94,"enemies":"Transient","floor":42,"turns":5},{"damage":22,"enemies":"Jaw Worm Horde","floor":44,"turns":5},{"damage":47,"enemies":"Donu and Deca","floor":50,"turns":7}],"seed_played":"5530471381802577426","potions_obtained":[{"floor":1,"key":"LiquidBronze"},{"floor":4,"key":"DistilledChaos"},{"floor":6,"key":"Energy Potion"},{"floor":10,"key":"SteroidPotion"},{"floor":16,"key":"SteroidPotion"},{"floor":18,"key":"Explosive Potion"},{"floor":30,"key":"SteroidPotion"},{"floor":35,"key":"LiquidBronze"},{"floor":39,"key":"SpeedPotion"},{"floor":44,"key":"DistilledChaos"}],"is_trial":false,"path_per_floor":["M","M","?","M","$","E","R","M","T","M","?","?","?","M","R","B",null,"M","M","?","$","?","R","M","$","T","$","R","$","M","M","R","B",null,"M","?","?","?","M","E","R","M","T","M","?","?","R","?","R","B",null],"character_chosen":"THE_DEFAULT","items_purchased":["theMarked:Electrocute","Bottled Flame","theMarked:EnhanceMovement"],"campfire_rested":4,"item_purchase_floors":[5,21,21],"current_hp_per_floor":[77,73,73,73,73,71,71,68,68,68,68,59,47,42,68,51,87,65,61,61,61,61,61,43,43,43,43,69,69,67,61,87,50,87,68,87,87,87,82,63,63,43,43,23,23,23,49,87,87,40],"gold":141,"neow_bonus":"TEN_PERCENT_HP_BONUS","is_daily":false,"chose_seed":false,"campfire_upgraded":4,"win_rate":0.0,"timestamp":1610038689,"path_taken":["M","M","?","M","$","E","R","?","T","M","?","?","?","M","R","BOSS","M","M","?","$","?","R","M","?","T","$","R","$","?","M","R","BOSS","M","?","?","?","M","E","R","?","T","M","?","?","R","?","R","BOSS"],"items_purchased_type":["Card","Relic","Card"],"build_version":"2020-12-22","purchased_purges":0,"victory":true,"max_hp_per_floor":[77,77,77,77,77,87,87,87,87,87,87,87,87,87,87,87,87,87,87,87,87,87,87,87,87,87,87,87,87,87,87,87,87,87,87,87,87,87,87,87,87,87,87,87,87,87,87,87,87,87],"card_choices":[{"not_picked":["theMarked:HeightenedSenses","theMarked:Convert"],"picked":"theMarked:Electrify","floor":1},{"not_picked":["theMarked:RepellingDischarge","theMarked:LightningStrikesTwice","theMarked:WastefulAttack"],"picked":"SKIP","floor":2},{"not_picked":["theMarked:Parkour","theMarked:Panic"],"picked":"theMarked:MaelstromOfLightning","floor":4},{"not_picked":["theMarked:Convert","theMarked:TunnelVision"],"picked":"theMarked:StartUp","floor":6},{"not_picked":["theMarked:Frustration","theMarked:BanishingStrike"],"picked":"theMarked:RogueSparks","floor":8},{"not_picked":["theMarked:MysticalArsenal","theMarked:Parkour"],"picked":"theMarked:HeightenedSenses","floor":10},{"not_picked":["theMarked:RogueSparks","theMarked:Frustration"],"picked":"theMarked:ReduceFriction","floor":12},{"not_picked":["theMarked:Parry","theMarked:ChainLightning"],"picked":"theMarked:EnhanceMovement","floor":14},{"not_picked":["theMarked:ChannelForce","theMarked:UnarmedFury"],"picked":"theMarked:DispelDoubt","floor":16},{"not_picked":["theMarked:Parkour","theMarked:TwofoldDefense"],"picked":"theMarked:HeightenedSenses","floor":18},{"not_picked":["theMarked:HeritageOfTheMarked","theMarked:BanishingStrike+1"],"picked":"theMarked:Aftermath","floor":19},{"not_picked":["theMarked:KeepCalmAndFightOn","theMarked:Seal"],"picked":"theMarked:MaelstromOfLightning+1","floor":24},{"not_picked":["theMarked:WastefulAttack","theMarked:BanishingStrike","theMarked:DeterminationOfTheMarked"],"picked":"SKIP","floor":30},{"not_picked":["theMarked:EmpowerWeapon","theMarked:SwordAndMagic"],"picked":"theMarked:Polarize","floor":31},{"not_picked":["theMarked:Vacuum","theMarked:SoldierForm"],"picked":"theMarked:TurnInvisible","floor":33},{"not_picked":["theMarked:ElectricStrings","theMarked:Parkour+1","theMarked:Frustration+1"],"picked":"SKIP","floor":35},{"not_picked":["theMarked:Opportunist","theMarked:Frustration"],"picked":"theMarked:Polarize+1","floor":39},{"not_picked":["theMarked:Improvise+1","theMarked:KeepCalmAndFightOn+1","theMarked:BanishingWave"],"picked":"SKIP","floor":40},{"not_picked":["theMarked:Improvise+1","theMarked:WastefulDefense"],"picked":"theMarked:ChainLightning+1","floor":42},{"not_picked":["theMarked:Aftermath+1","theMarked:TwofoldDefense","theMarked:WastefulDefense"],"picked":"theMarked:Panic+1","floor":44}],"player_experience":50050,"relics_obtained":[{"floor":6,"key":"Pear"},{"floor":9,"key":"Vajra"},{"floor":26,"key":"Shuriken"},{"floor":40,"key":"Bottled Lightning"},{"floor":40,"key":"theMarked:Gun"},{"floor":43,"key":"Question Card"}],"event_choices":[{"cards_removed":["theMarked:Strike"],"damage_healed":0,"gold_gain":0,"player_choice":"Offered Basic","damage_taken":0,"max_hp_gain":0,"max_hp_loss":0,"event_name":"Bonfire Elementals","floor":3,"gold_loss":0},{"cards_removed":["theMarked:RogueSparks"],"damage_healed":0,"gold_gain":0,"player_choice":"Card Removal","damage_taken":0,"max_hp_gain":0,"max_hp_loss":0,"event_name":"The Cleric","floor":11,"gold_loss":50},{"damage_healed":0,"gold_gain":0,"player_choice":"Searched \u00272\u0027 times","damage_taken":0,"relics_obtained":["Blood Vial"],"max_hp_gain":0,"max_hp_loss":0,"event_name":"Dead Adventurer","floor":12,"gold_loss":0},{"damage_healed":0,"gold_gain":0,"player_choice":"Success","damage_taken":12,"relics_obtained":["Lizard Tail"],"max_hp_gain":0,"max_hp_loss":0,"event_name":"Scrap Ooze","floor":13,"gold_loss":0},{"damage_healed":0,"gold_gain":0,"player_choice":"Smashed Altar","damage_taken":0,"max_hp_gain":0,"max_hp_loss":0,"event_name":"Forgotten Altar","floor":20,"gold_loss":0,"cards_obtained":["Decay"]},{"damage_healed":0,"gold_gain":0,"player_choice":"Opened","damage_taken":0,"relics_obtained":["PreservedInsect"],"max_hp_gain":0,"max_hp_loss":0,"event_name":"The Mausoleum","floor":22,"gold_loss":0},{"damage_healed":22,"gold_gain":0,"player_choice":"Writhe","damage_taken":0,"max_hp_gain":0,"max_hp_loss":0,"event_name":"Winding Halls","floor":36,"gold_loss":0,"cards_obtained":["Writhe"]},{"damage_healed":0,"gold_gain":0,"player_choice":"Paid","damage_taken":0,"relics_obtained":["Red Mask"],"max_hp_gain":0,"max_hp_loss":0,"event_name":"Tomb of Lord Red Mask","floor":37,"gold_loss":172},{"cards_removed":["Writhe","Decay"],"damage_healed":0,"gold_gain":0,"player_choice":"Removed Curses","damage_taken":0,"max_hp_gain":0,"max_hp_loss":0,"event_name":"Fountain of Cleansing","floor":38,"gold_loss":0},{"damage_healed":0,"gold_gain":0,"player_choice":"Ignored","damage_taken":0,"max_hp_gain":0,"max_hp_loss":0,"event_name":"Mysterious Sphere","floor":45,"gold_loss":0},{"cards_removed":["theMarked:DispelDoubt"],"damage_healed":0,"gold_gain":0,"player_choice":"Removed Attack","damage_taken":0,"max_hp_gain":0,"max_hp_loss":0,"event_name":"Falling","floor":46,"gold_loss":0},{"damage_healed":38,"gold_gain":0,"player_choice":"Heal","damage_taken":0,"max_hp_gain":0,"max_hp_loss":0,"event_name":"MindBloom","floor":48,"gold_loss":0,"cards_obtained":["Doubt"]}],"is_beta":false,"boss_relics":[{"not_picked":["theMarked:SpiritSword","Ectoplasm"],"picked":"Philosopher\u0027s Stone"},{"not_picked":["Coffee Dripper","SacredBark"],"picked":"Black Star"}],"items_purged_floors":[],"is_endless":false,"potions_floor_spawned":[1,4,6,10,16,18,30,35,39,44],"ascension_level":0}}