{"host":"8pjvbxl6xo882v42","time":1610063266,"event":{"mods":["AchievementEnabler","BaseMod","Minty Spire (QoL Compilation)","StSLib","The Cursed"],"gold_per_floor":[118,45,145,158,169,203,203,228,228,228,228,259,259,3,3,103,103,119,139,65,17,29,29,56,56,56,67,67,95,95,295,295,295,295],"floor_reached":33,"playtime":1687,"items_purged":["Strike_R"],"score":502,"play_id":"544be786-98c0-4386-bd87-1c5a3f0fb1f2","local_time":"20210108004746","is_ascension_mode":true,"campfire_choices":[{"floor":7,"key":"REST"},{"data":"True Grit","floor":11,"key":"SMITH"},{"data":"Bash","floor":13,"key":"SMITH"},{"data":"Disarm","floor":15,"key":"SMITH"},{"floor":23,"key":"REST"},{"data":"True Grit","floor":25,"key":"SMITH"},{"floor":28,"key":"REST"},{"floor":30,"key":"REST"},{"data":"Immolate","floor":32,"key":"SMITH"}],"circlet_count":0,"master_deck":["AscendersBane","Strike_R","Strike_R","Strike_R","Strike_R","Defend_R","Defend_R","Defend_R","Defend_R","Bash+1","Dropkick","Flex","Dropkick","Immolate+1","True Grit+1","Disarm+1","Blood for Blood","Reaper","True Grit+1","Anger","Twin Strike+1","Blood for Blood+1","Clothesline+1","Uppercut+1"],"relics":["SacredBark","Omamori","StoneCalendar","HornCleat","Du-Vu Doll","Red Skull","Calling Bell","Ancient Tea Set","Sundial","Calipers","Molten Egg 2","Mummified Hand","Paper Frog","Oddly Smooth Stone"],"acts_visited":["Exordium","TheCity"],"potions_floor_usage":[12,19,24,27,27,33],"damage_taken":[{"damage":9,"enemies":"Jaw Worm","floor":1,"turns":4},{"damage":1,"enemies":"Cultist","floor":4,"turns":3},{"damage":0,"enemies":"Small Slimes","floor":5,"turns":3},{"damage":30,"enemies":"Lagavulin","floor":6,"turns":7},{"damage":29,"enemies":"Gremlin Nob","floor":8,"turns":4},{"damage":0,"enemies":"Lagavulin","floor":12,"turns":3},{"damage":15,"enemies":"Hexaghost","floor":16,"turns":8},{"damage":38,"enemies":"3 Byrds","floor":18,"turns":7},{"damage":27,"enemies":"2 Thieves","floor":19,"turns":4},{"damage":4,"enemies":"Centurion and Healer","floor":22,"turns":6},{"damage":6,"enemies":"Book of Stabbing","floor":24,"turns":7},{"damage":19,"enemies":"Sentry and Sphere","floor":27,"turns":5},{"damage":21,"enemies":"Gremlin Leader","floor":29,"turns":7},{"damage":86,"enemies":"Automaton","floor":33,"turns":6}],"seed_played":"1753885579525023713","potions_obtained":[{"floor":1,"key":"HeartOfIron"},{"floor":18,"key":"GamblersBrew"},{"floor":27,"key":"EntropicBrew"}],"is_trial":false,"path_per_floor":["M","$","?","M","M","E","R","E","T","?","R","E","R","$","R","B",null,"M","M","?","$","M","R","E","R","T","M","R","E","R","?","R","B"],"character_chosen":"IRONCLAD","items_purchased":["DistilledChaos","Red Skull","Blood for Blood","AttackPotion"],"campfire_rested":4,"item_purchase_floors":[2,14,14,21],"current_hp_per_floor":[63,63,63,62,62,32,56,27,27,53,53,53,53,53,53,38,70,32,21,21,21,25,49,50,50,50,31,55,43,67,67,67,0,0],"gold":295,"neow_bonus":"BOSS_RELIC","is_daily":false,"chose_seed":false,"campfire_upgraded":5,"win_rate":0.0,"timestamp":1610063266,"path_taken":["M","$","?","?","M","E","R","E","T","?","R","E","R","$","R","BOSS","M","M","?","?","?","R","E","R","T","M","R","E","R","?","R","BOSS"],"items_purchased_type":["Potion","Relic","Card","Potion"],"build_version":"2020-12-22","purchased_purges":1,"victory":false,"max_hp_per_floor":[80,80,80,80,80,80,80,80,80,80,80,80,80,80,80,80,80,80,80,80,80,80,80,80,80,80,80,80,80,80,80,80,80,80],"card_choices":[{"not_picked":["Fire Breathing","Iron Wave"],"picked":"Dropkick","floor":1},{"not_picked":["Disarm","Iron Wave"],"picked":"Flex","floor":4},{"not_picked":["Flex","Thunderclap"],"picked":"Dropkick","floor":5},{"not_picked":["Anger","Clothesline"],"picked":"Immolate","floor":6},{"not_picked":["Thunderclap","Rampage"],"picked":"True Grit","floor":8},{"not_picked":["Heavy Blade","Juggernaut"],"picked":"Disarm","floor":12},{"not_picked":["Bludgeon","Juggernaut"],"picked":"Reaper","floor":16},{"not_picked":["Iron Wave","Sentinel"],"picked":"True Grit","floor":18},{"not_picked":["Perfected Strike","Flex"],"picked":"Anger","floor":19},{"not_picked":["Burning Pact","Havoc"],"picked":"Twin Strike+1","floor":22},{"not_picked":["Iron Wave+1","Sword Boomerang+1"],"picked":"Blood for Blood+1","floor":24},{"not_picked":["Flex","Anger+1"],"picked":"Clothesline+1","floor":27},{"not_picked":["Cleave+1","Havoc"],"picked":"Uppercut+1","floor":29}],"player_experience":280777,"relics_obtained":[{"floor":6,"key":"Omamori"},{"floor":8,"key":"StoneCalendar"},{"floor":9,"key":"HornCleat"},{"floor":12,"key":"Du-Vu Doll"},{"floor":17,"key":"Ancient Tea Set"},{"floor":17,"key":"Sundial"},{"floor":17,"key":"Calipers"},{"floor":24,"key":"Mummified Hand"},{"floor":26,"key":"Paper Frog"},{"floor":29,"key":"Oddly Smooth Stone"}],"event_choices":[{"damage_healed":0,"gold_gain":100,"player_choice":"Pray","damage_taken":0,"max_hp_gain":0,"max_hp_loss":0,"event_name":"Golden Shrine","floor":3,"gold_loss":0},{"damage_healed":26,"gold_gain":0,"player_choice":"Banana","damage_taken":0,"max_hp_gain":0,"max_hp_loss":0,"event_name":"Big Fish","floor":10,"gold_loss":0},{"damage_healed":0,"gold_gain":0,"player_choice":"Paid Gold","damage_taken":0,"relics_obtained":["Molten Egg 2"],"max_hp_gain":0,"max_hp_loss":0,"event_name":"WeMeetAgain","floor":20,"gold_loss":74},{"damage_healed":0,"gold_gain":200,"player_choice":"Gold","damage_taken":0,"max_hp_gain":0,"max_hp_loss":0,"event_name":"Wheel of Change","floor":31,"gold_loss":0}],"is_beta":false,"boss_relics":[{"not_picked":["Runic Pyramid","Runic Cube"],"picked":"Calling Bell"}],"items_purged_floors":[14],"is_endless":false,"potions_floor_spawned":[1,5,8,18,27],"killed_by":"Automaton","ascension_level":11}}