{"host":"hve1dyh1ly81yl9f","time":1610038134,"event":{"mods":["BaseMod","Colored Map","DeckTracker","Highlight Path","Keyboard Shortcuts","Minty Spire (QoL Compilation)","Permanent Neow","Quick Restart","StSLib","SuperFastMode"],"gold_per_floor":[14,31,51,51,69,102,102,133,133,152,77,77,77],"floor_reached":12,"playtime":287,"items_purged":["Defend_R"],"score":113,"play_id":"b1ee49b1-8b56-4623-bc65-1e301ebe4145","local_time":"20210108014854","is_ascension_mode":true,"campfire_choices":[{"floor":7,"key":"REST"}],"circlet_count":0,"master_deck":["Strike_R","Strike_R","Strike_R","Strike_R","Strike_R","Defend_R","Bash","Perfected Strike","Perfected Strike","Pommel Strike"],"relics":["Burning Blood","Gambling Chip","Magic Flower","Ornamental Fan","Mummified Hand"],"acts_visited":["Exordium"],"potions_floor_usage":[12,12],"damage_taken":[{"damage":12,"enemies":"Jaw Worm","floor":1,"turns":3},{"damage":15,"enemies":"Small Slimes","floor":2,"turns":3},{"damage":6,"enemies":"Cultist","floor":3,"turns":3},{"damage":12,"enemies":"Exordium Wildlife","floor":5,"turns":3},{"damage":40,"enemies":"Lagavulin","floor":6,"turns":4},{"damage":32,"enemies":"Gremlin Nob","floor":8,"turns":4},{"damage":9,"enemies":"2 Fungi Beasts","floor":10,"turns":2},{"damage":30,"enemies":"3 Sentries","floor":12,"turns":4}],"seed_played":"-4906516486055514915","potions_obtained":[{"floor":1,"key":"Fruit Juice"},{"floor":5,"key":"SpeedPotion"},{"floor":10,"key":"FearPotion"}],"is_trial":false,"path_per_floor":["M","M","M","?","M","E","R","E","T","M","$","E"],"character_chosen":"IRONCLAD","items_purchased":[],"campfire_rested":1,"item_purchase_floors":[],"current_hp_per_floor":[74,65,65,58,52,18,42,19,19,19,19,0,0],"gold":77,"neow_bonus":"REMOVE_TWO","is_daily":false,"chose_seed":false,"campfire_upgraded":0,"win_rate":0.0,"timestamp":1610038134,"path_taken":["M","M","M","?","M","E","R","E","T","M","$","E"],"items_purchased_type":[],"build_version":"2020-12-22","purchased_purges":1,"victory":false,"max_hp_per_floor":[80,80,80,80,80,80,80,80,80,80,80,85,85],"card_choices":[{"not_picked":["Disarm","Shockwave"],"picked":"Perfected Strike","floor":1},{"not_picked":["Entrench","Iron Wave"],"picked":"Perfected Strike","floor":2},{"not_picked":["Blood for Blood","Reckless Charge","Iron Wave"],"picked":"SKIP","floor":3},{"not_picked":["Battle Trance","Carnage"],"picked":"Pommel Strike","floor":5},{"not_picked":["True Grit","Searing Blow","Rage"],"picked":"SKIP","floor":6},{"not_picked":["Whirlwind","Warcry","Clothesline"],"picked":"SKIP","floor":8},{"not_picked":["Second Wind","Corruption","True Grit"],"picked":"SKIP","floor":10}],"player_experience":294463,"relics_obtained":[{"floor":6,"key":"Magic Flower"},{"floor":8,"key":"Ornamental Fan"},{"floor":9,"key":"Mummified Hand"}],"event_choices":[{"damage_healed":0,"gold_gain":0,"player_choice":"Success","damage_taken":7,"relics_obtained":["Gambling Chip"],"max_hp_gain":0,"max_hp_loss":0,"event_name":"Scrap Ooze","floor":4,"gold_loss":0}],"is_beta":false,"boss_relics":[],"items_purged_floors":[11],"is_endless":false,"potions_floor_spawned":[1,5,10],"killed_by":"3 Sentries","ascension_level":5}}