{"host":"ig7tc0uedzltt2sr","time":1610002592,"event":{"mods":["BaseMod","Better Twitch Integration","Block Reminder","Colored Map","Colored Powertips","Communication Mod","Current Relic Mod","GifTheSpireLib","HexUI Lib","Minty Spire (QoL Compilation)","Quick Restart","Random Character Button","Rare Cards Sparkle","Relic Sorter","Relic Stats","Slay the Relics Exporter","StSLib","SuperFastMode","Synergy Search","Twitch Decklist","Twitch Utils","everything is the same but u backflip on backflip","slay the spire mod where everything is the same but ironclad has a cowboy hat"],"gold_per_floor":[109,128,143,113,75,87,103,103,103,120,140,154,154,154],"floor_reached":13,"playtime":98,"items_purged":[],"score":81,"play_id":"838a317b-40c0-4ce7-baeb-9b5393328f3b","local_time":"20210106225632","is_ascension_mode":false,"campfire_choices":[{"data":"Armaments","floor":8,"key":"SMITH"}],"circlet_count":0,"master_deck":["Strike_R","Strike_R","Strike_R","Strike_R","Strike_R","Defend_R","Defend_R","Defend_R","Defend_R","Bash","Armaments+1","Bloodletting","Whirlwind","Headbutt","Dropkick","Pummel","Seeing Red","Corruption","Spot Weakness","Fire Breathing"],"relics":["Burning Blood","NeowsBlessing","Lizard Tail"],"acts_visited":["Exordium"],"potions_floor_usage":[],"damage_taken":[{"damage":0,"enemies":"Cultist","floor":1,"turns":1},{"damage":1,"enemies":"2 Louse","floor":2,"turns":4},{"damage":0,"enemies":"Jaw Worm","floor":3,"turns":1},{"damage":8,"enemies":"Looter","floor":4,"turns":4},{"damage":16,"enemies":"Blue Slaver","floor":6,"turns":6},{"damage":16,"enemies":"Red Slaver","floor":7,"turns":4},{"damage":30,"enemies":"2 Fungi Beasts","floor":10,"turns":5},{"damage":10,"enemies":"3 Louse","floor":11,"turns":2},{"damage":7,"enemies":"Blue Slaver","floor":12,"turns":2},{"damage":84,"enemies":"Lagavulin","floor":13,"turns":9}],"seed_played":"3456009327662758661","potions_obtained":[{"floor":2,"key":"SpeedPotion"},{"floor":7,"key":"ColorlessPotion"},{"floor":11,"key":"Fire Potion"}],"is_trial":false,"path_per_floor":["M","M","M","M","$","M","M","R","T","M","M","M","E"],"character_chosen":"IRONCLAD","items_purchased":["Dropkick"],"campfire_rested":0,"item_purchase_floors":[5],"current_hp_per_floor":[80,80,80,78,78,68,58,58,58,34,30,29,0,0],"gold":154,"neow_bonus":"THREE_ENEMY_KILL","is_daily":false,"chose_seed":false,"campfire_upgraded":1,"win_rate":0.0,"timestamp":1610002592,"path_taken":["M","M","M","M","$","M","M","R","T","M","M","M","E"],"items_purchased_type":["Card"],"build_version":"2020-12-22","purchased_purges":0,"victory":false,"max_hp_per_floor":[80,80,80,80,80,80,80,80,80,80,80,80,80,80],"relic_stats":{"Lizard Tail":40,"counters":[10,38],"obtain_stats":[{"Lizard Tail":9,"NeowsBlessing":0,"Burning Blood":0},{"Lizard Tail":6,"NeowsBlessing":0,"Burning Blood":0},{"Lizard Tail":20,"NeowsBlessing":0,"Burning Blood":0}],"Burning Blood":37},"card_choices":[{"not_picked":["Body Slam","Thunderclap"],"picked":"Armaments","floor":1},{"not_picked":["Body Slam","Armaments"],"picked":"Bloodletting","floor":2},{"not_picked":["Heavy Blade","Fire Breathing"],"picked":"Whirlwind","floor":3},{"not_picked":["Pummel","Heavy Blade"],"picked":"Headbutt","floor":4},{"not_picked":["Pommel Strike","Anger"],"picked":"Pummel","floor":6},{"not_picked":["Entrench","Sentinel"],"picked":"Seeing Red","floor":7},{"not_picked":["Sever Soul","Sword Boomerang"],"picked":"Corruption","floor":10},{"not_picked":["Cleave","Twin Strike"],"picked":"Spot Weakness","floor":11},{"not_picked":["Shrug It Off","Pommel Strike"],"picked":"Fire Breathing","floor":12}],"player_experience":1451811,"relics_obtained":[{"floor":9,"key":"Lizard Tail"}],"event_choices":[],"is_beta":false,"boss_relics":[],"items_purged_floors":[],"is_endless":false,"potions_floor_spawned":[2,7,11],"killed_by":"Lagavulin","ascension_level":0}}