{"host":"ci7cmvrwpmzqnw7e","time":1610063841,"event":{"mods":["BaseMod","BetterRewards","Colored Map","Downfall","Hubris","Minty Spire (QoL Compilation)","Rare Cards Sparkle","Replay The Spire","Shop Mod","StSLib","The Necromancer","The Servant 0.9.4"],"gold_per_floor":[114,114,45,64,78,78,98,98,179,192,43,43,43,55,55,157,157,173,189,201,201,218,243,243,258,258,273,273,206,206,206,206],"floor_reached":31,"playtime":797,"items_purged":[],"score":249,"play_id":"aa88e3ed-dc07-4cd7-ae08-b6aa68adffec","local_time":"20210107165721","is_ascension_mode":false,"campfire_choices":[{"data":"Genetic Algorithm","floor":6,"key":"SMITH"},{"data":"Static Discharge","floor":8,"key":"SMITH"},{"data":"Defragment","floor":15,"key":"SMITH"},{"floor":24,"key":"REST"}],"circlet_count":0,"master_deck":["Strike_B","Strike_B","Strike_B","Defend_B","Defend_B","Defend_B","Zap+1","Dualcast+1","Redo","Lockon","Genetic Algorithm+1","Ball Lightning","Static Discharge+1","Defragment","Defragment+1","Sweeping Beam","Thunder Strike","Gash+1","hubris:PowerSurge"],"relics":["Cracked Core","Carrot","Empty Cage","Ring of Peace","Bottled Tornado","InkBottle"],"acts_visited":["Exordium","TheCity"],"potions_floor_usage":[16,31,31],"damage_taken":[{"damage":0,"enemies":"Small Slimes","floor":1,"turns":3},{"damage":0,"enemies":"Cultist","floor":4,"turns":2},{"damage":5,"enemies":"Jaw Worm","floor":5,"turns":3},{"damage":6,"enemies":"Blue Slaver","floor":7,"turns":3},{"damage":5,"enemies":"Looter","floor":10,"turns":3},{"damage":11,"enemies":"Large Slime","floor":14,"turns":3},{"damage":19,"enemies":"The Guardian","floor":16,"turns":6},{"damage":0,"enemies":"Spheric Guardian","floor":18,"turns":3},{"damage":17,"enemies":"3 Byrds","floor":19,"turns":3},{"damage":10,"enemies":"Shelled Parasite and Fungi","floor":20,"turns":3},{"damage":0,"enemies":"Chosen and Byrds","floor":22,"turns":4},{"damage":30,"enemies":"Slavers","floor":23,"turns":3},{"damage":8,"enemies":"Snecko","floor":25,"turns":5},{"damage":10,"enemies":"Snake Plant","floor":27,"turns":2},{"damage":11,"enemies":"Cultist and Chosen","floor":31,"turns":4}],"seed_played":"7900989324046728156","potions_obtained":[{"floor":4,"key":"EssenceOfDarkness"},{"floor":10,"key":"Regen Potion"},{"floor":16,"key":"SteroidPotion"},{"floor":18,"key":"Ancient Potion"},{"floor":19,"key":"Guardian:BlockOnCardUsePotion"},{"floor":20,"key":"Adrenaline Potion"}],"is_trial":false,"path_per_floor":["M","?","$","M","M","R","M","R","T","M","$","?","$","M","R","B",null,"M","M","M","?","M","E","R","M","T","M","?","$","?","M"],"character_chosen":"DEFECT","items_purchased":["Lockon","Defragment","Jack Of All Trades","hubris:PowerSurge"],"campfire_rested":1,"item_purchase_floors":[3,11,11,29],"current_hp_per_floor":[75,75,75,75,70,70,64,64,64,59,59,75,75,64,64,45,75,75,58,48,48,48,18,40,32,32,22,22,22,8,0,0],"gold":206,"neow_bonus":"UPGRADE_CARD","is_daily":false,"chose_seed":false,"campfire_upgraded":3,"win_rate":0.0,"timestamp":1610063841,"path_taken":["M","?","$","M","M","R","M","R","T","?","$","?","$","M","R","BOSS","M","M","?","?","M","E","R","M","T","M","?","$","?","?"],"items_purchased_type":["Card","Card","Card","Card"],"build_version":"2020-12-22","purchased_purges":0,"victory":false,"max_hp_per_floor":[75,75,75,75,75,75,75,75,75,75,75,75,75,75,75,75,75,75,75,75,75,75,75,75,75,75,75,75,75,80,80,80],"card_choices":[{"not_picked":["Go for the Eyes","Barrage"],"picked":"Redo","floor":1},{"not_picked":["ReplayTheSpireMod:Repulse","Leap"],"picked":"Genetic Algorithm","floor":4},{"not_picked":["Beam Cell","Barrage"],"picked":"Ball Lightning","floor":5},{"not_picked":["Streamline","ReplayTheSpireMod:Repulse"],"picked":"Static Discharge","floor":7},{"not_picked":["Sweeping Beam","Conserve Battery","Hologram"],"picked":"SKIP","floor":10},{"not_picked":["hubris:Ukulele","Leap"],"picked":"Sweeping Beam","floor":14},{"not_picked":["Amplify","Rainbow"],"picked":"Thunder Strike","floor":16},{"not_picked":["Scrape","ReplayTheSpireMod:Reroute Power","Sweeping Beam"],"picked":"SKIP","floor":18},{"not_picked":["Reinforced Body","Stack+1","Go for the Eyes"],"picked":"SKIP","floor":19},{"not_picked":["Streamline","Compile Driver+1","Hologram+1"],"picked":"SKIP","floor":20},{"not_picked":["Coolheaded","Cold Snap","Gash"],"picked":"SKIP","floor":22},{"not_picked":["Steam Power","Buffer","Capacitor"],"picked":"SKIP","floor":23},{"not_picked":["ReplayTheSpireMod:Reroute Power+1","Barrage"],"picked":"Gash+1","floor":25},{"not_picked":["Cold Snap","Rip and Tear","Hello World+1"],"picked":"SKIP","floor":27}],"player_experience":11732,"relics_obtained":[{"floor":9,"key":"Carrot"},{"floor":21,"key":"Ring of Peace"},{"floor":23,"key":"Bottled Tornado"},{"floor":26,"key":"InkBottle"}],"event_choices":[{"damage_healed":0,"gold_gain":0,"player_choice":"Upgraded","damage_taken":0,"max_hp_gain":0,"max_hp_loss":0,"event_name":"Upgrade Shrine","floor":2,"gold_loss":0,"cards_upgraded":["Zap"]},{"cards_removed":["Jack Of All Trades"],"damage_healed":16,"gold_gain":0,"player_choice":"Offered Uncommon","damage_taken":0,"max_hp_gain":0,"max_hp_loss":0,"event_name":"Bonfire Elementals","floor":12,"gold_loss":0},{"damage_healed":0,"gold_gain":0,"player_choice":"Shed Blood","damage_taken":19,"max_hp_gain":5,"max_hp_loss":0,"event_name":"Forgotten Altar","floor":30,"gold_loss":0}],"is_beta":false,"boss_relics":[{"not_picked":["FrozenCore","Fusion Hammer"],"picked":"Empty Cage"}],"items_purged_floors":[],"is_endless":false,"potions_floor_spawned":[4,10,16,18,19,20,23],"killed_by":"Cultist and Chosen","ascension_level":0}}