{"host":"dowi7cgbhepuzvpj","time":1610025103,"event":{"mods":["AchievementEnabler","BaseMod","Colored Map","Highlight Path","Keyboard Shortcuts","Minty Spire (QoL Compilation)","Permanent Neow","Quick Restart","StSLib","SuperFastMode"],"gold_per_floor":[112,112,37,53,73,73,101,24,24,24,24,174,74,90,90,162,162,178,190,207,127,137,137,156,175,225,225,59,79,79,79,79,158,158,176,196,196,29,43,43,43,43,43,60,72,98,118,136,136,136],"floor_reached":51,"playtime":1816,"items_purged":["Strike_B","Doubt"],"score":1344,"play_id":"556749a7-d079-4381-a29b-0485a19e1d97","local_time":"20210107221143","is_ascension_mode":true,"campfire_choices":[{"data":"Zap","floor":6.0,"key":"SMITH"},{"data":"Defragment","floor":11.0,"key":"SMITH"},{"data":"Chill","floor":15.0,"key":"SMITH"},{"data":"Echo Form","floor":23.0,"key":"SMITH"},{"data":"Loop","floor":30.0,"key":"SMITH"},{"floor":32.0,"key":"REST"},{"data":"Rainbow","floor":40.0,"key":"SMITH"},{"data":"Self Repair","floor":42.0,"key":"SMITH"},{"floor":49.0,"key":"REST"}],"circlet_count":0,"master_deck":["AscendersBane","Defend_B+1","Defend_B","Defend_B+1","Zap+1","Dualcast","Cold Snap","Hologram","Streamline","Ball Lightning","Self Repair+1","Defragment+1","Chill+1","Echo Form+1","Seek+1","Force Field+1","Storm+1","Double Energy","Hologram","Capacitor","FTL","Loop+1","Capacitor","Force Field","Rainbow+1","Conserve Battery","Machine Learning","Defragment+1","Compile Driver","Lockon","Reboot"],"relics":["Philosopher\u0027s Stone","FossilizedHelix","Calipers","Astrolabe","MealTicket","War Paint","Sozu","Oddly Smooth Stone","Ornamental Fan","Strawberry"],"acts_visited":["Exordium","TheCity","TheBeyond"],"potions_floor_usage":[],"damage_taken":[{"damage":5.0,"enemies":"Small Slimes","floor":1.0,"turns":3.0},{"damage":0.0,"enemies":"Cultist","floor":4.0,"turns":5.0},{"damage":3.0,"enemies":"2 Louse","floor":5.0,"turns":4.0},{"damage":27.0,"enemies":"Lagavulin","floor":7.0,"turns":5.0},{"damage":13.0,"enemies":"2 Fungi Beasts","floor":14.0,"turns":3.0},{"damage":10.0,"enemies":"The Guardian","floor":16.0,"turns":11.0},{"damage":1.0,"enemies":"Shell Parasite","floor":18.0,"turns":3.0},{"damage":0.0,"enemies":"Spheric Guardian","floor":19.0,"turns":3.0},{"damage":0.0,"enemies":"Snake Plant","floor":20.0,"turns":3.0},{"damage":6.0,"enemies":"Centurion and Healer","floor":22.0,"turns":6.0},{"damage":29.0,"enemies":"3 Cultists","floor":24.0,"turns":5.0},{"damage":24.0,"enemies":"Sentry and Sphere","floor":25.0,"turns":5.0},{"damage":19.0,"enemies":"Snake Plant","floor":29.0,"turns":4.0},{"damage":0.0,"enemies":"Champ","floor":33.0,"turns":9.0},{"damage":0.0,"enemies":"Orb Walker","floor":35.0,"turns":3.0},{"damage":30.0,"enemies":"3 Darklings","floor":36.0,"turns":5.0},{"damage":35.0,"enemies":"Writhing Mass","floor":39.0,"turns":5.0},{"damage":12.0,"enemies":"Sphere and 2 Shapes","floor":44.0,"turns":4.0},{"damage":1.0,"enemies":"Maw","floor":45.0,"turns":6.0},{"damage":8.0,"enemies":"Nemesis","floor":46.0,"turns":5.0},{"damage":39.0,"enemies":"Jaw Worm Horde","floor":47.0,"turns":5.0},{"damage":12.0,"enemies":"3 Darklings","floor":48.0,"turns":5.0},{"damage":49,"enemies":"Time Eater","floor":50,"turns":10}],"seed_played":"811681298958765809","potions_obtained":[{"floor":1.0,"key":"PowerPotion"},{"floor":4.0,"key":"Dexterity Potion"},{"floor":16.0,"key":"PowerPotion"},{"floor":22.0,"key":"Block Potion"}],"is_trial":false,"path_per_floor":["M","?","$","M","M","R","E","$","T","?","R","?","$","M","R","B",null,"M","M","M","$","M","R","M","M","T","?","$","M","R","?","R","B",null,"M","M","?","$","M","R","?","R","T","M","M","E","M","M","R","B",null],"character_chosen":"DEFECT","items_purchased":["Defragment","Capacitor","War Paint","Oddly Smooth Stone"],"campfire_rested":2,"item_purchase_floors":[8,21,28,38],"current_hp_per_floor":[59,59,59,59,56,56,29,29,29,52,52,52,52,46,46,43,64,71,71,71,71,71,71,56,32,32,12,27,15,15,15,37,44,68,75,52,52,67,39,39,39,39,39,27,46,55,26,34,58,19],"gold":136,"neow_bonus":"BOSS_RELIC","is_daily":false,"chose_seed":false,"campfire_upgraded":7,"win_rate":0.0,"timestamp":1610025103,"path_taken":["M","?","?","?","M","R","E","$","T","?","R","?","$","M","R","BOSS","M","M","M","$","M","R","M","M","T","?","$","M","R","?","R","BOSS","M","M","?","$","?","R","?","R","T","M","M","E","?","M","R","BOSS"],"items_purchased_type":["Card","Card","Relic","Relic"],"build_version":"2020-12-22","purchased_purges":2,"victory":true,"max_hp_per_floor":[71,71,71,71,71,71,71,71,71,71,71,71,71,71,71,71,71,71,71,71,71,71,71,71,71,71,76,76,76,76,76,76,76,76,76,76,76,76,76,76,76,76,76,76,76,83,83,83,83,83],"card_choices":[{"not_picked":["Rip and Tear","Steam"],"picked":"Cold Snap","floor":1.0},{"not_picked":["Hologram","Turbo"],"picked":"Streamline","floor":4.0},{"not_picked":["Turbo","Conserve Battery"],"picked":"Ball Lightning","floor":5.0},{"not_picked":["Cold Snap","Blizzard"],"picked":"Self Repair","floor":7.0},{"not_picked":["Compile Driver","Redo"],"picked":"Chill","floor":14.0},{"not_picked":["Core Surge","Rainbow"],"picked":"Echo Form","floor":16.0},{"not_picked":["Cold Snap","Skim"],"picked":"Double Energy","floor":18.0},{"not_picked":["Beam Cell","Steam","Barrage"],"picked":"SKIP","floor":19.0},{"not_picked":["Steam","Redo+1"],"picked":"Hologram","floor":20.0},{"not_picked":["Sunder","Compile Driver"],"picked":"FTL","floor":22.0},{"not_picked":["Go for the Eyes","Chill"],"picked":"Loop","floor":24.0},{"not_picked":["Consume","Biased Cognition"],"picked":"Capacitor","floor":25.0},{"not_picked":["Doom and Gloom","Rebound"],"picked":"Force Field","floor":29.0},{"not_picked":["Core Surge","Seek"],"picked":"Rainbow","floor":33.0},{"not_picked":["Sweeping Beam","Capacitor","Steam"],"picked":"SKIP","floor":35.0},{"not_picked":["Stack","Coolheaded"],"picked":"Conserve Battery","floor":36.0},{"not_picked":["Hologram","Doom and Gloom","Streamline"],"picked":"SKIP","floor":39.0},{"not_picked":["Hologram","Leap"],"picked":"Compile Driver","floor":44.0},{"not_picked":["Barrage","Fusion","Cold Snap"],"picked":"SKIP","floor":45.0},{"not_picked":["Hello World","Conserve Battery"],"picked":"Lockon","floor":46.0},{"not_picked":["Go for the Eyes","FTL","Rebound"],"picked":"SKIP","floor":47.0},{"not_picked":["Coolheaded+1","Barrage+1"],"picked":"Reboot","floor":48.0}],"player_experience":765659,"relics_obtained":[{"floor":7.0,"key":"FossilizedHelix"},{"floor":9.0,"key":"Calipers"},{"floor":26.0,"key":"MealTicket"},{"floor":43.0,"key":"Ornamental Fan"},{"floor":46.0,"key":"Strawberry"}],"event_choices":[{"damage_healed":0.0,"max_hp_gain":0.0,"max_hp_loss":0.0,"gold_gain":0.0,"cards_transformed":["Strike_B"],"event_name":"Transmorgrifier","player_choice":"Transformed","floor":2.0,"gold_loss":0.0,"damage_taken":0.0,"cards_obtained":["Hologram"]},{"damage_healed":23.0,"max_hp_gain":0.0,"max_hp_loss":0.0,"gold_gain":0.0,"event_name":"Big Fish","player_choice":"Banana","floor":10.0,"gold_loss":0.0,"damage_taken":0.0},{"damage_healed":0.0,"max_hp_gain":0.0,"max_hp_loss":0.0,"gold_gain":150.0,"event_name":"Liars Game","player_choice":"AGREE","floor":12.0,"gold_loss":0.0,"damage_taken":0.0,"cards_obtained":["Doubt"]},{"damage_healed":0.0,"max_hp_gain":5.0,"max_hp_loss":0.0,"gold_gain":0.0,"event_name":"Forgotten Altar","player_choice":"Shed Blood","floor":27.0,"gold_loss":0.0,"damage_taken":25.0},{"damage_healed":0.0,"max_hp_gain":0.0,"max_hp_loss":0.0,"gold_gain":0.0,"event_name":"Match and Keep!","player_choice":"1 cards matched","floor":37.0,"gold_loss":0.0,"damage_taken":0.0,"cards_obtained":["Machine Learning"]},{"damage_healed":0.0,"max_hp_gain":0.0,"max_hp_loss":0.0,"gold_gain":0.0,"event_name":"Duplicator","player_choice":"Copied","floor":41.0,"gold_loss":0.0,"damage_taken":0.0,"cards_obtained":["Defragment"]}],"is_beta":false,"boss_relics":[{"not_picked":["SlaversCollar","Empty Cage"],"picked":"Astrolabe"},{"not_picked":["Velvet Choker","Runic Pyramid"],"picked":"Sozu"}],"items_purged_floors":[3,13],"is_endless":false,"potions_floor_spawned":[1,4,16,19,22,39,45,46,47,48],"ascension_level":18}}