{"host":"j4g6ia6asvpyu2b0","time":1610024716,"event":{"mods":["BaseMod","Colored Map","Minty Spire (QoL Compilation)","Permanent Neow","Quick Restart","Relic Stats","StSLib","Unceasing Turn Reminder"],"gold_per_floor":[117,117,133,144,157,157,184,201,201,212,261,261,261],"floor_reached":12,"playtime":308,"items_purged":[],"score":111,"play_id":"6ee9a1c5-c76a-4aeb-a240-f48ac04c88bd","local_time":"20210107060516","is_ascension_mode":true,"campfire_choices":[{"data":"Streamline","floor":6,"key":"SMITH"}],"circlet_count":0,"master_deck":["Strike_B","Strike_B","Strike_B","Defend_B","Defend_B","Defend_B","Defend_B","Zap","Dualcast","Streamline+1","Coolheaded","Aggregate","Sweeping Beam","Sweeping Beam","Electrodynamics","Consume"],"relics":["Velvet Choker","Letter Opener","Cables","MealTicket"],"acts_visited":["Exordium"],"potions_floor_usage":[],"damage_taken":[{"damage":0,"enemies":"2 Louse","floor":1,"turns":2},{"damage":0,"enemies":"Cultist","floor":3,"turns":3},{"damage":3,"enemies":"Small Slimes","floor":4,"turns":4},{"damage":15,"enemies":"Exordium Thugs","floor":5,"turns":5},{"damage":8,"enemies":"Lagavulin","floor":7,"turns":7},{"damage":6,"enemies":"3 Louse","floor":8,"turns":2},{"damage":2,"enemies":"2 Fungi Beasts","floor":10,"turns":2},{"damage":0,"enemies":"3 Sentries","floor":12,"turns":1}],"seed_played":"2552210073018676231","potions_obtained":[{"floor":5,"key":"Fire Potion"},{"floor":8,"key":"LiquidMemories"},{"floor":10,"key":"DuplicationPotion"}],"is_trial":false,"path_per_floor":["M","?","M","M","M","R","E","M","T","M","T","E"],"character_chosen":"DEFECT","items_purchased":[],"campfire_rested":0,"item_purchase_floors":[],"current_hp_per_floor":[68,68,68,65,50,50,42,36,36,34,34,34,34],"gold":261,"neow_bonus":"BOSS_RELIC","is_daily":false,"chose_seed":false,"campfire_upgraded":1,"win_rate":0.0,"timestamp":1610024716,"path_taken":["M","?","M","M","M","R","E","M","T","?","?","E"],"items_purchased_type":[],"build_version":"2020-12-22","purchased_purges":0,"victory":false,"max_hp_per_floor":[75,75,75,75,75,75,75,75,75,75,75,75,75],"relic_stats":{"counters":[8,26],"MealTicket":0,"Letter Opener":[30],"obtain_stats":[{"Velvet Choker":0,"MealTicket":11,"Letter Opener":7,"Cracked Core":0,"Cables":9},{"Velvet Choker":0,"MealTicket":7,"Letter Opener":5,"Cracked Core":0,"Cables":6},{"Velvet Choker":0,"MealTicket":25,"Letter Opener":21,"Cracked Core":0,"Cables":23}],"Cables":[3,3,0,0,0]},"card_choices":[{"not_picked":["Turbo","Undo"],"picked":"Streamline","floor":1},{"not_picked":["Go for the Eyes","Storm"],"picked":"Coolheaded","floor":3},{"not_picked":["Rebound","Coolheaded"],"picked":"Aggregate","floor":4},{"not_picked":["Go for the Eyes","Leap"],"picked":"Sweeping Beam","floor":5},{"not_picked":["Hello World","Conserve Battery"],"picked":"Sweeping Beam","floor":7},{"not_picked":["Leap","Gash"],"picked":"Electrodynamics","floor":8},{"not_picked":["Go for the Eyes","Turbo"],"picked":"Consume","floor":10}],"player_experience":745543,"relics_obtained":[{"floor":7,"key":"Letter Opener"},{"floor":9,"key":"Cables"},{"floor":11,"key":"MealTicket"}],"event_choices":[{"cards_removed":["Strike_B"],"damage_healed":0,"gold_gain":0,"player_choice":"Purged","damage_taken":0,"max_hp_gain":0,"max_hp_loss":0,"event_name":"Purifier","floor":2,"gold_loss":0}],"is_beta":false,"boss_relics":[],"items_purged_floors":[],"is_endless":false,"potions_floor_spawned":[5,8,10],"killed_by":"3 Sentries","ascension_level":7}}