{"host":"ng8aq1q5gznbd93k","time":1610003205,"event":{"mods":["AchievementEnabler","BaseMod","Downfall","Duelist Mod","GifTheSpireLib","Googly Eyes","Minty Spire (QoL Compilation)","StSLib","SuperFastMode"],"gold_per_floor":[110,110,127,139,155,185,185,195,221,256,331,331,331,345,345,441,441,461,481,10,10,28,28,62,62,144,21,32,51,51,65,65,65,65],"floor_reached":33,"playtime":1168,"items_purged":[],"score":279,"play_id":"d1865fc1-de28-44ac-a378-5341a2879afb","local_time":"20210107010645","is_ascension_mode":false,"campfire_choices":[{"data":"Cleave","floor":7,"key":"SMITH"},{"floor":13,"key":"REST"},{"data":"Bloodletting","floor":15,"key":"SMITH"},{"floor":23,"key":"REST"},{"floor":32,"key":"REST"}],"circlet_count":0,"master_deck":["Strike_R","Strike_R","Strike_R","Strike_R","Strike_R","Defend_R","Defend_R","Defend_R","Defend_R","Bash","Swift Strike","Rage+1","Cleave+1","Twin Strike","Sword Boomerang","Combust","Bloodletting+1","Immolate+1","Twin Strike","Reaper","Perfected Strike+1","Inflame","Uppercut","Writhe","Perfected Strike","Limit Break","Ghostly Armor","Infernal Blade+1","Cleave","Inflame"],"relics":["Burning Blood","Bag of Preparation","Centennial Puzzle","Anchor","Fusion Hammer","Vajra","Thread and Needle","Omamori","Smiling Mask","Enchiridion","Ornamental Fan","MutagenicStrength"],"acts_visited":["Exordium","TheCity"],"potions_floor_usage":[6,16,19,33,33,33],"damage_taken":[{"damage":17,"enemies":"Small Slimes","floor":1,"turns":4},{"damage":1,"enemies":"Cultist","floor":3,"turns":3},{"damage":5,"enemies":"2 Louse","floor":4,"turns":2},{"damage":0,"enemies":"Looter","floor":5,"turns":2},{"damage":21,"enemies":"Lagavulin","floor":6,"turns":6},{"damage":2,"enemies":"Large Slime","floor":8,"turns":4},{"damage":12,"enemies":"3 Sentries","floor":10,"turns":5},{"damage":0,"enemies":"Gremlin Gang","floor":14,"turns":1},{"damage":51,"enemies":"The Guardian","floor":16,"turns":7},{"damage":5,"enemies":"3 Byrds","floor":18,"turns":3},{"damage":0,"enemies":"Shell Parasite","floor":19,"turns":3},{"damage":0,"enemies":"Cultist and Chosen","floor":22,"turns":4},{"damage":28,"enemies":"Book of Stabbing","floor":24,"turns":4},{"damage":7,"enemies":"Centurion and Healer","floor":28,"turns":4},{"damage":7,"enemies":"Snake Plant","floor":29,"turns":2},{"damage":2,"enemies":"3 Cultists","floor":31,"turns":3},{"damage":80,"enemies":"Automaton","floor":33,"turns":8}],"seed_played":"2547080545925320207","potions_obtained":[{"floor":3,"key":"SkillPotion"},{"floor":4,"key":"Swift Potion"},{"floor":10,"key":"LiquidBronze"},{"floor":16,"key":"Fire Potion"},{"floor":28,"key":"Ancient Potion"},{"floor":31,"key":"sneckomod:MuddlingPotion"}],"is_trial":false,"path_per_floor":["M","?","M","M","M","E","R","M","T","E","?","?","R","M","R","B",null,"M","M","$","?","M","R","E","?","T","$","M","M","?","M","R","B"],"character_chosen":"IRONCLAD","items_purchased":["Vajra","Uppercut","Thread and Needle","Ghostly Armor","Strength Potion"],"campfire_rested":3,"item_purchase_floors":[20,20,20,27,27],"current_hp_per_floor":[69,69,74,75,80,65,65,69,69,63,52,52,76,80,80,35,80,80,80,80,80,80,80,58,42,42,42,50,49,49,53,77,0,0],"gold":65,"neow_bonus":"RANDOM_COLORLESS","is_daily":false,"chose_seed":false,"campfire_upgraded":2,"win_rate":0.0,"timestamp":1610003205,"path_taken":["M","?","?","M","M","E","R","M","T","E","?","?","R","M","R","BOSS","M","M","$","?","M","R","E","?","T","$","M","M","?","M","R","BOSS"],"items_purchased_type":["Relic","Card","Relic","Card","Potion"],"build_version":"2020-12-22","purchased_purges":0,"victory":false,"max_hp_per_floor":[80,80,80,80,80,80,80,80,80,80,80,80,80,80,80,80,80,80,80,80,80,80,80,80,80,80,80,80,80,80,80,80,80,80],"card_choices":[{"not_picked":["expansioncontent:Chronoboost","expansioncontent:ManipulateTime"],"picked":"Swift Strike","floor":0},{"not_picked":["Armaments","Iron Wave"],"picked":"Rage","floor":1},{"not_picked":["Shrug It Off","Inflame"],"picked":"Cleave","floor":3},{"not_picked":["Iron Wave","Rage"],"picked":"Twin Strike","floor":4},{"not_picked":["Shockwave","Armaments"],"picked":"Sword Boomerang","floor":5},{"not_picked":["Flame Barrier","Burning Pact"],"picked":"Combust","floor":6},{"not_picked":["Armaments","Shrug It Off"],"picked":"Bloodletting","floor":8},{"not_picked":["Disarm","Entrench"],"picked":"Immolate","floor":10},{"not_picked":["Flame Barrier","Warcry"],"picked":"Twin Strike","floor":14},{"not_picked":["Double Tap","Corruption"],"picked":"Reaper","floor":16},{"not_picked":["Twin Strike","Infernal Blade"],"picked":"Perfected Strike+1","floor":18},{"not_picked":["Flex","Spot Weakness"],"picked":"Inflame","floor":19},{"not_picked":["Twin Strike","Power Through"],"picked":"Perfected Strike","floor":22},{"not_picked":["Armaments+1","Evolve"],"picked":"Limit Break","floor":24},{"not_picked":["Blood for Blood","Fire Breathing"],"picked":"Infernal Blade+1","floor":28},{"not_picked":["Flex","Hemokinesis"],"picked":"Cleave","floor":29},{"not_picked":["Shrug It Off","True Grit"],"picked":"Inflame","floor":31}],"player_experience":121757,"relics_obtained":[{"floor":6,"key":"Bag of Preparation"},{"floor":9,"key":"Centennial Puzzle"},{"floor":10,"key":"Anchor"},{"floor":24,"key":"Smiling Mask"},{"floor":25,"key":"Enchiridion"},{"floor":26,"key":"Ornamental Fan"}],"event_choices":[{"damage_healed":0,"gold_gain":0,"player_choice":"Forge","damage_taken":0,"max_hp_gain":0,"max_hp_loss":0,"event_name":"Accursed Blacksmith","floor":2,"gold_loss":0,"cards_upgraded":["Rage"]},{"damage_healed":0,"gold_gain":75,"player_choice":"Gather Gold","damage_taken":11,"max_hp_gain":0,"max_hp_loss":0,"event_name":"World of Goop","floor":11,"gold_loss":0},{"damage_healed":0,"gold_gain":0,"player_choice":"Upgraded","damage_taken":0,"max_hp_gain":0,"max_hp_loss":0,"event_name":"Upgrade Shrine","floor":12,"gold_loss":0,"cards_upgraded":["Immolate"]},{"damage_healed":0,"gold_gain":0,"player_choice":"Opened","damage_taken":0,"relics_obtained":["Omamori"],"max_hp_gain":0,"max_hp_loss":0,"event_name":"The Mausoleum","floor":21,"gold_loss":0,"cards_obtained":["Writhe"]},{"damage_healed":0,"gold_gain":0,"player_choice":"Obtained Book","damage_taken":16,"max_hp_gain":0,"max_hp_loss":0,"event_name":"Cursed Tome","floor":25,"gold_loss":0},{"damage_healed":0,"gold_gain":0,"player_choice":"Inject Mutagens","damage_taken":0,"relics_obtained":["MutagenicStrength"],"max_hp_gain":0,"max_hp_loss":0,"event_name":"Drug Dealer","floor":30,"gold_loss":0}],"is_beta":false,"boss_relics":[{"not_picked":["Velvet Choker","Astrolabe"],"picked":"Fusion Hammer"}],"items_purged_floors":[],"is_endless":false,"potions_floor_spawned":[3,4,10,16,28,31],"killed_by":"Automaton","ascension_level":0}}