{"host":"dw8ij7emqco3quom","time":1610053460,"event":{"mods":["BaseMod","Minty Spire (QoL Compilation)"],"gold_per_floor":[19,19,19,94,105,105,140,140,165,196,161,161,190,190,190,190,190],"floor_reached":16,"playtime":813,"items_purged":[],"score":148,"play_id":"cf31ab9e-49c4-4493-999b-7a45879238e5","local_time":"20210107220420","is_ascension_mode":true,"campfire_choices":[{"data":"Sever Soul","floor":6,"key":"SMITH"},{"data":"Rage","floor":8,"key":"SMITH"},{"data":"Infernal Blade","floor":12,"key":"SMITH"},{"floor":15,"key":"REST"}],"circlet_count":0,"master_deck":["Strike_R","Strike_R","Strike_R","Strike_R","Defend_R","Defend_R","Defend_R","Bash","Sever Soul+1","Infernal Blade+1","Infernal Blade","Infernal Blade","Rage+1","Twin Strike"],"relics":["Burning Blood","Gambling Chip","Omamori","The Courier"],"acts_visited":["Exordium"],"potions_floor_usage":[10,16,16],"damage_taken":[{"damage":1,"enemies":"Cultist","floor":1,"turns":3},{"damage":0,"enemies":"Small Slimes","floor":5,"turns":3},{"damage":25,"enemies":"Gremlin Nob","floor":7,"turns":4},{"damage":25,"enemies":"3 Sentries","floor":10,"turns":5},{"damage":18,"enemies":"Gremlin Nob","floor":13,"turns":4},{"damage":77,"enemies":"Hexaghost","floor":16,"turns":10}],"seed_played":"-6570961977320860292","potions_obtained":[{"floor":1,"key":"Weak Potion"},{"floor":7,"key":"Strength Potion"},{"floor":10,"key":"SteroidPotion"}],"is_trial":false,"path_per_floor":["M","$","$","?","M","R","E","R","T","E","?","R","E","?","R","B"],"character_chosen":"IRONCLAD","items_purchased":[],"campfire_rested":1,"item_purchase_floors":[],"current_hp_per_floor":[77,77,77,77,80,80,61,61,61,42,62,62,50,50,74,0,0],"gold":190,"neow_bonus":"TRANSFORM_TWO_CARDS","is_daily":false,"chose_seed":false,"campfire_upgraded":3,"win_rate":0.0,"timestamp":1610053460,"path_taken":["M","?","$","?","M","R","E","R","T","E","?","R","E","?","R","BOSS"],"items_purchased_type":[],"build_version":"2020-12-22","purchased_purges":0,"victory":false,"max_hp_per_floor":[80,80,80,80,80,80,80,80,80,80,80,80,80,80,80,80,80],"card_choices":[{"not_picked":["Sentinel","Pummel"],"picked":"Infernal Blade","floor":1},{"not_picked":["Warcry","Heavy Blade"],"picked":"Infernal Blade","floor":5},{"not_picked":["Reckless Charge","Clothesline"],"picked":"Rage","floor":7},{"not_picked":["Power Through","Rage","Hemokinesis"],"picked":"SKIP","floor":10},{"not_picked":["Battle Trance","Perfected Strike"],"picked":"Twin Strike","floor":13}],"player_experience":620444,"relics_obtained":[{"floor":7,"key":"Gambling Chip"},{"floor":10,"key":"Omamori"},{"floor":13,"key":"The Courier"}],"event_choices":[{"damage_healed":0,"gold_gain":75,"player_choice":"Gained Gold","damage_taken":0,"max_hp_gain":0,"max_hp_loss":0,"event_name":"Golden Wing","floor":4,"gold_loss":0},{"damage_healed":20,"gold_gain":0,"player_choice":"Healed","damage_taken":0,"max_hp_gain":0,"max_hp_loss":0,"event_name":"The Cleric","floor":11,"gold_loss":35},{"damage_healed":0,"gold_gain":0,"player_choice":"Ignored","damage_taken":0,"max_hp_gain":0,"max_hp_loss":0,"event_name":"Liars Game","floor":14,"gold_loss":0}],"is_beta":false,"boss_relics":[],"items_purged_floors":[],"is_endless":false,"potions_floor_spawned":[1,7,10],"killed_by":"Hexaghost","ascension_level":6}}