{"host":"jexbkylv34f8xu3o","time":1610061831,"event":{"mods":["AchievementEnabler","BaseMod","Colored Map","Colored Powertips","GifTheSpireLib","Highlight Path","Minty Spire (QoL Compilation)","Quick Restart","StSLib"],"gold_per_floor":[119,119,131,32,32,32,59,75,130,153,200,226,238,263,275,408,420,451,463,475,487,499,511,523,567,605,646,758,770,782,827,839,947,959,989,1017,1039,1071,1133,1179,1191,1237,1249,1261,1299,1311,374,393,393,393],"floor_reached":51,"playtime":1963,"items_purged":["Strike_P","Strike_P"],"score":1061,"play_id":"2c2ce9ea-601c-484d-8d10-417448ce9372","local_time":"20210107202351","is_ascension_mode":true,"campfire_choices":[{"data":"Eruption","floor":6,"key":"SMITH"},{"data":"MasterReality","floor":15,"key":"SMITH"},{"data":"Scrawl","floor":23,"key":"SMITH"},{"data":"CrushJoints","floor":30,"key":"SMITH"},{"data":"SashWhip","floor":32,"key":"SMITH"},{"floor":44,"key":"DIG"},{"floor":46,"key":"DIG"},{"floor":49,"key":"DIG"}],"circlet_count":0,"master_deck":["Defend_P","Defend_P","Eruption+1","Vigilance","EmptyFist","EmptyFist","SashWhip+1","Adaptation","FlyingSleeves","Halt","MasterReality+1","FollowUp","Evaluate","Scrawl+1","Madness+1","Scrawl+1","Brilliance+1","BattleHymn","JustLucky+1","CrushJoints+1","InnerPeace+1","Madness+1","Brilliance","Indignation+1","MentalFortress","PathToVictory+1","Establishment","EmptyBody+1","WindmillStrike+1","Adaptation","TalkToTheHand","Panache","Dramatic Entrance","Sanctity+1","Study+1"],"relics":["PureWater","NeowsBlessing","Regal Pillow","MawBank","Centennial Puzzle","Bloody Idol","Astrolabe","MutagenicStrength","Shuriken","PreservedInsect","Gremlin Horn","Unceasing Top","Toxic Egg 2","Pantograph","Busted Crown","Shovel","Bronze Scales","Dream Catcher","Bag of Preparation","Akabeko","Omamori","Orichalcum","Strawberry","Lantern"],"acts_visited":["Exordium","TheCity","TheBeyond"],"potions_floor_usage":[10,11,16,28,33,42,50,50,50],"damage_taken":[{"damage":0,"enemies":"Jaw Worm","floor":1,"turns":1},{"damage":0,"enemies":"Cultist","floor":3,"turns":1},{"damage":0,"enemies":"Gremlin Nob","floor":7,"turns":1},{"damage":0,"enemies":"2 Louse","floor":8,"turns":2},{"damage":17,"enemies":"Exordium Wildlife","floor":10,"turns":4},{"damage":5,"enemies":"3 Sentries","floor":11,"turns":5},{"damage":4,"enemies":"Large Slime","floor":12,"turns":4},{"damage":9,"enemies":"2 Fungi Beasts","floor":14,"turns":3},{"damage":17,"enemies":"Slime Boss","floor":16,"turns":8},{"damage":7,"enemies":"Shell Parasite","floor":18,"turns":4},{"damage":18,"enemies":"Gremlin Leader","floor":25,"turns":5},{"damage":29,"enemies":"Slavers","floor":27,"turns":3},{"damage":22,"enemies":"Colosseum Slavers","floor":28,"turns":2},{"damage":0,"enemies":"Colosseum Nobs","floor":28,"turns":1},{"damage":0,"enemies":"Gremlin Leader","floor":31,"turns":1},{"damage":65,"enemies":"Collector","floor":33,"turns":6},{"damage":4,"enemies":"3 Darklings","floor":35,"turns":3},{"damage":0,"enemies":"Orb Walker","floor":36,"turns":2},{"damage":18,"enemies":"Writhing Mass","floor":37,"turns":2},{"damage":0,"enemies":"Jaw Worm Horde","floor":38,"turns":1},{"damage":0,"enemies":"Mind Bloom Boss Battle","floor":39,"turns":2},{"damage":2,"enemies":"Giant Head","floor":40,"turns":4},{"damage":17,"enemies":"Nemesis","floor":42,"turns":3},{"damage":0,"enemies":"Giant Head","floor":45,"turns":3},{"damage":0,"enemies":"3 Darklings","floor":48,"turns":1},{"damage":20,"enemies":"Awakened One","floor":50,"turns":6}],"seed_played":"8564801773530991711","potions_obtained":[{"floor":3,"key":"Regen Potion"},{"floor":7,"key":"Strength Potion"},{"floor":8,"key":"FearPotion"},{"floor":27,"key":"Strength Potion"},{"floor":31,"key":"Regen Potion"},{"floor":33,"key":"BlessingOfTheForge"},{"floor":36,"key":"SmokeBomb"},{"floor":38,"key":"Dexterity Potion"},{"floor":45,"key":"Swift Potion"}],"is_trial":false,"path_per_floor":["M","?","M","$","?","R","E","M","T","M","E","M","?","M","R","B",null,"M","?","?","?","?","R","$","E","T","E","?","?","R","E","R","B",null,"M","M","M","M","?","E","?","E","T","R","E","R","$","M","R","B",null],"character_chosen":"WATCHER","items_purchased":["SashWhip","Adaptation","TalkToTheHand","Orichalcum","Strawberry","Panache","Dramatic Entrance","Sanctity+1","DuplicationPotion"],"campfire_rested":0,"item_purchase_floors":[4,47,47,47,47,47,47,47,47],"current_hp_per_floor":[72,72,72,72,65,65,65,65,65,57,52,48,48,39,39,22,67,60,60,60,60,65,67,67,54,64,43,31,36,41,51,56,16,67,67,67,54,64,67,67,67,55,60,65,67,67,74,74,74,54],"gold":393,"neow_bonus":"THREE_ENEMY_KILL","is_daily":false,"chose_seed":false,"campfire_upgraded":5,"win_rate":0.0,"timestamp":1610061831,"path_taken":["M","?","?","$","?","R","E","M","T","M","E","M","?","M","R","BOSS","M","?","?","?","?","R","$","E","T","E","?","?","R","E","R","BOSS","M","M","?","M","?","E","?","E","T","R","E","R","$","?","R","BOSS"],"items_purchased_type":["Card","Card","Card","Relic","Relic","Card","Card","Card","Potion"],"build_version":"2020-12-22","purchased_purges":2,"victory":true,"max_hp_per_floor":[72,72,72,72,72,72,72,72,72,72,72,72,67,67,67,67,67,67,67,67,67,67,67,67,67,67,67,67,67,67,67,67,67,67,67,67,67,67,67,67,67,67,67,67,67,67,74,74,74,74],"card_choices":[{"not_picked":["BowlingBash","Evaluate"],"picked":"EmptyFist","floor":1},{"not_picked":["Indignation","ReachHeaven"],"picked":"EmptyFist","floor":3},{"not_picked":["CrushJoints","FollowUp"],"picked":"Adaptation","floor":7},{"not_picked":["BowlingBash","SignatureMove"],"picked":"FlyingSleeves","floor":8},{"not_picked":["SandsOfTime","EmptyFist"],"picked":"Halt","floor":10},{"not_picked":["Judgement","Prostrate"],"picked":"MasterReality","floor":11},{"not_picked":["EmptyFist","Prostrate"],"picked":"FollowUp","floor":12},{"not_picked":["BowlingBash","Halt"],"picked":"Evaluate","floor":14},{"not_picked":["ConjureBlade","SpiritShield"],"picked":"Scrawl","floor":16},{"not_picked":["Consecrate","FlyingSleeves"],"picked":"BattleHymn","floor":18},{"not_picked":["Study","Crescendo"],"picked":"JustLucky+1","floor":25},{"not_picked":["Perseverance","EmptyBody+1"],"picked":"CrushJoints","floor":27},{"not_picked":["Ragnarok","EmptyFist+1"],"picked":"InnerPeace+1","floor":28},{"not_picked":["EmptyBody+1","JustLucky","CutThroughFate"],"picked":"SKIP","floor":31},{"not_picked":["Blasphemy+1","Ragnarok"],"picked":"Brilliance","floor":33},{"not_picked":[],"picked":"Indignation+1","floor":35},{"not_picked":["Consecrate"],"picked":"SKIP","floor":36},{"not_picked":["FollowUp+1"],"picked":"SKIP","floor":37},{"not_picked":["BowlingBash+1"],"picked":"SKIP","floor":38},{"not_picked":[],"picked":"MentalFortress","floor":39},{"not_picked":[],"picked":"PathToVictory+1","floor":40},{"not_picked":["Protect+1"],"picked":"SKIP","floor":42},{"not_picked":[],"picked":"WindmillStrike+1","floor":45},{"not_picked":[],"picked":"Study+1","floor":48}],"player_experience":546872,"relics_obtained":[{"floor":7,"key":"Regal Pillow"},{"floor":9,"key":"MawBank"},{"floor":11,"key":"Centennial Puzzle"},{"floor":25,"key":"Shuriken"},{"floor":26,"key":"PreservedInsect"},{"floor":27,"key":"Gremlin Horn"},{"floor":28,"key":"Unceasing Top"},{"floor":28,"key":"Toxic Egg 2"},{"floor":31,"key":"Pantograph"},{"floor":39,"key":"Shovel"},{"floor":40,"key":"Bronze Scales"},{"floor":42,"key":"Dream Catcher"},{"floor":44,"key":"Bag of Preparation"},{"floor":45,"key":"Akabeko"},{"floor":46,"key":"Omamori"},{"floor":49,"key":"Lantern"}],"event_choices":[{"damage_healed":0,"gold_gain":0,"player_choice":"1 cards matched","damage_taken":0,"max_hp_gain":0,"max_hp_loss":0,"event_name":"Match and Keep!","floor":2,"gold_loss":0,"cards_obtained":["Jack Of All Trades"]},{"cards_removed":["Strike_P"],"damage_healed":0,"gold_gain":0,"player_choice":"Card Removal","damage_taken":7,"max_hp_gain":0,"max_hp_loss":0,"event_name":"Golden Wing","floor":5,"gold_loss":0},{"damage_healed":0,"gold_gain":0,"player_choice":"Lose Max HP","damage_taken":0,"relics_obtained":["Golden Idol"],"max_hp_gain":0,"max_hp_loss":5,"event_name":"Golden Idol","floor":13,"gold_loss":0},{"damage_healed":0,"gold_gain":0,"player_choice":"Inject Mutagens","damage_taken":0,"relics_obtained":["MutagenicStrength"],"max_hp_gain":0,"max_hp_loss":0,"event_name":"Drug Dealer","floor":19,"gold_loss":0},{"cards_removed":["Defend_P"],"damage_healed":0,"gold_gain":0,"player_choice":"Elegance","damage_taken":0,"max_hp_gain":0,"max_hp_loss":0,"event_name":"Back to Basics","floor":20,"gold_loss":0},{"damage_healed":0,"gold_gain":0,"player_choice":"Gave Idol","damage_taken":0,"relics_obtained":["Bloody Idol"],"max_hp_gain":0,"max_hp_loss":0,"event_name":"Forgotten Altar","floor":21,"relics_lost":["Golden Idol"],"gold_loss":0},{"damage_healed":0,"gold_gain":0,"player_choice":"Ignored","damage_taken":0,"max_hp_gain":0,"max_hp_loss":0,"event_name":"Ghosts","floor":22,"gold_loss":0},{"damage_healed":0,"gold_gain":0,"player_choice":"Fight","damage_taken":0,"max_hp_gain":0,"max_hp_loss":0,"event_name":"Colosseum","floor":28,"gold_loss":0},{"damage_healed":0,"gold_gain":0,"player_choice":"Fought Nobs","damage_taken":0,"max_hp_gain":0,"max_hp_loss":0,"event_name":"Colosseum","floor":28,"gold_loss":0},{"damage_healed":0,"gold_gain":0,"player_choice":"Copied","damage_taken":0,"max_hp_gain":0,"max_hp_loss":0,"event_name":"Duplicator","floor":29,"gold_loss":0,"cards_obtained":["Madness"]},{"damage_healed":0,"gold_gain":0,"player_choice":"Fight","damage_taken":0,"max_hp_gain":0,"max_hp_loss":0,"event_name":"MindBloom","floor":39,"gold_loss":0},{"damage_healed":0,"gold_gain":0,"player_choice":"2 cards matched","damage_taken":0,"max_hp_gain":0,"max_hp_loss":0,"event_name":"Match and Keep!","floor":41,"gold_loss":0,"cards_obtained":["Establishment","EmptyBody"]}],"is_beta":false,"boss_relics":[{"not_picked":["Ectoplasm","Tiny House"],"picked":"Astrolabe"},{"not_picked":["HolyWater","Fusion Hammer"],"picked":"Busted Crown"}],"items_purged_floors":[4,47],"is_endless":false,"potions_floor_spawned":[3,7,8,27,31,33,36,38,39,45],"ascension_level":2}}