{"host":"h0xw20cia6ppa69g","time":1610011475,"event":{"mods":["AchievementEnabler","BaseMod","Colored Map","Filter the Spire","Googly Eyes","Minty Spire (QoL Compilation)","Relic Stats","StSLib","The Awakened One except there are too many feathers","everything is the same but u backflip on backflip"],"gold_per_floor":[415,415,10,27,42,42,82,82,152,152,186,215,165,190,190,303,366,392,150,165,165,188,188,216,247,247,302,314,343,394,386,398,514,535,575,606,618,165,195,237,237,272,272,272,292,319,194,206,206,206,206,206,48,92,92,92],"floor_reached":55,"playtime":4442,"items_purged":["Strike_G","Poisoned Stab","Parasite"],"score":834,"play_id":"cee0fc19-c02a-4b2d-8def-ec7f394dc157","local_time":"20210107032435","is_ascension_mode":true,"campfire_choices":[{"data":"Bouncing Flask","floor":10,"key":"SMITH"},{"data":"Footwork","floor":15,"key":"SMITH"},{"data":"Envenom","floor":23,"key":"SMITH"},{"data":"Footwork","floor":28,"key":"SMITH"},{"data":"Night Terror","floor":32,"key":"SMITH"},{"floor":44,"key":"RECALL"},{"data":"Apotheosis","floor":49,"key":"SMITH"},{"data":"Accuracy","floor":52,"key":"SMITH"}],"circlet_count":0,"master_deck":["Survivor","Neutralize","Footwork+1","Flying Knee","Deadly Poison","Caltrops","Dodge and Roll","Bouncing Flask+1","Escape Plan","Footwork+1","Deadly Poison","Night Terror+1","Backstab","Adrenaline","Dash","Deadly Poison","Adrenaline","Crippling Poison","Endless Agony","Riddle With Holes","Envenom+1","Blade Dance+1","Deflect+1","Well Laid Plans+1","Night Terror","Venomology","Wraith Form v2","CurseOfTheBell","Blade Dance","Dodge and Roll","Apotheosis+1","Accuracy+1","Accuracy+1","Storm of Steel","PiercingWail","Acrobatics+1","Sadistic Nature","Dodge and Roll"],"relics":["Ring of the Snake","Old Coin","Lantern","CeramicFish","HornCleat","Toy Ornithopter","Ornamental Fan","Nloth\u0027s Gift","Regal Pillow","MawBank","Bag of Marbles","Incense Burner","Calling Bell","Tiny Chest","Darkstone Periapt","Tough Bandages","Pen Nib","Blood Vial","Calipers","Bottled Lightning","Strawberry"],"acts_visited":["Exordium","TheCity","TheBeyond","TheEnding"],"potions_floor_usage":[16,25,27,33,33,33,33,33,33,33,33,33,33,33,33,33,33,33,35,40,40,40,40,42,42,45,45,46,48,48,48,48,48,48,48,48,48,48,48,48,48,48,48,48,48,48,50,50,50,54,54,54,55,55,55],"damage_taken":[{"damage":0,"enemies":"Small Slimes","floor":1,"turns":5},{"damage":0,"enemies":"Cultist","floor":4,"turns":3},{"damage":2,"enemies":"Jaw Worm","floor":5,"turns":3},{"damage":6,"enemies":"Lagavulin","floor":7,"turns":5},{"damage":10,"enemies":"Gremlin Nob","floor":11,"turns":5},{"damage":0,"enemies":"Exordium Wildlife","floor":12,"turns":4},{"damage":0,"enemies":"Looter","floor":14,"turns":3},{"damage":22,"enemies":"Slime Boss","floor":16,"turns":12},{"damage":7,"enemies":"Shell Parasite","floor":18,"turns":4},{"damage":0,"enemies":"Chosen","floor":20,"turns":4},{"damage":2,"enemies":"Shelled Parasite and Fungi","floor":22,"turns":5},{"damage":0,"enemies":"Snecko","floor":24,"turns":5},{"damage":3,"enemies":"Book of Stabbing","floor":25,"turns":4},{"damage":19,"enemies":"Slavers","floor":27,"turns":5},{"damage":1,"enemies":"3 Cultists","floor":29,"turns":5},{"damage":16,"enemies":"Gremlin Leader","floor":30,"turns":6},{"damage":52,"enemies":"Champ","floor":33,"turns":41},{"damage":2,"enemies":"3 Darklings","floor":35,"turns":7},{"damage":7,"enemies":"Orb Walker","floor":36,"turns":2},{"damage":10,"enemies":"Writhing Mass","floor":39,"turns":7},{"damage":13,"enemies":"Reptomancer","floor":40,"turns":8},{"damage":42,"enemies":"Nemesis","floor":42,"turns":7},{"damage":12,"enemies":"Jaw Worm Horde","floor":45,"turns":5},{"damage":5,"enemies":"Spire Growth","floor":46,"turns":5},{"damage":44,"enemies":"Sphere and 2 Shapes","floor":48,"turns":28},{"damage":52,"enemies":"Awakened One","floor":50,"turns":19},{"damage":9,"enemies":"Shield and Spear","floor":54,"turns":9},{"damage":73,"enemies":"The Heart","floor":55,"turns":6}],"seed_played":"-4346842919654142685","potions_obtained":[{"floor":1,"key":"Energy Potion"},{"floor":2,"key":"FairyPotion"},{"floor":2,"key":"Explosive Potion"},{"floor":18,"key":"DistilledChaos"},{"floor":31,"key":"Explosive Potion"},{"floor":35,"key":"EntropicBrew"},{"floor":45,"key":"PowerPotion"},{"floor":46,"key":"Explosive Potion"}],"is_trial":false,"path_per_floor":["M","?","$","M","M","?","E","$","T","R","E","M","?","M","R","B",null,"M","$","M","?","M","R","M","E","T","E","R","M","E","?","R","B",null,"M","M","?","$","M","E","T","E","T","R","M","M","$","M","R","B",null,"R","$","E","B"],"character_chosen":"THE_SILENT","items_purchased":["Lantern","Poisoned Stab","Flying Knee","Deadly Poison","Caltrops","Ornamental Fan","Dodge and Roll","Pen Nib","Apotheosis","Sadistic Nature"],"campfire_rested":0,"item_purchase_floors":[3,3,3,3,3,19,38,38,38,53],"current_hp_per_floor":[63,63,63,63,61,61,55,55,55,55,45,45,45,45,45,28,63,56,56,56,56,54,54,54,56,56,42,42,41,25,25,25,63,63,63,56,56,56,52,59,59,29,29,29,29,31,31,66,66,14,66,66,66,73,0,0],"gold":92,"neow_bonus":"ONE_RARE_RELIC","is_daily":false,"chose_seed":false,"campfire_upgraded":7,"win_rate":0.0,"timestamp":1610011475,"path_taken":["M","?","$","?","M","?","E","?","T","R","E","M","?","M","R","BOSS","M","$","M","?","M","R","?","E","T","E","R","M","E","?","R","BOSS","M","?","?","$","?","E","?","E","T","R","M","M","$","M","R","BOSS","R","$","E","BOSS"],"items_purchased_type":["Relic","Card","Card","Card","Card","Relic","Card","Relic","Card","Card"],"build_version":"2020-12-22","purchased_purges":3,"victory":false,"max_hp_per_floor":[63,63,63,63,63,63,63,63,63,63,63,63,63,63,63,63,63,63,63,63,63,63,63,63,63,63,63,63,63,63,63,63,63,63,63,63,63,63,69,69,69,69,69,69,69,69,66,66,66,66,66,66,66,73,73,73],"relic_stats":{"Darkstone Periapt":6,"Regal Pillow":0,"counters":[28,222],"CeramicFish":270,"Pen Nib":[15],"MawBank":144,"Blood Vial":8,"Tough Bandages":[114],"Ornamental Fan":[244],"Tiny Chest":1,"Nloth\u0027s Gift":5,"obtain_stats":[{"Darkstone Periapt":34,"Lantern":3,"Regal Pillow":25,"Calipers":41,"CeramicFish":7,"Pen Nib":38,"Incense Burner":30,"MawBank":26,"Old Coin":0,"Calling Bell":34,"Blood Vial":40,"Tough Bandages":34,"HornCleat":9,"Ornamental Fan":19,"Strawberry":54,"Pandora\u0027s Box":17,"Tiny Chest":34,"Nloth\u0027s Gift":21,"Bag of Marbles":27,"Bottled Lightning":42,"Toy Ornithopter":11,"Ring of the Snake":0},{"Darkstone Periapt":17,"Lantern":1,"Regal Pillow":13,"Calipers":21,"CeramicFish":4,"Pen Nib":19,"Incense Burner":16,"MawBank":13,"Old Coin":0,"Calling Bell":17,"Blood Vial":21,"Tough Bandages":17,"HornCleat":4,"Ornamental Fan":9,"Strawberry":27,"Pandora\u0027s Box":8,"Tiny Chest":17,"Nloth\u0027s Gift":10,"Bag of Marbles":14,"Bottled Lightning":22,"Toy Ornithopter":5,"Ring of the Snake":0},{"Darkstone Periapt":119,"Lantern":5,"Regal Pillow":62,"Calipers":143,"CeramicFish":16,"Pen Nib":128,"Incense Burner":78,"MawBank":62,"Old Coin":0,"Calling Bell":119,"Blood Vial":143,"Tough Bandages":119,"HornCleat":16,"Ornamental Fan":44,"Strawberry":216,"Pandora\u0027s Box":40,"Tiny Chest":119,"Nloth\u0027s Gift":48,"Bag of Marbles":67,"Bottled Lightning":150,"Toy Ornithopter":21,"Ring of the Snake":0}],"Toy Ornithopter":191,"Ring of the Snake":[58]},"card_choices":[{"not_picked":["Heel Hook","Blade Dance"],"picked":"Footwork","floor":1},{"not_picked":["Prepared","Caltrops"],"picked":"Dodge and Roll","floor":4},{"not_picked":["Flying Knee","Acrobatics"],"picked":"Bouncing Flask","floor":5},{"not_picked":["Backflip","Poisoned Stab"],"picked":"Footwork","floor":7},{"not_picked":["Concentrate","PiercingWail"],"picked":"Deadly Poison","floor":11},{"not_picked":["Leg Sweep","Flying Knee"],"picked":"Night Terror","floor":12},{"not_picked":["Bane","Poisoned Stab"],"picked":"Backstab","floor":14},{"not_picked":["Unload","Die Die Die"],"picked":"Adrenaline","floor":16},{"not_picked":["Masterful Stab","Caltrops"],"picked":"Blade Dance+1","floor":18},{"not_picked":["Endless Agony","Quick Slash","Reflex"],"picked":"SKIP","floor":20},{"not_picked":["Eviscerate","Bouncing Flask"],"picked":"Deflect+1","floor":22},{"not_picked":["Riddle With Holes","PiercingWail"],"picked":"Well Laid Plans+1","floor":24},{"not_picked":["Blade Dance","Crippling Poison","Distraction"],"picked":"SKIP","floor":25},{"not_picked":["Well Laid Plans+1","Die Die Die"],"picked":"Night Terror","floor":27},{"not_picked":["Slice","Underhanded Strike+1","Caltrops"],"picked":"SKIP","floor":29},{"not_picked":["Endless Agony","Dash"],"picked":"Venomology","floor":30},{"not_picked":["Corpse Explosion","Burst"],"picked":"Wraith Form v2","floor":33},{"not_picked":["Acrobatics+1","Venomology"],"picked":"Blade Dance","floor":35},{"not_picked":["Poisoned Stab+1","Flying Knee","Outmaneuver"],"picked":"SKIP","floor":36},{"not_picked":["Slice","Outmaneuver+1"],"picked":"Accuracy+1","floor":39},{"not_picked":["Quick Slash","Skewer+1"],"picked":"Accuracy","floor":40},{"not_picked":["Cloak And Dagger+1","Acrobatics+1"],"picked":"Storm of Steel","floor":42},{"not_picked":["Skewer","Distraction"],"picked":"PiercingWail","floor":45},{"not_picked":["Prepared","Well Laid Plans+1"],"picked":"Acrobatics+1","floor":46},{"not_picked":["Dagger Throw+1","All Out Attack+1","Flying Knee"],"picked":"SKIP","floor":48},{"not_picked":["Glass Knife","Corpse Explosion"],"picked":"Dodge and Roll","floor":54}],"player_experience":3654613,"relics_obtained":[{"floor":7,"key":"CeramicFish"},{"floor":9,"key":"HornCleat"},{"floor":11,"key":"Toy Ornithopter"},{"floor":25,"key":"Regal Pillow"},{"floor":26,"key":"MawBank"},{"floor":27,"key":"Bag of Marbles"},{"floor":30,"key":"Incense Burner"},{"floor":34,"key":"Tiny Chest"},{"floor":34,"key":"Darkstone Periapt"},{"floor":34,"key":"Tough Bandages"},{"floor":40,"key":"Blood Vial"},{"floor":41,"key":"Calipers"},{"floor":42,"key":"Bottled Lightning"},{"floor":54,"key":"Strawberry"}],"event_choices":[{"damage_healed":0,"gold_gain":0,"player_choice":"Got Potions","damage_taken":0,"max_hp_gain":0,"max_hp_loss":0,"event_name":"Lab","floor":2,"gold_loss":0},{"damage_healed":0,"gold_gain":0,"cards_transformed":["Strike_G"],"player_choice":"Change","damage_taken":0,"max_hp_gain":0,"max_hp_loss":0,"event_name":"Living Wall","floor":6,"gold_loss":0,"cards_obtained":["Escape Plan"]},{"cards_removed":["Defend_G"],"damage_healed":0,"gold_gain":0,"player_choice":"Card Removal","damage_taken":0,"max_hp_gain":0,"max_hp_loss":0,"event_name":"The Cleric","floor":13,"gold_loss":50},{"damage_healed":0,"gold_gain":0,"player_choice":"Traded Relic","damage_taken":0,"relics_obtained":["Nloth\u0027s Gift"],"max_hp_gain":0,"max_hp_loss":0,"event_name":"N\u0027loth","floor":21,"relics_lost":["Pandora\u0027s Box"],"gold_loss":0},{"damage_healed":0,"gold_gain":0,"player_choice":"Bought 1 Potion","damage_taken":0,"max_hp_gain":0,"max_hp_loss":0,"event_name":"The Woman in Blue","floor":31,"gold_loss":0},{"damage_healed":0,"gold_gain":0,"player_choice":"Ignored","damage_taken":0,"max_hp_gain":0,"max_hp_loss":0,"event_name":"SecretPortal","floor":37,"gold_loss":0}],"is_beta":false,"boss_relics":[{"not_picked":["Ring of the Serpent","Cursed Key"],"picked":"Pandora\u0027s Box"},{"not_picked":["WristBlade","Empty Cage"],"picked":"Calling Bell"}],"items_purged_floors":[3,38,47],"is_endless":false,"potions_floor_spawned":[1,5,14,18,20,24,33,35,39,45,46],"killed_by":"The Heart","ascension_level":1}}