{"host":"bpkhhmvsfrvlto2l","time":1610008465,"event":{"mods":["2.2 Compatiblity","Act Like it!","AlwaysNeverKeys","BaseMod","Better Silent Start","Challenge The Spire","Colored Map","Colored Powertips","Custom Start","Downfall","Energized Spire","Friendly Minions","GifTheSpireLib","Halation","Hubris","Infinite Spire","Ironclad Rager","Mimic Mod","Minty Spire (QoL Compilation)","Permanent Neow","Quick Restart","Random Character Button","Relic Sorter","Replay The Spire","Spikes Relics","StSLib","Stuff the Spire","Swap Starting Deck Mod","Trackpad"],"gold_per_floor":[117,117,117,80,100,100,127,127,127,158,34,34,48,48,48,48,48],"floor_reached":16,"playtime":275,"items_purged":["Regret"],"score":122,"play_id":"7df592b7-872f-459c-9076-a9d5012db7ab","local_time":"20210107033425","is_ascension_mode":true,"campfire_choices":[{"data":"Loop","floor":6,"key":"SMITH"},{"data":"Static Discharge","floor":8,"key":"SMITH"},{"floor":15,"key":"REST"}],"circlet_count":0,"master_deck":["Strike_B","Strike_B","Strike_B","Strike_B","Defend_B","Defend_B","Defend_B","Defend_B","Zap","Loop+1","Static Discharge","Static Discharge+1","Beam Cell","StuffTheSpire:Rend+1"],"relics":["Cracked Core","StuffTheSpire:RedRose","Bronze Scales","StuffTheSpire:SapphireSignet","hubris:GlazedTorus"],"acts_visited":["Exordium"],"potions_floor_usage":[10,16],"damage_taken":[{"damage":0,"enemies":"Small Slimes","floor":1,"turns":3},{"damage":11,"enemies":"Jaw Worm","floor":5,"turns":4},{"damage":23,"enemies":"Lagavulin","floor":7,"turns":5},{"damage":34,"enemies":"Gremlin Nob","floor":10,"turns":4},{"damage":0,"enemies":"2 Louse","floor":13,"turns":2},{"damage":33,"enemies":"The Guardian","floor":16,"turns":5}],"seed_played":"-3169148511778197300","potions_obtained":[{"floor":7,"key":"LiquidBronze"}],"is_trial":false,"path_per_floor":["M","?","?","$","M","R","E","R","T","E","$","?","M","?","R","B"],"character_chosen":"DEFECT","items_purchased":["Static Discharge","PowerPotion"],"campfire_rested":1,"item_purchase_floors":[4,11],"current_hp_per_floor":[75,75,75,75,64,64,41,41,41,7,7,7,7,7,29,0,0],"gold":48,"neow_bonus":"THREE_CARDS","is_daily":false,"chose_seed":false,"campfire_upgraded":2,"win_rate":0.0,"timestamp":1610008465,"path_taken":["M","?","?","$","M","R","E","R","T","E","$","?","?","?","R","BOSS"],"items_purchased_type":["Card","Potion"],"build_version":"2020-12-22","purchased_purges":1,"victory":false,"max_hp_per_floor":[75,75,75,75,75,75,75,75,75,75,75,75,75,75,75,75,75],"card_choices":[{"not_picked":["Steam Power","Hologram"],"picked":"Loop","floor":0},{"not_picked":["StuffTheSpire:LoadUp","Leap"],"picked":"Static Discharge","floor":1},{"not_picked":["Sweeping Beam","BasicCrystalCard"],"picked":"Beam Cell","floor":5}],"player_experience":35098,"relics_obtained":[{"floor":7,"key":"Bronze Scales"},{"floor":9,"key":"StuffTheSpire:SapphireSignet"},{"floor":10,"key":"hubris:GlazedTorus"}],"event_choices":[{"damage_healed":0,"gold_gain":0,"player_choice":"Ignored","damage_taken":0,"max_hp_gain":0,"max_hp_loss":0,"event_name":"Golden Wing","floor":3,"gold_loss":0},{"damage_healed":0,"gold_gain":0,"player_choice":"Ignored","damage_taken":0,"max_hp_gain":0,"max_hp_loss":0,"event_name":"Golden Idol","floor":12,"gold_loss":0}],"is_beta":false,"boss_relics":[],"items_purged_floors":[11],"is_endless":false,"potions_floor_spawned":[7],"killed_by":"The Guardian","ascension_level":3}}