{"host":"5fasz840ryq7obdf","time":1610040442,"event":{"mods":["2.2 Compatiblity","AchievementEnabler","BaseMod","Bestiary","Better Altar","Better Skull","Better Third Choice","BetterRewards","Block Reminder","Colored Powertips","Curses Come First","Minty Spire (QoL Compilation)","Quick Restart","Relic Sorter","Relic Stats","Replay The Spire","Shop Mod","Spicy Shops","StSLib","SuperFastMode","ojb\u0027s Better Paths Mod","ojb\u0027s Info Mod"],"gold_per_floor":[62,101,36,54,98,98,158,158,182,182,91,54,123,186,186,294,312,398,523,546,596,274,340,419,453,453,453,466,551,155,221,221,331,331,373,67,126,171,191,257,296,296,322,353,425,484,500,537,537,537,537,537,537,40,99,99],"floor_reached":57,"playtime":4855,"items_purged":["Strike_R","Strike_R","Strike_R","Pain","ReplayTheSpireMod:Restless Dread","Amnesia","True Grit","True Grit"],"score":3504,"play_id":"109227b5-7b9a-4076-b934-a4a42de19942","local_time":"20210107172722","is_ascension_mode":true,"campfire_choices":[{"data":"HandOfGreed","floor":6.0,"key":"SMITH"},{"data":"Barricade","floor":10.0,"key":"SMITH"},{"data":"Seeing Red","floor":15.0,"key":"SMITH"},{"data":"True Grit","floor":27.0,"key":"SMITH"},{"floor":32.0,"key":"RECALL"},{"data":"True Grit","floor":42.0,"key":"SMITH"},{"floor":49.0,"key":"DIG"},{"floor":53.0,"key":"DIG"}],"circlet_count":0,"master_deck":["AscendersBane","Defend_R","Defend_R","Bash+1","Barricade+1","True Grit+1","Whirlwind+1","HandOfGreed+1","Shrug It Off","Metallicize+1","True Grit+1","Seeing Red+1","HandOfGreed+1","Body Slam+1","Double Tap+1","Uppercut+1","Combust+1","Shockwave","Ghostly Armor+1","Dual Wield","Offering+1","Body Slam+1","Battle Trance","Battle Trance","Entrench+1","Reaper+1","Shockwave","ReplayTheSpireMod:Private Reserves+1","Demon Form+1","Disarm+1","Shrug It Off","Limit Break+1","ReplayTheSpireMod:Muscle Training","Metallicize+1"],"relics":["Burning Blood","Replay:Wax Seal","Orrery","Membership Card","Self Forming Clay","Paper Frog","Art of War","Shovel","Divine Protection","InkBottle","King of Hearts","PreservedInsect","Golden Egg","Lantern","ReplayTheSpireMod:CursedCoin","Oddly Smooth Stone","Akabeko","CeramicFish","Bag of Preparation","ReplayTheSpireMod:Shallot","Kintsugi","Anchor","Guide Book","Whetstone","Ancient Tea Set","Unceasing Top","Vajra","CaptainsWheel","Sling","Ooze Armor","HornCleat","Thread and Needle","Pet Ghost","Toy Ornithopter","Ice Cream","Replay:Mystery Machine","Torii","Replay:WaspNest","Snack Pack","Nunchaku","Blue Candle","Charon\u0027s Ashes"],"acts_visited":["Exordium","TheCity","TheBeyond","TheEnding"],"potions_floor_usage":[56,56,56],"damage_taken":[{"damage":0.0,"enemies":"Small Slimes","floor":1.0,"turns":4.0},{"damage":0.0,"enemies":"2 Louse","floor":2.0,"turns":1.0},{"damage":0.0,"enemies":"Cultist","floor":3.0,"turns":2.0},{"damage":2.0,"enemies":"Blue Slaver","floor":5.0,"turns":3.0},{"damage":0.0,"enemies":"Lagavulin","floor":7.0,"turns":8.0},{"damage":6.0,"enemies":"3 Sentries","floor":11.0,"turns":7.0},{"damage":0.0,"enemies":"Exordium Thugs","floor":12.0,"turns":6.0},{"damage":0.0,"enemies":"Exordium Wildlife","floor":13.0,"turns":3.0},{"damage":0.0,"enemies":"Lagavulin","floor":14.0,"turns":5.0},{"damage":22.0,"enemies":"Hexaghost","floor":16.0,"turns":11.0},{"damage":15.0,"enemies":"3 Byrds","floor":18.0,"turns":5.0},{"damage":5.0,"enemies":"Spheric Guardian","floor":20.0,"turns":8.0},{"damage":0.0,"enemies":"Book of Stabbing","floor":23.0,"turns":4.0},{"damage":0.0,"enemies":"Centurion and Healer","floor":24.0,"turns":4.0},{"damage":0.0,"enemies":"Gremlin Leader","floor":25.0,"turns":2.0},{"damage":0.0,"enemies":"Snake Plant","floor":28.0,"turns":2.0},{"damage":5.0,"enemies":"Slavers","floor":29.0,"turns":6.0},{"damage":0.0,"enemies":"3 Cultists","floor":31.0,"turns":2.0},{"damage":25.0,"enemies":"Champ","floor":33.0,"turns":9.0},{"damage":6.0,"enemies":"3 Shapes","floor":35.0,"turns":3.0},{"damage":0.0,"enemies":"Mind Bloom Boss Battle","floor":37.0,"turns":4.0},{"damage":0.0,"enemies":"Orb Walker","floor":38.0,"turns":3.0},{"damage":0.0,"enemies":"3 Darklings","floor":39.0,"turns":4.0},{"damage":6.0,"enemies":"Sphere and 2 Shapes","floor":40.0,"turns":7.0},{"damage":1.0,"enemies":"R_Hoarder","floor":41.0,"turns":6.0},{"damage":0.0,"enemies":"Giant Head","floor":44.0,"turns":5.0},{"damage":0.0,"enemies":"2 Orb Walkers","floor":45.0,"turns":3.0},{"damage":0.0,"enemies":"R_Hoarder","floor":46.0,"turns":4.0},{"damage":0.0,"enemies":"4 Shapes","floor":47.0,"turns":3.0},{"damage":0.0,"enemies":"Reptomancer","floor":48.0,"turns":2.0},{"damage":12.0,"enemies":"Replay:Hell Engine","floor":50.0,"turns":6.0},{"damage":2.0,"enemies":"Time Eater","floor":51.0,"turns":5.0},{"damage":0.0,"enemies":"Shield and Spear","floor":55.0,"turns":2.0},{"damage":38,"enemies":"The Heart","floor":56,"turns":8}],"seed_played":"-2564338768764001800","potions_obtained":[{"floor":1.0,"key":"BloodPotion"},{"floor":3.0,"key":"BlessingOfTheForge"},{"floor":7.0,"key":"SteroidPotion"},{"floor":16.0,"key":"Fire Potion"},{"floor":38.0,"key":"Adrenaline Potion"}],"is_trial":false,"path_per_floor":["M","M","M","$","M","R","E","?","T","R","E","M","M","E","R","B",null,"M","?","M","?","$","E","M","E","T","R","M","E","$","M","R","B",null,"M","$","?","M","M","M","E","R","T","E","?","E","M","E","R","B","B",null,"R","$","E","B",null],"character_chosen":"IRONCLAD","items_purchased":["Orrery","Whirlwind","Membership Card","Self Forming Clay","HandOfGreed","Shrug It Off","Paper Frog","Art of War","True Grit","Shovel","Divine Protection","Metallicize","InkBottle","King of Hearts","PreservedInsect","True Grit","Seeing Red","Golden Egg","Lantern","Replay:Wax Seal","HandOfGreed","ReplayTheSpireMod:CursedCoin","Body Slam","Double Tap","Oddly Smooth Stone","Anchor","Guide Book","ReplayTheSpireMod:Private Reserves","CaptainsWheel","Sling","HornCleat","Disarm","Nunchaku","Metallicize","Blue Candle","HeartOfIron","Milkshake"],"campfire_rested":0,"item_purchase_floors":[0,0,0,0,0,0,0,0,0,0,0,0,0,0,0,0,0,0,0,0,0,0,0,0,4,22,22,30,30,30,36,36,54,54,54,54,54],"current_hp_per_floor":[27,33,39,39,43,43,64,64,64,64,64,70,75,75,75,59,71,62,38,39,32,32,38,70,75,75,75,75,75,75,75,75,56,70,75,75,75,75,75,75,75,75,75,75,75,75,75,75,75,69,73,75,75,75,75,72],"gold":99,"neow_bonus":"","is_daily":false,"chose_seed":false,"campfire_upgraded":5,"win_rate":0.0,"timestamp":1610040442,"path_taken":["M","M","M","$","M","R","E","?","T","R","E","M","M","E","R","BOSS","M","?","?","?","?","E","M","E","T","R","M","E","?","?","R","BOSS","M","$","?","M","M","M","E","R","T","E","?","E","M","E","R","BOSS","BOSS","R","$","E","BOSS"],"items_purchased_type":["Relic","Card","Relic","Relic","Card","Card","Relic","Relic","Card","Relic","Relic","Card","Relic","Relic","Relic","Card","Card","Relic","Relic","Relic","Card","Relic","Card","Card","Relic","Relic","Relic","Card","Relic","Relic","Relic","Card","Relic","Card","Relic","Potion","Potion"],"build_version":"2020-12-22","purchased_purges":8,"victory":true,"max_hp_per_floor":[75,75,75,75,75,75,75,75,75,75,75,75,75,75,75,75,75,75,75,75,75,75,75,75,75,75,75,75,75,75,75,75,75,75,75,75,75,75,75,75,75,75,75,75,75,75,75,75,75,75,75,75,75,75,75,75],"relic_stats":{"Torii":16,"counters":[98,402],"Self Forming Clay":[177],"CeramicFish":153,"Blue Candle":[48],"PreservedInsect":903,"Charon\u0027s Ashes":[63],"Bag of Preparation":[56],"Whetstone":["Body Slam","Bash"],"Burning Blood":597,"Nunchaku":[1],"Shovel":2,"Art of War":[41],"obtain_stats":[{"Ice Cream":45,"champ:DuelingGlove":43,"Divine Protection":0,"Golden Egg":0,"Calipers":36,"Gremlin Horn":9,"CeramicFish":9,"Vajra":37,"Whetstone":23,"Boot":34,"Sling":30,"HornCleat":36,"MealTicket":46,"Philosopher\u0027s Stone":17,"HandDrill":0,"Kunai":10,"Replay:Wax Seal":0,"champ:Barbells":3,"Happy Flower":46,"ReplayTheSpireMod:CursedCoin":0,"Blue Candle":0,"Astrolabe":17,"Dead Branch":8,"Oddly Smooth Stone":27,"Charon\u0027s Ashes":0,"Pen Nib":12,"Guardian:PocketSentry":0,"Letter Opener":44,"War Paint":6,"Akabeko":23,"Du-Vu Doll":25,"OrangePellets":21,"ReplayTheSpireMod:Shallot":14,"Shuriken":0,"Ooze Armor":34,"Kintsugi":17,"StrikeDummy":9,"Unceasing Top":26,"Meat on the Bone":23,"Lantern":0,"Torii":48,"Magic Flower":6,"Black Blood":34,"King of Hearts":0,"Bag of Preparation":31,"Replay:Mystery Machine":46,"Ancient Tea Set":25,"Burning Blood":0,"Pet Ghost":41,"ClockworkSouvenir":54,"Nunchaku":21,"Shovel":0,"Tiny Chest":8,"Red Mask":27,"InkBottle":26,"Red Skull":0,"Paper Frog":0,"NeowsBlessing":0,"Golden Idol":5,"Self Forming Clay":54,"Guardian:GemstoneGun":41,"Guide Book":22,"Thread and Needle":37,"PreservedInsect":44,"Replay:WaspNest":49,"Orichalcum":28,"MawBank":14,"Medical Kit":37,"White Beast Statue":34,"Calling Bell":34,"Cauldron":21,"Anchor":21,"CaptainsWheel":36,"Ornamental Fan":12,"betterThird:SlimedRelic":0,"Bloody Idol":22,"Orrery":0,"Turnip":34,"Art of War":9,"Bag of Marbles":21,"Snack Pack":53,"Membership Card":0,"Toy Ornithopter":44},{"Ice Cream":91,"champ:DuelingGlove":56,"Divine Protection":64,"Golden Egg":64,"Calipers":54,"Gremlin Horn":42,"CeramicFish":69,"Vajra":28,"Whetstone":77,"Boot":53,"Sling":81,"HornCleat":84,"MealTicket":32,"Philosopher\u0027s Stone":44,"HandDrill":36,"Kunai":5,"Replay:Wax Seal":64,"champ:Barbells":38,"Happy Flower":59,"ReplayTheSpireMod:CursedCoin":64,"Blue Candle":8,"Astrolabe":17,"Dead Branch":42,"Oddly Smooth Stone":49,"Charon\u0027s Ashes":8,"Pen Nib":15,"Guardian:PocketSentry":8,"Letter Opener":31,"War Paint":3,"Akabeko":47,"Du-Vu Doll":48,"OrangePellets":20,"ReplayTheSpireMod:Shallot":73,"Shuriken":36,"Ooze Armor":83,"Kintsugi":74,"StrikeDummy":12,"Unceasing Top":79,"Meat on the Bone":22,"Lantern":36,"Torii":94,"Magic Flower":11,"Black Blood":26,"King of Hearts":64,"Bag of Preparation":25,"Replay:Mystery Machine":92,"Ancient Tea Set":79,"Burning Blood":0,"Pet Ghost":89,"ClockworkSouvenir":62,"Nunchaku":20,"Shovel":64,"Tiny Chest":4,"Red Mask":24,"InkBottle":23,"Red Skull":36,"Paper Frog":64,"NeowsBlessing":0,"Golden Idol":2,"Self Forming Clay":62,"Guardian:GemstoneGun":56,"Guide Book":76,"Thread and Needle":85,"PreservedInsect":57,"Replay:WaspNest":94,"Orichalcum":25,"MawBank":16,"Medical Kit":28,"White Beast Statue":53,"Calling Bell":53,"Cauldron":20,"Anchor":46,"CaptainsWheel":54,"Ornamental Fan":6,"betterThird:SlimedRelic":8,"Bloody Idol":46,"Orrery":36,"Turnip":53,"Art of War":4,"Bag of Marbles":46,"Snack Pack":96,"Membership Card":8,"Toy Ornithopter":90},{"Ice Cream":372,"champ:DuelingGlove":216,"Divine Protection":245,"Golden Egg":245,"Calipers":209,"Gremlin Horn":167,"CeramicFish":263,"Vajra":117,"Whetstone":312,"Boot":207,"Sling":326,"HornCleat":340,"MealTicket":129,"Philosopher\u0027s Stone":179,"HandDrill":149,"Kunai":13,"Replay:Wax Seal":245,"champ:Barbells":153,"Happy Flower":224,"ReplayTheSpireMod:CursedCoin":245,"Blue Candle":25,"Astrolabe":63,"Dead Branch":167,"Oddly Smooth Stone":194,"Charon\u0027s Ashes":25,"Pen Nib":54,"Guardian:PocketSentry":25,"Letter Opener":125,"War Paint":3,"Akabeko":190,"Du-Vu Doll":192,"OrangePellets":76,"ReplayTheSpireMod:Shallot":284,"Shuriken":149,"Ooze Armor":337,"Kintsugi":295,"StrikeDummy":40,"Unceasing Top":318,"Meat on the Bone":85,"Lantern":149,"Torii":381,"Magic Flower":36,"Black Blood":109,"King of Hearts":245,"Bag of Preparation":101,"Replay:Mystery Machine":376,"Ancient Tea Set":318,"Burning Blood":0,"Pet Ghost":364,"ClockworkSouvenir":235,"Nunchaku":76,"Shovel":245,"Tiny Chest":7,"Red Mask":96,"InkBottle":92,"Red Skull":149,"Paper Frog":245,"NeowsBlessing":0,"Golden Idol":2,"Self Forming Clay":235,"Guardian:GemstoneGun":216,"Guide Book":308,"Thread and Needle":344,"PreservedInsect":218,"Replay:WaspNest":381,"Orichalcum":101,"MawBank":57,"Medical Kit":117,"White Beast Statue":207,"Calling Bell":207,"Cauldron":76,"Anchor":186,"CaptainsWheel":209,"Ornamental Fan":18,"betterThird:SlimedRelic":25,"Bloody Idol":186,"Orrery":149,"Turnip":207,"Art of War":7,"Bag of Marbles":186,"Snack Pack":392,"Membership Card":25,"Toy Ornithopter":369}],"InkBottle":[58],"Unceasing Top":[1],"Toy Ornithopter":0},"card_choices":[{"not_picked":["Run Through","Fire Breathing"],"picked":"Barricade","floor":0.0},{"not_picked":["ReplayTheSpireMod:Strike From Hell","Whirlwind"],"picked":"True Grit","floor":0.0},{"not_picked":["Fire Breathing","Pommel Strike"],"picked":"Uppercut","floor":0.0},{"not_picked":["Spot Weakness","Heavy Blade"],"picked":"Combust","floor":0.0},{"not_picked":["True Grit","Clothesline","Clash"],"picked":"SKIP","floor":1.0},{"not_picked":["Cleave","Perfected Strike","Run Through"],"picked":"SKIP","floor":2.0},{"not_picked":["Clash","True Grit"],"picked":"Shockwave","floor":3.0},{"not_picked":["Armaments","Heavy Blade"],"picked":"Ghostly Armor","floor":5.0},{"not_picked":["Replay:Undeath\u0027s Touch","Wild Strike","Corruption"],"picked":"SKIP","floor":7.0},{"not_picked":["ReplayReversal","Thunderclap","True Grit"],"picked":"SKIP","floor":11.0},{"not_picked":["Infernal Blade","Heavy Blade","Run Through"],"picked":"SKIP","floor":12.0},{"not_picked":["Intimidate","Searing Blow","Anger"],"picked":"SKIP","floor":13.0},{"not_picked":["Perfected Strike","Body Slam"],"picked":"Dual Wield","floor":14.0},{"not_picked":["Impervious","Demon Form"],"picked":"Offering","floor":16.0},{"not_picked":["Headbutt","Clothesline+1","Carnage+1"],"picked":"SKIP","floor":18.0},{"not_picked":["Evolve","Cleave"],"picked":"Body Slam","floor":19.0},{"not_picked":["Replay:Undeath\u0027s Touch","Cleave"],"picked":"Battle Trance","floor":19.0},{"not_picked":["Clothesline+1","Sword Boomerang"],"picked":"Battle Trance","floor":19.0},{"not_picked":["Warcry","Anger"],"picked":"Entrench+1","floor":20.0},{"not_picked":["Dropkick","Burning Pact+1"],"picked":"Reaper","floor":23.0},{"not_picked":["Dropkick","Pummel"],"picked":"Shockwave","floor":24.0},{"not_picked":["Thunderclap","Run Through","Warcry"],"picked":"SKIP","floor":25.0},{"not_picked":["Defy Death","Rage","Anger"],"picked":"SKIP","floor":28.0},{"not_picked":["Perfected Strike","Uppercut","Evolve"],"picked":"SKIP","floor":29.0},{"not_picked":["Defy Death+1","Spot Weakness","Replay:Undeath\u0027s Touch"],"picked":"SKIP","floor":31.0},{"not_picked":["Replay:Many Hands","Double Tap"],"picked":"Demon Form","floor":33.0},{"not_picked":["Havoc","Massacre","Iron Wave+1"],"picked":"SKIP","floor":35.0},{"not_picked":["Sword Boomerang","Headbutt+1"],"picked":"Shrug It Off","floor":37.0},{"not_picked":["Flex","Replay:Undeath\u0027s Touch","Perfected Strike"],"picked":"SKIP","floor":38.0},{"not_picked":["ReplayTheSpireMod:Strike From Hell+1","Run Through","Disarm"],"picked":"SKIP","floor":39.0},{"not_picked":["Run Through","Clothesline","Headbutt"],"picked":"SKIP","floor":40.0},{"not_picked":["ReplayTheSpireMod:Corrosion Curse","Exhume"],"picked":"Limit Break","floor":41.0},{"not_picked":["Sword Boomerang","Warcry","Fire Breathing"],"picked":"SKIP","floor":44.0},{"not_picked":["Twin Strike","Warcry+1","Barricade"],"picked":"SKIP","floor":46.0},{"not_picked":["Heavy Blade+1","Rupture","Sword Boomerang"],"picked":"SKIP","floor":47.0},{"not_picked":["Ghostly Armor","Flex+1"],"picked":"ReplayTheSpireMod:Muscle Training","floor":48.0},{"not_picked":["Inflame","Warcry","Shockwave"],"picked":"SKIP","floor":55.0}],"player_experience":1435176,"relics_obtained":[{"floor":7.0,"key":"Akabeko"},{"floor":9.0,"key":"CeramicFish"},{"floor":11.0,"key":"Bag of Preparation"},{"floor":14.0,"key":"ReplayTheSpireMod:Shallot"},{"floor":23.0,"key":"Whetstone"},{"floor":25.0,"key":"Ancient Tea Set"},{"floor":26.0,"key":"Unceasing Top"},{"floor":29.0,"key":"Vajra"},{"floor":37.0,"key":"Thread and Needle"},{"floor":41.0,"key":"Pet Ghost"},{"floor":44.0,"key":"Toy Ornithopter"},{"floor":45.0,"key":"Ice Cream"},{"floor":46.0,"key":"Replay:Mystery Machine"},{"floor":48.0,"key":"Torii"},{"floor":49.0,"key":"Replay:WaspNest"},{"floor":53.0,"key":"Snack Pack"},{"floor":55.0,"key":"Charon\u0027s Ashes"}],"event_choices":[{"damage_healed":0.0,"max_hp_gain":0.0,"max_hp_loss":0.0,"gold_gain":50.0,"event_name":"FaceTrader","player_choice":"Touch","floor":21.0,"gold_loss":0.0,"damage_taken":7.0},{"damage_healed":0.0,"max_hp_gain":0.0,"max_hp_loss":0.0,"gold_gain":0.0,"event_name":"MindBloom","player_choice":"Fight","floor":37.0,"gold_loss":0.0,"damage_taken":0.0},{"damage_healed":0.0,"max_hp_gain":0.0,"max_hp_loss":0.0,"gold_gain":0.0,"event_name":"Mysterious Sphere","player_choice":"Fight","floor":45.0,"gold_loss":0.0,"damage_taken":0.0}],"is_beta":false,"boss_relics":[{"not_picked":["ChewingGum","Fusion Hammer"],"picked":"Kintsugi"},{"not_picked":["Pandora\u0027s Box","Astrolabe"],"picked":"Ooze Armor"}],"items_purged_floors":[0,0,0,22,22,30,36,54],"is_endless":false,"potions_floor_spawned":[1,3,7,13,16,20,29,33,37,38,40,44,46,55],"ascension_level":20}}