{"host":"4nqeo0vu1vuav7gg","time":1610040458,"event":{"mods":["AchievementEnabler","BaseMod","Block Reminder","Colored Map","Colored Powertips","Highlight Path","Minty Spire (QoL Compilation)","Quick Restart","Rare Cards Sparkle","Relic Relevance Reorder","StSLib"],"gold_per_floor":[359,375,394,16,16,48,48,48,128,138,138,70,103,121,121,197,197,216,216,227,245,245,245,245,273,298,298,11,29,47,65,65,138,138,152,198,198,61,73,73,84,84,84,84,84],"floor_reached":44,"playtime":2730,"items_purged":["Strike_B"],"score":854,"play_id":"16724b74-12ff-47de-b83f-4b34141aa85e","local_time":"20210107182738","is_ascension_mode":true,"campfire_choices":[{"floor":8.0,"key":"REST"},{"floor":15.0,"key":"REST"},{"data":"Seek","floor":23.0,"key":"SMITH"},{"floor":27.0,"key":"REST"},{"floor":32.0,"key":"REST"},{"floor":40.0,"key":"REST"},{"floor":42.0,"key":"REST"}],"circlet_count":0,"master_deck":["AscendersBane","Strike_B","Defend_B","Defend_B+1","Defend_B","Defend_B+1","Zap","Dualcast","Ball Lightning","Capacitor","Seek+1","Melter","Fission+1","Sweeping Beam","Ball Lightning","Cold Snap","Rainbow","CurseOfTheBell","Consume+1","Steam Power+1","Fusion+1","Genetic Algorithm+1","Defragment","Undo+1","Aggregate+1","Darkness+1","Genetic Algorithm+1","Barrage","Electrodynamics","Turbo+1","Skim+1"],"relics":["Cracked Core","Mummified Hand","Torii","Orichalcum","Unceasing Top","CaptainsWheel","Runic Capacitor","HornCleat","Toy Ornithopter","Oddly Smooth Stone","Bag of Marbles","SlaversCollar","Toxic Egg 2","The Courier","Calling Bell","Strawberry"],"acts_visited":["Exordium","TheCity","TheBeyond"],"potions_floor_usage":[44],"damage_taken":[{"damage":1.0,"enemies":"Cultist","floor":1.0,"turns":3.0},{"damage":0.0,"enemies":"Small Slimes","floor":2.0,"turns":3.0},{"damage":9.0,"enemies":"Jaw Worm","floor":3.0,"turns":3.0},{"damage":18.0,"enemies":"3 Sentries","floor":6.0,"turns":6.0},{"damage":0.0,"enemies":"3 Louse","floor":10.0,"turns":2.0},{"damage":1.0,"enemies":"Gremlin Nob","floor":13.0,"turns":3.0},{"damage":1.0,"enemies":"Blue Slaver","floor":14.0,"turns":2.0},{"damage":35.0,"enemies":"The Guardian","floor":16.0,"turns":11.0},{"damage":8.0,"enemies":"2 Thieves","floor":18.0,"turns":4.0},{"damage":1.0,"enemies":"Spheric Guardian","floor":20.0,"turns":3.0},{"damage":13.0,"enemies":"Chosen and Byrds","floor":21.0,"turns":7.0},{"damage":19.0,"enemies":"Gremlin Leader","floor":25.0,"turns":7.0},{"damage":13.0,"enemies":"Cultist and Chosen","floor":29.0,"turns":7.0},{"damage":17.0,"enemies":"Snake Plant","floor":30.0,"turns":4.0},{"damage":13.0,"enemies":"Snecko","floor":31.0,"turns":6.0},{"damage":31.0,"enemies":"Champ","floor":33.0,"turns":8.0},{"damage":1.0,"enemies":"3 Shapes","floor":35.0,"turns":4.0},{"damage":71.0,"enemies":"2 Orb Walkers","floor":36.0,"turns":5.0},{"damage":3.0,"enemies":"Orb Walker","floor":39.0,"turns":5.0},{"damage":21.0,"enemies":"Spire Growth","floor":41.0,"turns":4.0},{"damage":40,"enemies":"Giant Head","floor":44,"turns":8}],"seed_played":"8129790834997959332","potions_obtained":[{"floor":2.0,"key":"Fire Potion"},{"floor":10.0,"key":"Block Potion"},{"floor":13.0,"key":"FocusPotion"},{"floor":18.0,"key":"ColorlessPotion"},{"floor":29.0,"key":"PotionOfCapacity"},{"floor":30.0,"key":"BlessingOfTheForge"},{"floor":33.0,"key":"GamblersBrew"},{"floor":35.0,"key":"Regen Potion"},{"floor":41.0,"key":"Weak Potion"}],"is_trial":false,"path_per_floor":["M","M","M","$","$","E","?","R","T","M","?","?","E","M","R","B",null,"M","?","M","M","?","R","?","E","T","R","$","M","M","M","R","B",null,"M","?","?","$","M","R","M","R","T","E"],"character_chosen":"DEFECT","items_purchased":["Seek","Oddly Smooth Stone","Melter","Fruit Juice","Undo+1","Aggregate+1","Runic Capacitor"],"campfire_rested":6,"item_purchase_floors":[4,4,4,28,28,28,38],"current_hp_per_floor":[63,63,54,54,54,36,36,55,55,55,36,36,35,34,53,18,53,45,45,44,31,44,44,44,25,32,53,53,50,33,20,42,21,62,61,9,9,9,6,28,7,29,29,0,0],"gold":84,"neow_bonus":"TWO_FIFTY_GOLD","is_daily":false,"chose_seed":false,"campfire_upgraded":1,"win_rate":0.0,"timestamp":1610040458,"path_taken":["M","M","M","?","$","E","?","R","T","M","?","?","E","?","R","BOSS","M","?","M","M","?","R","?","E","T","R","$","M","?","M","R","BOSS","M","?","?","$","M","R","M","R","T","E"],"items_purchased_type":["Card","Relic","Card","Potion","Card","Card","Relic"],"build_version":"2020-12-22","purchased_purges":1,"victory":false,"max_hp_per_floor":[64,64,64,64,64,64,64,64,64,64,64,64,64,64,64,64,64,64,64,64,64,64,64,64,64,71,71,71,76,76,76,76,76,76,76,76,76,76,76,76,76,76,76,76,76],"card_choices":[{"not_picked":["Compile Driver","Cold Snap"],"picked":"Ball Lightning","floor":1.0},{"not_picked":["Beam Cell","Rip and Tear","Leap"],"picked":"SKIP","floor":2.0},{"not_picked":["Scrape","Barrage"],"picked":"Capacitor","floor":3.0},{"not_picked":["Blizzard","Double Energy"],"picked":"Fission","floor":6.0},{"not_picked":["Rebound","Auto Shields"],"picked":"Sweeping Beam","floor":10.0},{"not_picked":["Turbo","Auto Shields"],"picked":"Ball Lightning","floor":13.0},{"not_picked":["Ball Lightning","Sweeping Beam"],"picked":"Cold Snap","floor":14.0},{"not_picked":["Reboot","Amplify"],"picked":"Rainbow","floor":16.0},{"not_picked":["Sunder","Compile Driver"],"picked":"Consume+1","floor":18.0},{"not_picked":["Rebound","Reprogram+1","Stack+1"],"picked":"SKIP","floor":20.0},{"not_picked":["Self Repair","Tempest+1"],"picked":"Genetic Algorithm+1","floor":21.0},{"not_picked":["Streamline+1","Barrage+1"],"picked":"Defragment","floor":25.0},{"not_picked":["Gash","Steam+1"],"picked":"Darkness+1","floor":29.0},{"not_picked":["Static Discharge","Steam+1"],"picked":"Genetic Algorithm+1","floor":30.0},{"not_picked":["Hologram+1","Steam Power+1"],"picked":"Barrage","floor":31.0},{"not_picked":["Core Surge","Multi-Cast+1"],"picked":"Electrodynamics","floor":33.0},{"not_picked":["Auto Shields+1","Stack+1"],"picked":"Turbo+1","floor":35.0},{"not_picked":["Steam+1","Hologram+1"],"picked":"Skim+1","floor":39.0},{"not_picked":["Gash+1","FTL","Doom and Gloom"],"picked":"SKIP","floor":41.0}],"player_experience":1053658,"relics_obtained":[{"floor":6.0,"key":"Orichalcum"},{"floor":9.0,"key":"The Courier"},{"floor":13.0,"key":"Mummified Hand"},{"floor":17.0,"key":"Bag of Marbles"},{"floor":17.0,"key":"Toxic Egg 2"},{"floor":17.0,"key":"Unceasing Top"},{"floor":25.0,"key":"Toy Ornithopter"},{"floor":26.0,"key":"Strawberry"},{"floor":36.0,"key":"CaptainsWheel"},{"floor":43.0,"key":"HornCleat"}],"event_choices":[{"damage_healed":0.0,"max_hp_gain":0.0,"max_hp_loss":0.0,"gold_gain":0.0,"event_name":"Living Wall","player_choice":"Grow","floor":7.0,"gold_loss":0.0,"damage_taken":0.0,"cards_upgraded":["Fission"]},{"damage_healed":0.0,"max_hp_gain":0.0,"max_hp_loss":0.0,"gold_gain":0.0,"event_name":"Shining Light","player_choice":"Entered Light","floor":11.0,"gold_loss":0.0,"damage_taken":19.0,"cards_upgraded":["Defend_B","Defend_B"]},{"damage_healed":0.0,"max_hp_gain":0.0,"max_hp_loss":0.0,"gold_gain":0.0,"event_name":"WeMeetAgain","player_choice":"Paid Gold","floor":12.0,"gold_loss":68.0,"damage_taken":0.0,"relics_obtained":["Torii"]},{"damage_healed":0.0,"max_hp_gain":0.0,"max_hp_loss":0.0,"gold_gain":0.0,"cards_transformed":["Strike_B","Strike_B"],"event_name":"Drug Dealer","player_choice":"Became Test Subject","floor":19.0,"gold_loss":0.0,"damage_taken":0.0,"cards_obtained":["Steam Power","Fusion"]},{"damage_healed":13.0,"max_hp_gain":0.0,"max_hp_loss":0.0,"gold_gain":0.0,"event_name":"The Library","player_choice":"Heal","floor":22.0,"gold_loss":0.0,"damage_taken":0.0},{"damage_healed":0.0,"max_hp_gain":0.0,"max_hp_loss":0.0,"gold_gain":0.0,"event_name":"Vampires","player_choice":"Ignored","floor":24.0,"gold_loss":0.0,"damage_taken":0.0},{"damage_healed":0.0,"max_hp_gain":0.0,"max_hp_loss":0.0,"gold_gain":0.0,"event_name":"Mysterious Sphere","player_choice":"Fight","floor":36.0,"gold_loss":0.0,"damage_taken":0.0},{"damage_healed":0.0,"max_hp_gain":0.0,"max_hp_loss":0.0,"gold_gain":0.0,"event_name":"Tomb of Lord Red Mask","player_choice":"Ignored","floor":37.0,"gold_loss":0.0,"damage_taken":0.0}],"is_beta":false,"boss_relics":[{"not_picked":["Philosopher\u0027s Stone","Tiny House"],"picked":"Calling Bell"},{"not_picked":["Runic Dome","SacredBark"],"picked":"SlaversCollar"}],"items_purged_floors":[28],"is_endless":false,"potions_floor_spawned":[2,10,13,18,29,30,31,33,35,41],"killed_by":"Giant Head","ascension_level":19}}