{"host":"9ylwqx3xq4e4v98b","time":1610006223,"event":{"mods":["AchievementEnabler","BaseMod","Better Silent Start","Card Forge","Colored Map","DeckTracker","Minty Spire (QoL Compilation)","Permanent Neow","Quick Restart","Spicy Shops","StSLib","SuperFastMode","Td1madao Mod"],"gold_per_floor":[110,110,125,15,27,27,57,57,112,48,48,48,63,94,94,171,171,186,186,236,246,259,290,290,290,314,314,331,359,31,57,57,131,131,148,159,184,237,253,253,269,294,375,375,390,390,390,408,408,408],"floor_reached":51,"playtime":1497,"items_purged":[],"score":1699,"play_id":"9101d05f-50f6-483b-a730-196f65aad03d","local_time":"20210106235703","is_ascension_mode":true,"campfire_choices":[{"floor":6.0,"key":"REST"},{"floor":11.0,"key":"RECALL"},{"floor":15.0,"key":"REST"},{"data":"Dodge and Roll","floor":24.0,"key":"SMITH"},{"data":"Infinite Blades","floor":32.0,"key":"SMITH"},{"data":"Bullet Time","floor":40,"key":"SMITH"},{"data":"After Image","floor":44,"key":"SMITH"},{"floor":49,"key":"REST"}],"circlet_count":0,"master_deck":["AscendersBane","Neutralize+1","Outmaneuver+1","Blade Dance+1","Accuracy+1","Deflect+1","Backflip+1","Wraith Form v2+1","Dagger Spray+1","Dodge and Roll+1","Dodge and Roll+1","Malaise+1","Backflip+1","PiercingWail+1","Blade Dance+1","Cloak And Dagger+1","Infinite Blades+1","Envenom+1","Bullet Time+1","Bullet Time+1","Accuracy+1","Cloak And Dagger+1","Infinite Blades+1","Cloak And Dagger+1","After Image+1","Dodge and Roll+1"],"relics":["Ring of the Snake","Hammer of Thor","Seething Fire","Anvil of the Gods","Orichalcum","Regal Pillow","Bag of Marbles","PreservedInsect","Du-Vu Doll","HoveringKite","Blue Candle","Anchor","Letter Opener","Bag of Preparation","Vajra","Medical Kit","Snake Skull","Cursed Key","Lizard Tail","Tingsha","Boot","Shuriken"],"acts_visited":["Exordium","TheCity","TheBeyond"],"potions_floor_usage":[50,50],"damage_taken":[{"damage":4.0,"enemies":"Small Slimes","floor":1.0,"turns":5.0},{"damage":0.0,"enemies":"2 Louse","floor":3.0,"turns":5.0},{"damage":2.0,"enemies":"Jaw Worm","floor":5.0,"turns":5.0},{"damage":0.0,"enemies":"Lagavulin","floor":7.0,"turns":6.0},{"damage":0.0,"enemies":"Lots of Slimes","floor":13.0,"turns":4.0},{"damage":0.0,"enemies":"Gremlin Nob","floor":14.0,"turns":3.0},{"damage":0.0,"enemies":"Slime Boss","floor":16.0,"turns":5.0},{"damage":0.0,"enemies":"Spheric Guardian","floor":18.0,"turns":4.0},{"damage":0.0,"enemies":"3 Byrds","floor":21.0,"turns":5.0},{"damage":19.0,"enemies":"Snecko","floor":22.0,"turns":7.0},{"damage":0.0,"enemies":"Gremlin Leader","floor":23.0,"turns":3.0},{"damage":3.0,"enemies":"Shelled Parasite and Fungi","floor":28.0,"turns":5.0},{"damage":0.0,"enemies":"Book of Stabbing","floor":29.0,"turns":2.0},{"damage":1.0,"enemies":"Gremlin Leader","floor":31.0,"turns":4.0},{"damage":9.0,"enemies":"Collector","floor":33.0,"turns":5.0},{"damage":0.0,"enemies":"3 Shapes","floor":35.0,"turns":2.0},{"damage":0.0,"enemies":"3 Darklings","floor":36.0,"turns":3.0},{"damage":1.0,"enemies":"Mind Bloom Boss Battle","floor":37.0,"turns":6.0},{"damage":0.0,"enemies":"2 Orb Walkers","floor":38.0,"turns":2.0},{"damage":34.0,"enemies":"4 Shapes","floor":39.0,"turns":2.0},{"damage":3,"enemies":"Transient","floor":41,"turns":6},{"damage":20,"enemies":"Nemesis","floor":42,"turns":5},{"damage":5,"enemies":"Sphere and 2 Shapes","floor":45,"turns":4},{"damage":0,"enemies":"4 Shapes","floor":48,"turns":5},{"damage":55,"enemies":"Time Eater","floor":50,"turns":10}],"seed_played":"-1220384497843404444","potions_obtained":[{"floor":3.0,"key":"SteroidPotion"},{"floor":13.0,"key":"Strength Potion"},{"floor":22.0,"key":"ColorlessPotion"},{"floor":23.0,"key":"EssenceOfSteel"}],"is_trial":false,"path_per_floor":["M","?","M","$","M","R","E","?","T","$","R","?","M","E","R","B",null,"M","?","?","M","M","E","R","?","T","T","M","E","$","E","R","B",null,"M","M","?","?","M","R","M","E","T","R","M","?","?","M","R","B",null],"character_chosen":"THE_SILENT","items_purchased":["Accuracy","Deflect","PreservedInsect","Vajra","Medical Kit"],"campfire_rested":3,"item_purchase_floors":[4,4,10,30,30],"current_hp_per_floor":[61,50,50,50,48,69,69,69,69,69,69,69,69,69,72,72,72,72,72,72,72,53,53,53,53,53,53,50,50,50,49,49,40,64,64,64,63,63,29,29,26,6,6,6,1,1,1,1,36,18],"gold":408,"neow_bonus":"TEN_PERCENT_HP_BONUS","is_daily":false,"chose_seed":false,"campfire_upgraded":4,"win_rate":0.0,"timestamp":1610006223,"path_taken":["M","?","M","$","M","R","E","?","T","$","R","?","M","E","R","BOSS","M","?","?","M","?","E","R","?","T","?","M","E","?","E","R","BOSS","M","M","?","?","M","R","M","E","T","R","M","?","?","?","R","BOSS"],"items_purchased_type":["Card","Card","Relic","Relic","Relic"],"build_version":"2020-12-22","purchased_purges":0,"victory":true,"max_hp_per_floor":[72,72,72,72,72,72,72,72,72,72,72,72,72,72,72,72,72,72,72,72,72,72,72,72,72,72,72,72,72,72,72,72,72,72,72,72,72,72,72,72,72,72,72,72,72,72,68,68,68,68],"card_choices":[{"not_picked":["Prepared","Leg Sweep"],"picked":"Outmaneuver","floor":1.0},{"not_picked":["Accuracy","Caltrops"],"picked":"Blade Dance","floor":3.0},{"not_picked":["Flying Knee","Prepared"],"picked":"Backflip","floor":5.0},{"not_picked":["Bane","Flechettes","Eviscerate"],"picked":"SKIP","floor":7.0},{"not_picked":["Backstab","Deflect"],"picked":"Dagger Spray","floor":13.0},{"not_picked":["Setup","Backflip"],"picked":"Dodge and Roll","floor":14.0},{"not_picked":["Setup","Backflip"],"picked":"Dodge and Roll","floor":14.0},{"not_picked":["Corpse Explosion","Tools of the Trade"],"picked":"Malaise","floor":16.0},{"not_picked":["Deadly Poison","Sucker Punch"],"picked":"Backflip","floor":18.0},{"not_picked":["Sucker Punch","Underhanded Strike"],"picked":"PiercingWail+1","floor":21.0},{"not_picked":["Sucker Punch","Cloak And Dagger"],"picked":"Blade Dance","floor":22.0},{"not_picked":["Outmaneuver","Endless Agony"],"picked":"Bouncing Flask","floor":23.0},{"not_picked":["Quick Slash","Endless Agony","Skewer"],"picked":"SKIP","floor":28.0},{"not_picked":["Deflect","Endless Agony","A Thousand Cuts"],"picked":"SKIP","floor":29.0},{"not_picked":["All Out Attack","Reflex"],"picked":"Infinite Blades","floor":31.0},{"not_picked":["Doppelganger","Night Terror"],"picked":"Bullet Time","floor":33.0},{"not_picked":["Doppelganger","Night Terror"],"picked":"Bullet Time","floor":33.0},{"not_picked":["Deflect","Caltrops+1"],"picked":"Accuracy","floor":35.0},{"not_picked":["Deadly Poison+1","PiercingWail"],"picked":"Dagger Spray","floor":36.0},{"not_picked":["PiercingWail+1","Corpse Explosion"],"picked":"Cloak And Dagger","floor":38.0},{"not_picked":["Endless Agony+1","Footwork"],"picked":"Infinite Blades","floor":39.0},{"not_picked":["Reflex","Endless Agony"],"picked":"Cloak And Dagger+1","floor":41},{"not_picked":["Heel Hook","Acrobatics+1"],"picked":"After Image","floor":42},{"not_picked":["Escape Plan","Concentrate","Deadly Poison"],"picked":"SKIP","floor":45},{"not_picked":["Quick Slash","Calculated Gamble"],"picked":"Dodge and Roll+1","floor":48}],"player_experience":194921,"relics_obtained":[{"floor":7.0,"key":"Regal Pillow"},{"floor":9.0,"key":"Bag of Marbles"},{"floor":14.0,"key":"Du-Vu Doll"},{"floor":23.0,"key":"Blue Candle"},{"floor":26.0,"key":"Anchor"},{"floor":27.0,"key":"Letter Opener"},{"floor":29.0,"key":"Bag of Preparation"},{"floor":31.0,"key":"Snake Skull"},{"floor":37.0,"key":"Lizard Tail"},{"floor":38.0,"key":"Tingsha"},{"floor":42,"key":"Boot"},{"floor":43,"key":"Shuriken"}],"event_choices":[{"damage_healed":0.0,"max_hp_gain":0.0,"max_hp_loss":0.0,"gold_gain":0.0,"event_name":"Scrap Ooze","player_choice":"Success","floor":2.0,"gold_loss":0.0,"damage_taken":11.0,"relics_obtained":["Orichalcum"]},{"damage_healed":0.0,"max_hp_gain":0.0,"max_hp_loss":0.0,"gold_gain":0.0,"event_name":"Golden Wing","player_choice":"Ignored","floor":8.0,"gold_loss":0.0,"damage_taken":0.0},{"damage_healed":0.0,"max_hp_gain":0.0,"max_hp_loss":0.0,"gold_gain":0.0,"cards_transformed":["Survivor"],"event_name":"Living Wall","player_choice":"Change","floor":12.0,"gold_loss":0.0,"damage_taken":0.0,"cards_obtained":["Wraith Form v2"]},{"damage_healed":0.0,"max_hp_gain":0.0,"max_hp_loss":0.0,"gold_gain":0.0,"event_name":"Vampires","player_choice":"Ignored","floor":19.0,"gold_loss":0.0,"damage_taken":0.0},{"damage_healed":0.0,"max_hp_gain":0.0,"max_hp_loss":0.0,"gold_gain":100.0,"event_name":"The Joust","player_choice":"Bet on Murderer","floor":20.0,"gold_loss":50.0,"damage_taken":0.0},{"damage_healed":0.0,"max_hp_gain":0.0,"max_hp_loss":0.0,"gold_gain":0.0,"event_name":"Ghosts","player_choice":"Ignored","floor":25.0,"gold_loss":0.0,"damage_taken":0.0},{"damage_healed":0.0,"max_hp_gain":0.0,"max_hp_loss":0.0,"gold_gain":0.0,"event_name":"MindBloom","player_choice":"Fight","floor":37.0,"gold_loss":0.0,"damage_taken":0.0},{"damage_healed":0.0,"max_hp_gain":0.0,"max_hp_loss":0.0,"gold_gain":0.0,"event_name":"Mysterious Sphere","player_choice":"Fight","floor":38.0,"gold_loss":0.0,"damage_taken":0.0},{"cards_removed":["Dagger Spray"],"damage_healed":0,"gold_gain":0,"player_choice":"Removed Attack","damage_taken":0,"max_hp_gain":0,"max_hp_loss":0,"event_name":"Falling","floor":46,"gold_loss":0},{"damage_healed":0,"gold_gain":0,"player_choice":"Max HP","damage_taken":0,"max_hp_gain":0,"max_hp_loss":4,"event_name":"Winding Halls","floor":47,"gold_loss":0}],"is_beta":false,"boss_relics":[{"not_picked":["Velvet Choker","Snecko Eye"],"picked":"HoveringKite"},{"not_picked":["SacredBark","Empty Cage"],"picked":"Cursed Key"}],"items_purged_floors":[],"is_endless":false,"potions_floor_spawned":[3,13,14,16,22,23,28,31,35,38,42,45,48],"ascension_level":18}}