{"host":"aaqofma31c3gm2hj","time":1610004153,"event":{"mods":["BaseMod","Minty Spire (QoL Compilation)","Replay The Spire","Spicy Shops","StSLib"],"gold_per_floor":[113,138,336,486,486,522,522,552,552,552,652,652,663,107,107,107,107],"floor_reached":16,"playtime":167,"items_purged":["Doubt"],"score":308,"play_id":"a6890d1f-743d-4ff1-b3e0-84c984f4cb96","local_time":"20210107152233","is_ascension_mode":true,"campfire_choices":[{"data":"Neutralize","floor":7,"key":"SMITH"},{"data":"Adrenaline","floor":10,"key":"SMITH"},{"floor":12,"key":"RECALL"},{"data":"Survivor","floor":15,"key":"SMITH"}],"circlet_count":0,"master_deck":["AscendersBane","Strike_G","Strike_G","Strike_G","Strike_G","Strike_G","Defend_G","Defend_G","Defend_G","Defend_G","Survivor+1","Neutralize+1","Finisher+1","Adrenaline+1"],"relics":["Ring of the Snake","NeowsBlessing","Smiling Mask","CeramicFish","Ornamental Fan","The Courier","Strange Spoon","Frozen Egg 2","Ice Cream"],"acts_visited":["Exordium"],"potions_floor_usage":[],"damage_taken":[{"damage":0.0,"enemies":"Cultist","floor":1.0,"turns":1.0},{"damage":0,"enemies":"3 Sentries","floor":6,"turns":2},{"damage":0,"enemies":"Gremlin Nob","floor":8,"turns":1},{"damage":0,"enemies":"2 Louse","floor":13,"turns":3},{"damage":0,"enemies":"Fading Forest","floor":16,"turns":1}],"seed_played":"-732853129897873714","potions_obtained":[{"floor":6,"key":"ColorlessPotion"},{"floor":13,"key":"EssenceOfSteel"}],"is_trial":false,"path_per_floor":["M","T","?","?","?","E","R","E","T","R","?","R","M","$","R","B"],"character_chosen":"THE_SILENT","items_purchased":["Strange Spoon","Frozen Egg 2","Ice Cream"],"campfire_rested":0,"item_purchase_floors":[14,14,14],"current_hp_per_floor":[59,59,59,59,59,59,59,59,59,59,59,59,59,59,59,59,59],"gold":107,"neow_bonus":"THREE_ENEMY_KILL","is_daily":false,"chose_seed":false,"campfire_upgraded":3,"win_rate":0.0,"timestamp":1610004153,"path_taken":["M","?","?","?","?","E","R","E","T","R","?","R","M","$","R","BOSS"],"items_purchased_type":["Relic","Relic","Relic"],"build_version":"2020-12-22","purchased_purges":1,"victory":false,"max_hp_per_floor":[66,66,66,66,66,66,66,66,66,66,66,66,66,66,66,66,66],"card_choices":[{"not_picked":["Dodge and Roll","Deadly Poison","Cloak And Dagger"],"picked":"SKIP","floor":1.0},{"not_picked":["Hidden Blade","Venomology"],"picked":"Adrenaline","floor":6},{"not_picked":["Sucker Punch","Bane","Replay:Poison Smokescreen"],"picked":"SKIP","floor":8},{"not_picked":["Choke","Dagger Throw","Flechettes"],"picked":"SKIP","floor":13}],"player_experience":564229,"relics_obtained":[{"floor":2.0,"key":"Smiling Mask"},{"floor":6,"key":"CeramicFish"},{"floor":8,"key":"Ornamental Fan"},{"floor":9,"key":"The Courier"}],"event_choices":[{"damage_healed":0.0,"max_hp_gain":0.0,"max_hp_loss":0.0,"gold_gain":150.0,"event_name":"Liars Game","player_choice":"AGREE","floor":4.0,"gold_loss":0.0,"damage_taken":0.0,"cards_obtained":["Doubt"]},{"damage_healed":0,"gold_gain":100,"player_choice":"Gold","damage_taken":0,"max_hp_gain":0,"max_hp_loss":0,"event_name":"Wheel of Change","floor":11,"gold_loss":0}],"is_beta":false,"boss_relics":[],"items_purged_floors":[14],"is_endless":false,"potions_floor_spawned":[6,13],"killed_by":"Fading Forest","ascension_level":20}}