{"host":"ga4s3hj9m6nkn6gp","time":1610045606,"event":{"mods":["AchievementEnabler","BaseMod","Bestiary","Colored Powertips","Highlight Path","Minty Spire (QoL Compilation)","Relic Stats","everything is the same but u backflip on backflip"],"gold_per_floor":[109,120,130,145,165,193,203,203,203],"floor_reached":8,"playtime":548,"items_purged":[],"score":124,"play_id":"2171b6f7-3a8c-434c-a96e-521d22c20ab6","local_time":"20210107195326","is_ascension_mode":true,"campfire_choices":[],"circlet_count":0,"master_deck":["AscendersBane","Strike_G","Strike_G","Strike_G","Strike_G","Strike_G","Defend_G","Defend_G","Defend_G","Defend_G","Defend_G","Survivor","Neutralize","Poisoned Stab","Endless Agony","Cloak And Dagger","Skewer","Wraith Form v2","Blade Dance","Backstab"],"relics":["Coffee Dripper","Question Card"],"acts_visited":["Exordium"],"potions_floor_usage":[],"damage_taken":[{"damage":0.0,"enemies":"Small Slimes","floor":1.0,"turns":6.0},{"damage":2.0,"enemies":"2 Louse","floor":2.0,"turns":3.0},{"damage":1.0,"enemies":"Jaw Worm","floor":3.0,"turns":4.0},{"damage":2.0,"enemies":"2 Fungi Beasts","floor":4.0,"turns":3.0},{"damage":9.0,"enemies":"Exordium Thugs","floor":5.0,"turns":5.0},{"damage":30.0,"enemies":"3 Sentries","floor":6.0,"turns":9.0},{"damage":0,"enemies":"Lots of Slimes","floor":7,"turns":5},{"damage":34,"enemies":"Gremlin Nob","floor":8,"turns":3}],"seed_played":"7057666706762298932","potions_obtained":[{"floor":1.0,"key":"DistilledChaos"},{"floor":4.0,"key":"Swift Potion"},{"floor":6.0,"key":"Ancient Potion"}],"is_trial":false,"path_per_floor":["M","M","M","M","M","E","M","E"],"character_chosen":"THE_SILENT","items_purchased":[],"campfire_rested":0,"item_purchase_floors":[],"current_hp_per_floor":[59,57,56,54,45,15,15,0,0],"gold":203,"neow_bonus":"BOSS_RELIC","is_daily":false,"chose_seed":false,"campfire_upgraded":0,"win_rate":0.0,"timestamp":1610045606,"path_taken":["M","M","M","M","M","E","M","E"],"items_purchased_type":[],"build_version":"2020-12-22","purchased_purges":0,"victory":false,"max_hp_per_floor":[66,66,66,66,66,66,66,66,66],"relic_stats":{"counters":[8,38],"Question Card":1,"obtain_stats":[{"Coffee Dripper":0,"Question Card":6,"Ring of the Snake":0},{"Coffee Dripper":0,"Question Card":6,"Ring of the Snake":0},{"Coffee Dripper":0,"Question Card":30,"Ring of the Snake":0}]},"card_choices":[{"not_picked":["Outmaneuver","Concentrate"],"picked":"Poisoned Stab","floor":1.0},{"not_picked":["PiercingWail","Underhanded Strike"],"picked":"Endless Agony","floor":2.0},{"not_picked":["Setup","Prepared"],"picked":"Cloak And Dagger","floor":3.0},{"not_picked":["Poisoned Stab","Endless Agony"],"picked":"Skewer","floor":4.0},{"not_picked":["Slice","Deflect"],"picked":"Wraith Form v2","floor":5.0},{"not_picked":["Prepared","Backflip"],"picked":"Blade Dance","floor":6.0},{"not_picked":["Sucker Punch","Burst","Poisoned Stab"],"picked":"Backstab","floor":7}],"player_experience":593915,"relics_obtained":[{"floor":6.0,"key":"Question Card"}],"event_choices":[],"is_beta":false,"boss_relics":[],"items_purged_floors":[],"is_endless":false,"potions_floor_spawned":[1,4,6],"killed_by":"Gremlin Nob","ascension_level":20}}