{"host":"ig7tc0uedzltt2sr","time":1610060534,"event":{"mods":["BaseMod","Better Twitch Integration","Block Reminder","Colored Map","Colored Powertips","Communication Mod","Current Relic Mod","GifTheSpireLib","HexUI Lib","Minty Spire (QoL Compilation)","Quick Restart","Random Character Button","Rare Cards Sparkle","Relic Sorter","Relic Stats","Slay the Relics Exporter","StSLib","SuperFastMode","Synergy Search","Twitch Decklist","Twitch Utils","everything is the same but u backflip on backflip","slay the spire mod where everything is the same but ironclad has a cowboy hat"],"gold_per_floor":[115,215,235,235,235,235,235,235,260,273,243,257,257,273,273,273,273],"floor_reached":16,"playtime":112,"items_purged":[],"score":90,"play_id":"77055dbb-87b2-4821-8907-8778986842d5","local_time":"20210107150214","is_ascension_mode":false,"campfire_choices":[{"floor":6,"key":"REST"},{"floor":13,"key":"REST"},{"floor":15,"key":"REST"}],"circlet_count":0,"master_deck":["Strike_R","Strike_R","Strike_R","Strike_R","Strike_R","Defend_R","Defend_R","Defend_R","Defend_R","Bash","Metallicize","Combust","Hemokinesis","Intimidate","Sever Soul","Sentinel"],"relics":["Burning Blood"],"acts_visited":["Exordium"],"potions_floor_usage":[],"damage_taken":[{"damage":8,"enemies":"Small Slimes","floor":1,"turns":8},{"damage":24,"enemies":"Cultist","floor":3,"turns":8},{"damage":9,"enemies":"2 Louse","floor":10,"turns":6},{"damage":17,"enemies":"Looter","floor":11,"turns":4},{"damage":12,"enemies":"Blue Slaver","floor":12,"turns":6},{"damage":19,"enemies":"Exordium Wildlife","floor":14,"turns":6},{"damage":94,"enemies":"The Guardian","floor":16,"turns":11}],"seed_played":"282389657660461634","potions_obtained":[{"floor":3,"key":"Block Potion"},{"floor":12,"key":"Swift Potion"}],"is_trial":false,"path_per_floor":["M","?","M","?","?","R","?","$","T","M","M","M","R","M","R","B"],"character_chosen":"IRONCLAD","items_purchased":[],"campfire_rested":3,"item_purchase_floors":[],"current_hp_per_floor":[86,86,68,68,73,93,93,93,93,90,79,73,93,80,93,0,0],"gold":273,"neow_bonus":"TEN_PERCENT_HP_BONUS","is_daily":false,"chose_seed":false,"campfire_upgraded":0,"win_rate":0.0,"timestamp":1610060534,"path_taken":["M","?","?","?","?","R","?","?","T","?","M","M","R","M","R","BOSS"],"items_purchased_type":[],"build_version":"2020-12-22","purchased_purges":0,"victory":false,"max_hp_per_floor":[88,88,88,88,93,93,93,93,93,93,93,93,93,93,93,93,93],"relic_stats":{"counters":[7,49],"obtain_stats":[{"Burning Blood":0},{"Burning Blood":0},{"Burning Blood":0}],"Burning Blood":36},"card_choices":[{"not_picked":["Clash","Wild Strike"],"picked":"Metallicize","floor":1},{"not_picked":["Havoc","Shrug It Off"],"picked":"Combust","floor":3},{"not_picked":["Havoc","Anger"],"picked":"Hemokinesis","floor":10},{"not_picked":["Ghostly Armor","Iron Wave"],"picked":"Intimidate","floor":11},{"not_picked":["Heavy Blade","Perfected Strike"],"picked":"Sever Soul","floor":12},{"not_picked":["Flex","Armaments"],"picked":"Sentinel","floor":14}],"player_experience":1459706,"relics_obtained":[],"event_choices":[{"damage_healed":0,"gold_gain":100,"player_choice":"Pray","damage_taken":0,"max_hp_gain":0,"max_hp_loss":0,"event_name":"Golden Shrine","floor":2,"gold_loss":0},{"damage_healed":0,"gold_gain":0,"player_choice":"Fled","damage_taken":0,"max_hp_gain":0,"max_hp_loss":0,"event_name":"Scrap Ooze","floor":4,"gold_loss":0},{"damage_healed":0,"gold_gain":0,"player_choice":"Donut","damage_taken":0,"max_hp_gain":5,"max_hp_loss":0,"event_name":"Big Fish","floor":5,"gold_loss":0},{"damage_healed":0,"gold_gain":0,"player_choice":"Ignored","damage_taken":0,"max_hp_gain":0,"max_hp_loss":0,"event_name":"Golden Idol","floor":7,"gold_loss":0}],"is_beta":false,"boss_relics":[],"items_purged_floors":[],"is_endless":false,"potions_floor_spawned":[3,12],"killed_by":"The Guardian","ascension_level":0}}