{"host":"njruw0b0uprlitpx","time":1610049601,"event":{"mods":["2.2 Compatiblity","Astrologer","Bartender","BaseMod","Better Altar","Better Match","Better Note","Better Sensory Stone","Better Skull","Better Third Choice","BetterRewards","Block Reminder","Colored Map","Colored Powertips","Energized Spire","Jedi Mod","Keyboard Shortcuts","Minty Spire (QoL Compilation)","Quick Restart","Relic Stats","Replay The Spire","SacredBarkPlus","Spicy Shops","StSLib","SuperFastMode","The Bug Knight","The Construct","The Dragon Tamer","The Forsaken","The Gatherer","The Judge","The Mystic","The Necromancer","The Runesmith","Wandering Minibosses"],"gold_per_floor":[119,119,134,45,10,10,40,40,114,114,126,142,142,167,167,262,262],"floor_reached":16,"playtime":784,"items_purged":[],"score":182,"play_id":"3dd3b704-6365-4d15-a379-4df9c55428f1","local_time":"20210107140001","is_ascension_mode":true,"campfire_choices":[{"data":"WordoMod:BurnMyDread","floor":6,"key":"SMITH"},{"data":"WordoMod:ShackleGuard","floor":8,"key":"SMITH"},{"floor":13,"key":"REST"},{"floor":15,"key":"REST"}],"circlet_count":0,"master_deck":["WordoMod:StrikeCard","WordoMod:StrikeCard","WordoMod:StrikeCard","WordoMod:StrikeCard","WordoMod:DefendCard","WordoMod:DefendCard","WordoMod:DefendCard","WordoMod:DefendCard","WordoMod:Accursed","WordoMod:IllWill","WordoMod:BurnMyDread+1","WordoMod:Retaliate+1","WordoMod:Behead","Clumsy","WordoMod:ShackleGuard+1","WordoMod:ScatterAshes","WordoMod:Cataclysm"],"relics":["WordoMod:Obsidian","WordoMod:Effigy","Golden Egg","HollowMod:StagPassRelic","Happy Flower"],"acts_visited":["Exordium"],"potions_floor_usage":[7,14],"damage_taken":[{"damage":0,"enemies":"Small Slimes","floor":1,"turns":3},{"damage":14,"enemies":"Jaw Worm","floor":3,"turns":3},{"damage":18,"enemies":"3 Sentries","floor":7,"turns":6},{"damage":0,"enemies":"2 Louse","floor":11,"turns":1},{"damage":6,"enemies":"Exordium Thugs","floor":12,"turns":3},{"damage":22,"enemies":"Lagavulin","floor":14,"turns":4},{"damage":10,"enemies":"The Guardian","floor":16,"turns":8}],"seed_played":"3325202444451743240","potions_obtained":[{"floor":3,"key":"Adrenaline Potion"},{"floor":7,"key":"Swift Potion"},{"floor":11,"key":"jedi:mysterypotion"},{"floor":12,"key":"SmokeBomb"}],"is_trial":false,"path_per_floor":["M","?","M","$","?","R","E","R","T","?","M","M","R","E","R","B"],"character_chosen":"JUDGE_CLASS","items_purchased":["WordoMod:Behead"],"campfire_rested":2,"item_purchase_floors":[4],"current_hp_per_floor":[68,68,54,54,68,68,50,50,50,55,55,49,70,48,69,59,59],"gold":262,"neow_bonus":"THREE_RARE_CARDS","is_daily":false,"chose_seed":false,"campfire_upgraded":2,"win_rate":0.0,"timestamp":1610049601,"path_taken":["M","?","M","$","?","R","E","R","T","?","?","M","R","E","R","BOSS"],"items_purchased_type":["Card"],"build_version":"2020-12-22","purchased_purges":0,"victory":false,"max_hp_per_floor":[68,68,68,68,68,68,68,68,68,73,73,73,73,73,73,73,73],"relic_stats":{"Happy Flower":[2],"counters":[22,70],"obtain_stats":[{"Golden Egg":23,"construct:ClawGrip":17,"WordoMod:Effigy":0,"NeowsBlessing":0,"Happy Flower":14,"Golden Idol":3,"WordoMod:Obsidian":0,"Guide Book":23,"aspiration:HiddenCompartment":6,"Ancient Tea Set":8,"Question Card":9,"HollowMod:StagPassRelic":9,"Anchor":24,"betterThird:SlimedRelic":4,"Abe\u0027s Treasure":17},{"Golden Egg":12,"construct:ClawGrip":9,"WordoMod:Effigy":0,"NeowsBlessing":0,"Happy Flower":21,"Golden Idol":1,"WordoMod:Obsidian":0,"Guide Book":12,"aspiration:HiddenCompartment":3,"Ancient Tea Set":5,"Question Card":5,"HollowMod:StagPassRelic":18,"Anchor":12,"betterThird:SlimedRelic":1,"Abe\u0027s Treasure":9},{"Golden Egg":30,"construct:ClawGrip":19,"WordoMod:Effigy":0,"NeowsBlessing":0,"Happy Flower":62,"Golden Idol":1,"WordoMod:Obsidian":0,"Guide Book":30,"aspiration:HiddenCompartment":3,"Ancient Tea Set":9,"Question Card":9,"HollowMod:StagPassRelic":54,"Anchor":30,"betterThird:SlimedRelic":1,"Abe\u0027s Treasure":19}]},"card_choices":[{"not_picked":["WordoMod:UltimateSacrifice","WordoMod:HighwayToHell"],"picked":"WordoMod:BurnMyDread","floor":0},{"not_picked":["WordoMod:LanternFlame","WordoMod:CurseBuckler"],"picked":"WordoMod:Retaliate","floor":1},{"not_picked":["WordoMod:Sickness","WordoMod:Pestilence","WordoMod:LordOfTheFlies"],"picked":"SKIP","floor":3},{"not_picked":["WordoMod:FoggyMind","Hallucinations"],"picked":"Clumsy","floor":7},{"not_picked":["WordoMod:Malice","WordoMod:Vulgarity"],"picked":"WordoMod:ShackleGuard","floor":7},{"not_picked":["WordoMod:Spite","WordoMod:FalseDiagnosis"],"picked":"WordoMod:ScatterAshes","floor":11},{"not_picked":["WordoMod:Rise","WordoMod:SecondChance","WordoMod:Plague"],"picked":"SKIP","floor":12},{"not_picked":["WordoMod:Exorcism","WordoMod:RiskTaker"],"picked":"WordoMod:Cataclysm","floor":14}],"player_experience":1846415,"relics_obtained":[{"floor":7,"key":"Golden Egg"},{"floor":9,"key":"HollowMod:StagPassRelic"},{"floor":14,"key":"Happy Flower"}],"event_choices":[{"damage_healed":17,"gold_gain":0,"player_choice":"Healed","damage_taken":0,"max_hp_gain":0,"max_hp_loss":0,"event_name":"The Cleric","floor":5,"gold_loss":35},{"damage_healed":0,"gold_gain":0,"player_choice":"Donut","damage_taken":0,"max_hp_gain":5,"max_hp_loss":0,"event_name":"Big Fish","floor":10,"gold_loss":0}],"is_beta":false,"boss_relics":[],"items_purged_floors":[],"is_endless":false,"potions_floor_spawned":[3,7,11,12],"killed_by":"The Guardian","ascension_level":3}}