{"host":"d8d3jqle49sogkjv","time":1610009401,"event":{"mods":["BaseMod","Colored Map","Colored Powertips","Minty Spire (QoL Compilation)","StSLib"],"gold_per_floor":[109,121,296,296,371,398,398,398,398,416,416,435,465,481,481,586,586,601,248,248,248],"floor_reached":20,"playtime":832,"items_purged":["Doubt"],"score":209,"play_id":"76faaaa3-df00-4133-99c9-2edea7f8ff11","local_time":"20210107095001","is_ascension_mode":true,"campfire_choices":[{"data":"Eruption","floor":7,"key":"SMITH"},{"floor":11,"key":"REST"},{"floor":15,"key":"REST"}],"circlet_count":0,"master_deck":["Strike_P","Strike_P","Strike_P","Defend_P","Defend_P","Defend_P","Eruption+1","Vigilance","ClearTheMind","JustLucky","Prostrate","WindmillStrike","FollowUp","Protect","FlurryOfBlows","DevaForm","FlyingSleeves+1","SandsOfTime","Prostrate"],"relics":["Empty Cage","InkBottle","Mercury Hourglass","Art of War","SacredBark","MealTicket"],"acts_visited":["Exordium","TheCity"],"potions_floor_usage":[6,16,16,18,20],"damage_taken":[{"damage":7,"enemies":"Small Slimes","floor":1,"turns":3},{"damage":1,"enemies":"2 Louse","floor":2,"turns":2},{"damage":30,"enemies":"Gremlin Nob","floor":6,"turns":4},{"damage":0,"enemies":"Cultist","floor":10,"turns":3},{"damage":0,"enemies":"Looter","floor":12,"turns":3},{"damage":29,"enemies":"Lagavulin","floor":13,"turns":7},{"damage":4,"enemies":"Exordium Thugs","floor":14,"turns":4},{"damage":9,"enemies":"The Guardian","floor":16,"turns":9},{"damage":25,"enemies":"2 Thieves","floor":18,"turns":3},{"damage":55,"enemies":"Masked Bandits","floor":20,"turns":3}],"seed_played":"5910977805139034217","potions_obtained":[{"floor":1,"key":"Fire Potion"},{"floor":10,"key":"GamblersBrew"},{"floor":13,"key":"BlessingOfTheForge"},{"floor":14,"key":"Explosive Potion"},{"floor":16,"key":"Explosive Potion"}],"is_trial":false,"path_per_floor":["M","M","?","?","?","E","R","?","T","M","R","M","E","M","R","B",null,"M","$","?"],"character_chosen":"WATCHER","items_purchased":["SandsOfTime","Prostrate","MealTicket"],"campfire_rested":2,"item_purchase_floors":[19,19,19],"current_hp_per_floor":[65,64,64,69,58,28,28,21,21,21,44,44,15,11,34,25,77,52,52,0,0],"gold":248,"neow_bonus":"BOSS_RELIC","is_daily":false,"chose_seed":false,"campfire_upgraded":1,"win_rate":0.0,"timestamp":1610009401,"path_taken":["M","M","?","?","?","E","R","?","T","?","R","M","E","M","R","BOSS","M","$","?"],"items_purchased_type":["Card","Card","Relic"],"build_version":"2020-12-22","purchased_purges":1,"victory":false,"max_hp_per_floor":[72,72,72,77,77,77,77,77,77,77,77,77,77,77,77,77,77,77,77,77,77],"card_choices":[{"not_picked":["ForeignInfluence","BowlingBash"],"picked":"ClearTheMind","floor":1},{"not_picked":["EmptyFist","Vengeance"],"picked":"JustLucky","floor":2},{"not_picked":["FearNoEvil","Wish"],"picked":"Prostrate","floor":6},{"not_picked":["SashWhip","Halt"],"picked":"WindmillStrike","floor":10},{"not_picked":["ClearTheMind","ReachHeaven"],"picked":"FollowUp","floor":12},{"not_picked":["WindmillStrike","CrushJoints"],"picked":"Protect","floor":13},{"not_picked":["Halt","Evaluate"],"picked":"FlurryOfBlows","floor":14},{"not_picked":["MasterReality","SpiritShield"],"picked":"DevaForm","floor":16},{"not_picked":["CrushJoints","CutThroughFate"],"picked":"FlyingSleeves+1","floor":18}],"player_experience":396105,"relics_obtained":[{"floor":6,"key":"InkBottle"},{"floor":9,"key":"Mercury Hourglass"},{"floor":13,"key":"Art of War"}],"event_choices":[{"damage_healed":0,"gold_gain":175,"player_choice":"AGREE","damage_taken":0,"max_hp_gain":0,"max_hp_loss":0,"event_name":"Liars Game","floor":3,"gold_loss":0,"cards_obtained":["Doubt"]},{"damage_healed":0,"gold_gain":0,"player_choice":"Donut","damage_taken":0,"max_hp_gain":5,"max_hp_loss":0,"event_name":"Big Fish","floor":4,"gold_loss":0},{"damage_healed":0,"gold_gain":75,"player_choice":"Gather Gold","damage_taken":11,"max_hp_gain":0,"max_hp_loss":0,"event_name":"World of Goop","floor":5,"gold_loss":0},{"damage_healed":0,"gold_gain":0,"player_choice":"Damaged","damage_taken":7,"max_hp_gain":0,"max_hp_loss":0,"event_name":"Wheel of Change","floor":8,"gold_loss":0},{"damage_healed":0,"gold_gain":0,"player_choice":"Fought Bandits","damage_taken":0,"max_hp_gain":0,"max_hp_loss":0,"event_name":"Masked Bandits","floor":20,"gold_loss":0}],"is_beta":false,"boss_relics":[{"not_picked":["Runic Pyramid","Coffee Dripper"],"picked":"SacredBark"}],"items_purged_floors":[19],"is_endless":false,"potions_floor_spawned":[1,10,13,14,16],"killed_by":"Masked Bandits","ascension_level":3}}