{"host":"odz7g4gpgch153rb","time":1610052728,"event":{"mods":["AchievementEnabler","BaseMod","Better Match","Better Third Choice","BetterRewards","GifTheSpireLib","Infinite Spire","Jedi Mod","Minty Spire (QoL Compilation)","Quick Restart","Replay The Spire","Spikes Relics","StSLib","Stuff the Spire","The Blue Laboratory","Trackpad"],"gold_per_floor":[111,30,72,84,84,84,110,124,124,135,60,60,60,21,21,100,100,120,57,73,93,105,105,117,117,117,117,117,117],"floor_reached":28,"playtime":1375,"items_purged":["Strike_B","Strike_B"],"score":450,"play_id":"2936070f-354f-43e8-a1ea-b16bc1d63521","local_time":"20210107155208","is_ascension_mode":true,"campfire_choices":[{"data":"Zap","floor":6,"key":"SMITH"},{"data":"Dualcast","floor":12,"key":"SMITH"},{"data":"Leap","floor":15,"key":"SMITH"},{"floor":23,"key":"REST"},{"floor":25,"key":"REST"}],"circlet_count":0,"master_deck":["AscendersBane","Strike_B","Strike_B","Defend_B","Defend_B","Defend_B","Zap+1","Dualcast+1","Genetic Algorithm+1","Static Discharge+1","Sweeping Beam","Force Field","Leap+1","Sweeping Beam","jedi:darknesscall+1","Capacitor","Seek+1","StuffTheSpire:Plugnplay","Defragment+1","Conserve Battery+1","infinitespire:Starlight"],"relics":["Cracked Core","NeowsBlessing","Mirror","SpikesRelics:ToyHorsey","Pet Ghost","Nuclear Battery","Replay:Bottled Snecko","Guide Book"],"acts_visited":["Exordium","TheCity"],"potions_floor_usage":[16,16,28],"damage_taken":[{"damage":0,"enemies":"2 Louse","floor":1,"turns":1},{"damage":0,"enemies":"Small Slimes","floor":4,"turns":1},{"damage":0,"enemies":"3 Sentries","floor":7,"turns":1},{"damage":7,"enemies":"Jaw Worm","floor":8,"turns":3},{"damage":8,"enemies":"Large Slime","floor":10,"turns":3},{"damage":19,"enemies":"Slime Boss","floor":16,"turns":7},{"damage":15,"enemies":"Shell Parasite","floor":18,"turns":4},{"damage":0,"enemies":"Chosen","floor":20,"turns":5},{"damage":15,"enemies":"Snake Plant","floor":21,"turns":3},{"damage":22,"enemies":"Shelled Parasite and Fungi","floor":22,"turns":4},{"damage":17,"enemies":"Sentry and Sphere","floor":24,"turns":4},{"damage":27,"enemies":"Colosseum Slavers","floor":28,"turns":4},{"damage":76,"enemies":"Colosseum Nobs","floor":28,"turns":4}],"seed_played":"323339498772570764","potions_obtained":[{"floor":4,"key":"blueLaboratory:CreativityPotion"},{"floor":10,"key":"Dexterity Potion"},{"floor":20,"key":"PowerPotion"},{"floor":21,"key":"blueLaboratory:RecallPotion"},{"floor":24,"key":"FairyPotion"}],"is_trial":false,"path_per_floor":["M","$","?","M","?","R","E","M","T","M","$","R","?","$","R","B",null,"M","$","M","M","M","R","M","R","T","AVR","?"],"character_chosen":"DEFECT","items_purchased":["Static Discharge","Capacitor","Defragment+1"],"campfire_rested":2,"item_purchase_floors":[2,14,19],"current_hp_per_floor":[64,64,41,41,41,41,41,34,34,26,26,26,26,26,26,7,55,40,40,40,25,3,24,7,28,28,28,0,0],"gold":117,"neow_bonus":"THREE_ENEMY_KILL","is_daily":false,"chose_seed":false,"campfire_upgraded":3,"win_rate":0.0,"timestamp":1610052728,"path_taken":["M","$","?","M","?","R","E","M","T","?","$","R","?","?","R","BOSS","M","?","M","?","M","R","M","R","T","AVR","?"],"items_purchased_type":["Card","Card","Card"],"build_version":"2020-12-22","purchased_purges":2,"victory":false,"max_hp_per_floor":[71,71,71,71,71,71,71,71,71,71,71,71,71,71,71,71,71,71,71,71,71,71,71,71,71,71,71,71,71],"card_choices":[{"not_picked":["jedi:BurstLightning","Hologram"],"picked":"Genetic Algorithm","floor":1},{"not_picked":["jedi:spotbugs","Coolheaded"],"picked":"Sweeping Beam","floor":3},{"not_picked":["Coolheaded","Gash"],"picked":"Force Field","floor":4},{"not_picked":["Compile Driver","Steam","Turbo"],"picked":"SKIP","floor":7},{"not_picked":["Doom and Gloom","ReplaySolidLightProjector"],"picked":"Leap","floor":8},{"not_picked":["StuffTheSpire:Rend","Compile Driver"],"picked":"Sweeping Beam","floor":10},{"not_picked":["Multi-Cast","StuffTheSpire:LaunchingStrike"],"picked":"Seek","floor":16},{"not_picked":["Beam Cell","ReplayTheSpireMod:Calculation Training+1"],"picked":"StuffTheSpire:Plugnplay","floor":18},{"not_picked":["Redo","Leap","Compile Driver"],"picked":"SKIP","floor":20},{"not_picked":["Barrage","Recycle","jedi:darknesscall"],"picked":"SKIP","floor":21},{"not_picked":["Go for the Eyes","Darkness"],"picked":"Conserve Battery+1","floor":22},{"not_picked":["Genetic Algorithm","Steam","Blizzard"],"picked":"SKIP","floor":24}],"player_experience":1001589,"relics_obtained":[{"floor":3,"key":"Mirror"},{"floor":7,"key":"SpikesRelics:ToyHorsey"},{"floor":9,"key":"Pet Ghost"},{"floor":26,"key":"Replay:Bottled Snecko"}],"event_choices":[{"damage_healed":0,"gold_gain":0,"player_choice":"Fight","damage_taken":0,"max_hp_gain":0,"max_hp_loss":0,"event_name":"Colosseum","floor":28,"gold_loss":0},{"damage_healed":0,"gold_gain":0,"player_choice":"Fought Nobs","damage_taken":0,"max_hp_gain":0,"max_hp_loss":0,"event_name":"Colosseum","floor":28,"gold_loss":0}],"is_beta":false,"boss_relics":[{"not_picked":["Ectoplasm","Pandora\u0027s Box"],"picked":"Nuclear Battery"}],"items_purged_floors":[11,27],"is_endless":false,"potions_floor_spawned":[4,10,20,21,24,28],"killed_by":"Colosseum Nobs","ascension_level":17}}