{"host":"4nqeo0vu1vuav7gg","time":1610044797,"event":{"mods":["AchievementEnabler","BaseMod","Block Reminder","Colored Map","Colored Powertips","Highlight Path","Minty Spire (QoL Compilation)","Quick Restart","Rare Cards Sparkle","Relic Relevance Reorder","StSLib"],"gold_per_floor":[119,119,132,23,23,54,71,87,87,87,115,115,146,163,163,240,240,258,258,258,258,44,44,44,44],"floor_reached":24,"playtime":818,"items_purged":[],"score":511,"play_id":"70288abf-811b-4d11-9a05-dcdf987c0547","local_time":"20210107193957","is_ascension_mode":true,"campfire_choices":[{"data":"Biased Cognition","floor":10.0,"key":"SMITH"},{"data":"Defragment","floor":12.0,"key":"SMITH"},{"data":"Genetic Algorithm","floor":15.0,"key":"SMITH"},{"data":"Echo Form","floor":23,"key":"SMITH"}],"circlet_count":0,"master_deck":["AscendersBane","Defend_B","Defend_B","Defend_B","Defend_B","Zap+1","Dualcast","Conserve Battery","Sweeping Beam","Defragment+1","Glacier","Biased Cognition+1","Genetic Algorithm+1","Capacitor","Rainbow","Echo Form+1","Steam+1","Sunder+1","Cold Snap+1","Tempest","Necronomicurse","Loop"],"relics":["Cracked Core","Shuriken","Necronomicon","Blue Candle","Ginger","NeowsBlessing","Tiny Chest","Astrolabe","TungstenRod"],"acts_visited":["Exordium","TheCity"],"potions_floor_usage":[],"damage_taken":[{"damage":0.0,"enemies":"2 Louse","floor":1.0,"turns":1.0},{"damage":0.0,"enemies":"Jaw Worm","floor":3.0,"turns":1.0},{"damage":0.0,"enemies":"Gremlin Nob","floor":6.0,"turns":1.0},{"damage":0.0,"enemies":"Cultist","floor":7.0,"turns":3.0},{"damage":3.0,"enemies":"Blue Slaver","floor":8.0,"turns":3.0},{"damage":13.0,"enemies":"3 Sentries","floor":11.0,"turns":9.0},{"damage":0.0,"enemies":"Lagavulin","floor":13.0,"turns":8.0},{"damage":0.0,"enemies":"Looter","floor":14.0,"turns":4.0},{"damage":37,"enemies":"Hexaghost","floor":16,"turns":11},{"damage":9,"enemies":"3 Byrds","floor":18,"turns":5},{"damage":53,"enemies":"Book of Stabbing","floor":24,"turns":5}],"seed_played":"-7387339566807246984","potions_obtained":[{"floor":6.0,"key":"Fruit Juice"},{"floor":14.0,"key":"SpeedPotion"},{"floor":16,"key":"Ancient Potion"}],"is_trial":false,"path_per_floor":["M","?","M","$","?","E","M","M","T","R","E","R","E","M","R","B",null,"M","?","?","?","$","R","E"],"character_chosen":"DEFECT","items_purchased":["Defragment","Gash","Tiny Chest","Loop"],"campfire_rested":0,"item_purchase_floors":[4,4,22,22],"current_hp_per_floor":[64,64,64,64,69,74,74,71,71,71,58,58,58,58,58,21,62,53,68,51,51,51,51,0,0],"gold":44,"neow_bonus":"THREE_ENEMY_KILL","is_daily":false,"chose_seed":false,"campfire_upgraded":4,"win_rate":0.0,"timestamp":1610044797,"path_taken":["M","?","M","$","?","E","M","M","T","R","E","R","E","?","R","BOSS","M","?","?","?","$","R","E"],"items_purchased_type":["Card","Card","Relic","Card"],"build_version":"2020-12-22","purchased_purges":0,"victory":false,"max_hp_per_floor":[71,71,71,71,71,76,76,76,76,76,76,76,76,76,76,76,76,76,76,76,76,76,76,76,76],"card_choices":[{"not_picked":["Rip and Tear","Leap"],"picked":"Conserve Battery","floor":1.0},{"not_picked":["Rebound","Coolheaded"],"picked":"Sweeping Beam","floor":3.0},{"not_picked":["Leap","Hello World"],"picked":"Glacier","floor":6.0},{"not_picked":["Streamline","Melter"],"picked":"Biased Cognition","floor":7.0},{"not_picked":["Turbo","Hologram"],"picked":"Genetic Algorithm","floor":8.0},{"not_picked":["Reinforced Body","Genetic Algorithm"],"picked":"Capacitor","floor":11.0},{"not_picked":["Multi-Cast","Hologram","Streamline"],"picked":"SKIP","floor":13.0},{"not_picked":["Streamline","Sweeping Beam"],"picked":"Rainbow","floor":14.0},{"not_picked":["Hyperbeam","Seek"],"picked":"Echo Form","floor":16},{"not_picked":["Turbo","Chaos"],"picked":"Tempest","floor":18}],"player_experience":1058000,"relics_obtained":[{"floor":6.0,"key":"Shuriken"},{"floor":9.0,"key":"TungstenRod"},{"floor":11.0,"key":"Ginger"},{"floor":13.0,"key":"Blue Candle"},{"floor":20,"key":"Necronomicon"}],"event_choices":[{"damage_healed":0.0,"max_hp_gain":0.0,"max_hp_loss":0.0,"gold_gain":0.0,"event_name":"Living Wall","player_choice":"Grow","floor":2.0,"gold_loss":0.0,"damage_taken":0.0,"cards_upgraded":["Zap"]},{"cards_removed":["Gash"],"damage_healed":5.0,"max_hp_gain":0.0,"max_hp_loss":0.0,"gold_gain":0.0,"event_name":"Bonfire Elementals","player_choice":"Offered Common","floor":5.0,"gold_loss":0.0,"damage_taken":0.0},{"cards_removed":["Gash"],"damage_healed":5.0,"max_hp_gain":0.0,"max_hp_loss":0.0,"gold_gain":0.0,"event_name":"Bonfire Elementals","player_choice":"Offered Special","floor":5.0,"gold_loss":0.0,"damage_taken":0.0},{"damage_healed":15,"gold_gain":0,"player_choice":"Heal","damage_taken":0,"max_hp_gain":0,"max_hp_loss":0,"event_name":"The Library","floor":19,"gold_loss":0},{"damage_healed":0,"gold_gain":0,"player_choice":"Obtained Book","damage_taken":21,"max_hp_gain":0,"max_hp_loss":0,"event_name":"Cursed Tome","floor":20,"gold_loss":0},{"cards_removed":["Strike_B"],"damage_healed":0,"gold_gain":0,"player_choice":"Elegance","damage_taken":0,"max_hp_gain":0,"max_hp_loss":0,"event_name":"Back to Basics","floor":21,"gold_loss":0}],"is_beta":false,"boss_relics":[{"not_picked":["SlaversCollar","Runic Dome"],"picked":"Astrolabe"}],"items_purged_floors":[],"is_endless":false,"potions_floor_spawned":[6,14,16],"killed_by":"Book of Stabbing","ascension_level":19}}