{"host":"agbyy69nq62afhwx","time":1610047087,"event":{"mods":["BaseMod","Colored Map","DeckTracker","Highlight Path","Keyboard Shortcuts","Minty Spire (QoL Compilation)","Quick Restart","StSLib","SuperFastMode","everything is the same but u backflip on backflip"],"gold_per_floor":[20,39,54,104,51,51,100,100,174,174,193,228,228,245,245,316,316,334,158,168,184,203,203,203,203,226,241,276,288,288,69,69,145,145,164,164,84,102,0,27,27,59,127,152,163,163,181,209,209,209],"floor_reached":51,"playtime":1399,"items_purged":["Strike_G","Strike_G"],"score":1390,"play_id":"834c30ae-9d49-4f0a-8a9c-8252a933ee9b","local_time":"20210108041807","is_ascension_mode":true,"campfire_choices":[{"data":"Accuracy","floor":6.0,"key":"SMITH"},{"data":"Blade Dance","floor":8.0,"key":"SMITH"},{"data":"Cloak And Dagger","floor":10.0,"key":"SMITH"},{"data":"Storm of Steel","floor":13.0,"key":"SMITH"},{"data":"Finisher","floor":15.0,"key":"SMITH"},{"data":"Well Laid Plans","floor":23.0,"key":"SMITH"},{"floor":25.0,"key":"REST"},{"floor":30.0,"key":"REST"},{"floor":32.0,"key":"REST"},{"floor":41.0,"key":"REST"},{"floor":46.0,"key":"REST"},{"floor":49.0,"key":"REST"}],"circlet_count":0,"master_deck":["AscendersBane","Defend_G","Defend_G","Survivor","Neutralize","Accuracy+1","Cloak And Dagger+1","Blade Dance+1","Storm of Steel+1","Finisher+1","Malaise","Infinite Blades","Flash of Steel","Escape Plan","Well Laid Plans+1","Bandage Up","Phantasmal Killer","Bullet Time","Accuracy","Blur","Calculated Gamble"],"relics":["Ring of the Serpent","Centennial Puzzle","The Courier","Juzu Bracelet","Empty Cage","Vajra","StoneCalendar","Red Mask","Omamori","White Beast Statue","Blue Candle","Pocketwatch","Oddly Smooth Stone"],"acts_visited":["Exordium","TheCity","TheBeyond"],"potions_floor_usage":[50,50],"damage_taken":[{"damage":3.0,"enemies":"Jaw Worm","floor":1.0,"turns":5.0},{"damage":5.0,"enemies":"Cultist","floor":2.0,"turns":5.0},{"damage":2.0,"enemies":"2 Louse","floor":3.0,"turns":4.0},{"damage":5.0,"enemies":"Red Slaver","floor":11.0,"turns":2.0},{"damage":3.0,"enemies":"Gremlin Nob","floor":12.0,"turns":3.0},{"damage":2.0,"enemies":"Blue Slaver","floor":14.0,"turns":3.0},{"damage":27.0,"enemies":"The Guardian","floor":16.0,"turns":8.0},{"damage":9.0,"enemies":"Chosen","floor":18.0,"turns":6.0},{"damage":0.0,"enemies":"Spheric Guardian","floor":20.0,"turns":1.0},{"damage":11.0,"enemies":"Snake Plant","floor":21.0,"turns":3.0},{"damage":0.0,"enemies":"Centurion and Healer","floor":22.0,"turns":4.0},{"damage":13.0,"enemies":"Snecko","floor":27.0,"turns":4.0},{"damage":21.0,"enemies":"Book of Stabbing","floor":28.0,"turns":3.0},{"damage":22.0,"enemies":"Snake Plant","floor":29.0,"turns":3.0},{"damage":12.0,"enemies":"Collector","floor":33.0,"turns":4.0},{"damage":19.0,"enemies":"Orb Walker","floor":35.0,"turns":3.0},{"damage":12.0,"enemies":"3 Shapes","floor":38.0,"turns":6.0},{"damage":15.0,"enemies":"Nemesis","floor":40.0,"turns":3.0},{"damage":5.0,"enemies":"Giant Head","floor":42.0,"turns":4.0},{"damage":13.0,"enemies":"Mind Bloom Boss Battle","floor":44.0,"turns":4.0},{"damage":15.0,"enemies":"Sphere and 2 Shapes","floor":45.0,"turns":7.0},{"damage":17.0,"enemies":"Writhing Mass","floor":47.0,"turns":3.0},{"damage":24.0,"enemies":"Nemesis","floor":48.0,"turns":5.0},{"damage":34,"enemies":"Time Eater","floor":50,"turns":6}],"seed_played":"6460201596039469315","potions_obtained":[{"floor":1.0,"key":"Fruit Juice"},{"floor":2.0,"key":"AttackPotion"},{"floor":3.0,"key":"Ancient Potion"},{"floor":20.0,"key":"LiquidMemories"},{"floor":45.0,"key":"Dexterity Potion"}],"is_trial":false,"path_per_floor":["M","M","M","?","$","R","T","R","T","R","M","E","R","M","R","B",null,"M","$","M","M","M","R","?","R","T","M","E","M","R","$","R","B",null,"M","?","$","M","?","E","R","E","T","?","M","R","M","E","R","B",null],"character_chosen":"THE_SILENT","items_purchased":["Blade Dance","Flash of Steel","Escape Plan","Bandage Up","Phantasmal Killer"],"campfire_rested":6,"item_purchase_floors":[5,19,19,31,31],"current_hp_per_floor":[56,51,54,54,54,54,54,54,54,54,49,46,46,44,44,17,58,49,49,49,38,38,38,38,59,59,46,25,3,24,24,45,37,63,48,48,48,40,40,29,50,49,49,40,29,50,37,17,38,8],"gold":209,"neow_bonus":"REMOVE_TWO","is_daily":false,"chose_seed":false,"campfire_upgraded":6,"win_rate":0.0,"timestamp":1610047087,"path_taken":["M","M","M","?","?","R","?","R","T","R","M","E","R","M","R","BOSS","M","$","M","M","M","R","?","R","T","M","E","M","R","$","R","BOSS","M","?","$","M","?","E","R","E","T","?","M","R","M","E","R","BOSS"],"items_purchased_type":["Card","Card","Card","Card","Card"],"build_version":"2020-12-22","purchased_purges":2,"victory":true,"max_hp_per_floor":[66,66,71,71,71,71,71,71,71,71,71,71,71,71,71,71,71,71,71,71,71,71,71,71,71,71,71,71,71,71,71,71,71,71,71,71,71,71,71,71,71,71,71,71,71,71,71,71,71,71],"card_choices":[{"not_picked":["Endless Agony","All Out Attack"],"picked":"Accuracy","floor":1.0},{"not_picked":["Underhanded Strike","Setup","Sucker Punch"],"picked":"SKIP","floor":2.0},{"not_picked":["Backflip","Outmaneuver"],"picked":"Cloak And Dagger","floor":3.0},{"not_picked":["Quick Slash","Underhanded Strike","Blade Dance"],"picked":"SKIP","floor":11.0},{"not_picked":["PiercingWail","Crippling Poison"],"picked":"Storm of Steel","floor":12.0},{"not_picked":["Prepared","Slice"],"picked":"Finisher","floor":14.0},{"not_picked":["Tools of the Trade","Grand Finale"],"picked":"Malaise","floor":16.0},{"not_picked":["Blade Dance","Acrobatics"],"picked":"Infinite Blades","floor":18.0},{"not_picked":["Dodge and Roll","Backflip"],"picked":"Well Laid Plans","floor":20.0},{"not_picked":["Poisoned Stab","Cloak And Dagger","PiercingWail"],"picked":"SKIP","floor":21.0},{"not_picked":["Dagger Spray","Sucker Punch","Masterful Stab"],"picked":"SKIP","floor":22.0},{"not_picked":["Deadly Poison","PiercingWail","Caltrops"],"picked":"SKIP","floor":27.0},{"not_picked":["Bouncing Flask","All Out Attack","Setup"],"picked":"SKIP","floor":28.0},{"not_picked":["Flying Knee","Blade Dance","Expertise"],"picked":"SKIP","floor":29.0},{"not_picked":["Night Terror","Envenom"],"picked":"Bullet Time","floor":33.0},{"not_picked":["Dagger Spray+1","Dash"],"picked":"Accuracy","floor":35.0},{"not_picked":["Flying Knee","Prepared","Quick Slash"],"picked":"SKIP","floor":38.0},{"not_picked":["Storm of Steel","Doppelganger","Catalyst"],"picked":"SKIP","floor":40.0},{"not_picked":["Skewer","Backflip","All Out Attack+1"],"picked":"SKIP","floor":42.0},{"not_picked":["Prepared+1","Underhanded Strike+1"],"picked":"Blur","floor":44.0},{"not_picked":["Distraction","Dagger Spray+1","Bane"],"picked":"SKIP","floor":45.0},{"not_picked":["Flechettes","Prepared","Dodge and Roll"],"picked":"SKIP","floor":47.0},{"not_picked":["PiercingWail+1","Sucker Punch+1"],"picked":"Calculated Gamble","floor":48.0}],"player_experience":408103,"relics_obtained":[{"floor":7.0,"key":"Centennial Puzzle"},{"floor":9.0,"key":"The Courier"},{"floor":12.0,"key":"Juzu Bracelet"},{"floor":26.0,"key":"Vajra"},{"floor":28.0,"key":"StoneCalendar"},{"floor":40.0,"key":"Omamori"},{"floor":42.0,"key":"White Beast Statue"},{"floor":43.0,"key":"Blue Candle"},{"floor":44.0,"key":"Pocketwatch"},{"floor":48.0,"key":"Oddly Smooth Stone"}],"event_choices":[{"damage_healed":0.0,"max_hp_gain":0.0,"max_hp_loss":0.0,"gold_gain":50.0,"event_name":"Golden Shrine","player_choice":"Pray","floor":4.0,"gold_loss":0.0,"damage_taken":0.0},{"cards_removed":["Defend_G"],"damage_healed":0.0,"max_hp_gain":0.0,"max_hp_loss":0.0,"gold_gain":0.0,"event_name":"Purifier","player_choice":"Purged","floor":24.0,"gold_loss":0.0,"damage_taken":0.0},{"cards_removed":["Strike_G"],"damage_healed":0.0,"max_hp_gain":0.0,"max_hp_loss":0.0,"gold_gain":0.0,"event_name":"Falling","player_choice":"Removed Attack","floor":36.0,"gold_loss":0.0,"damage_taken":0.0},{"damage_healed":0.0,"max_hp_gain":0.0,"max_hp_loss":0.0,"gold_gain":0.0,"event_name":"Tomb of Lord Red Mask","player_choice":"Paid","floor":39.0,"gold_loss":102.0,"damage_taken":0.0,"relics_obtained":["Red Mask"]},{"damage_healed":0.0,"max_hp_gain":0.0,"max_hp_loss":0.0,"gold_gain":0.0,"event_name":"MindBloom","player_choice":"Fight","floor":44.0,"gold_loss":0.0,"damage_taken":0.0}],"is_beta":false,"boss_relics":[{"not_picked":["HoveringKite","Black Star"],"picked":"Empty Cage"},{"not_picked":["Cursed Key","Coffee Dripper"],"picked":"Ring of the Serpent"}],"items_purged_floors":[19,37],"is_endless":false,"potions_floor_spawned":[1,2,3,20,27,33,38,44,45,47,48],"ascension_level":18}}