{"host":"npubv26u89aif4fa","time":1610006458,"event":{"mods":["Astrologer","BaseMod","Better Vampires","Better-Laid Plans","Colored Powertips","GifTheSpireLib","GungeonMod","HornydragonMod","Hubris","Jedi Mod","Minty Spire (QoL Compilation)","Quick Restart","Remilia（蕾米莉亚）","Replay The Spire","StSLib","Td1madao Mod","The Administrix","The Alterego","The Bug Knight","The Cursed","The Runesmith","Yuri Mod","残留之物"],"gold_per_floor":[114,114,129,144,159,189,189,219,219,234,234,234,249,279,279,379,379,394,394,82,97,112,112,142,142,142,172,187,202,217,217,217,317,317,332,347,247,262,277,307,322,322,397,427,427,442,457,472,472,472],"floor_reached":51,"playtime":3645,"items_purged":["Regret","Black Warm Hole"],"score":800,"play_id":"40719f8c-abdf-4606-b965-fca602dad873","local_time":"20210107160058","daily_mods":["SealedDeck","Green Cards","Lethality"],"is_ascension_mode":false,"campfire_choices":[{"data":"Fire Blade","floor":7.0,"key":"SMITH"},{"data":"Black Shadow","floor":11.0,"key":"SMITH"},{"data":"Load Balancing","floor":15.0,"key":"SMITH"},{"data":"Winding Magic","floor":23.0,"key":"SMITH"},{"data":"Recovery Mechanism","floor":25.0,"key":"SMITH"},{"floor":32.0,"key":"REST"},{"data":"New Defend Magic","floor":42,"key":"SMITH"},{"data":"Fire Up","floor":45,"key":"SMITH"},{"data":"Bursts","floor":49,"key":"SMITH"}],"circlet_count":0,"master_deck":["Bugfix","Black Shadow","Black Execution","Fire Blade+1","Black Shadow+1","Black Execution","Machining","Black Spear","Bugfix","Machining","Overclocking","Format All Data","Fire Up","Cooling Song","Fire Blade+1","Black Hand","Finesse","Winding Magic+1","Recovery Mechanism+1","E MP+1","Fire Up+1","Sub Weapons+1","New Defend Magic+1","E MP+1","hubris:DuctTapeCard","Reinforcement Parts","Bursts+1"],"relics":["Apod","AntiCross","DemoMod:PoisonVial","Mb Ring","Replay:Mystery Machine","Singing Bowl","alterego_mod:SomeoneToFightFor","Replay:Wax Seal","jedi:angrymask","Chameleon Ring","Vajra","Philosopher\u0027s Stone","Onion Ring","Funny","hubris:DuctTape"],"acts_visited":["Exordium","TheCity","TheBeyond"],"potions_floor_usage":[44],"damage_taken":[{"damage":0.0,"enemies":"Jaw Worm","floor":1.0,"turns":2.0},{"damage":0.0,"enemies":"2 Louse","floor":3.0,"turns":1.0},{"damage":0.0,"enemies":"Cultist","floor":4.0,"turns":3.0},{"damage":0.0,"enemies":"Blue Slaver","floor":5.0,"turns":3.0},{"damage":21.0,"enemies":"HollowMod:MossKnight","floor":6.0,"turns":4.0},{"damage":0.0,"enemies":"Gremlin Nob","floor":8.0,"turns":2.0},{"damage":0.0,"enemies":"Large Slime","floor":10.0,"turns":2.0},{"damage":4.0,"enemies":"3 Louse","floor":13.0,"turns":2.0},{"damage":8.0,"enemies":"3 Sentries","floor":14.0,"turns":2.0},{"damage":20.0,"enemies":"Fading Forest","floor":16.0,"turns":11.0},{"damage":2.0,"enemies":"Spheric Guardian","floor":18.0,"turns":4.0},{"damage":30.0,"enemies":"3 Byrds","floor":21.0,"turns":3.0},{"damage":0.0,"enemies":"Snecko","floor":22.0,"turns":5.0},{"damage":9.0,"enemies":"HollowMod:Nosk","floor":24.0,"turns":5.0},{"damage":11.0,"enemies":"Gremlin Leader","floor":27.0,"turns":4.0},{"damage":5.0,"enemies":"Sentry and Sphere","floor":28.0,"turns":4.0},{"damage":27.0,"enemies":"Centurion and Healer","floor":29.0,"turns":4.0},{"damage":0.0,"enemies":"Chosen and Byrds","floor":30.0,"turns":2.0},{"damage":3.0,"enemies":"Collector","floor":33.0,"turns":5.0},{"damage":7.0,"enemies":"3 Darklings","floor":35.0,"turns":2.0},{"damage":6.0,"enemies":"Orb Walker","floor":36.0,"turns":3.0},{"damage":0.0,"enemies":"3 Darklings","floor":38.0,"turns":2.0},{"damage":2,"enemies":"Sphere and 2 Shapes","floor":39,"turns":5},{"damage":7,"enemies":"Giant Head","floor":40,"turns":5},{"damage":0,"enemies":"Jaw Worm Horde","floor":41,"turns":2},{"damage":0,"enemies":"HollowMod:StalkingDevout","floor":44,"turns":4},{"damage":0,"enemies":"Transient","floor":46,"turns":5},{"damage":8,"enemies":"Writhing Mass","floor":47,"turns":3},{"damage":1,"enemies":"Jaw Worm Horde","floor":48,"turns":3},{"damage":46,"enemies":"Time Eater","floor":50,"turns":7}],"seed_played":"8350349167999303424","potions_obtained":[{"floor":3.0,"key":"Fire Potion"},{"floor":5.0,"key":"Fire Potion"},{"floor":6.0,"key":"Explosive Potion"},{"floor":21.0,"key":"Flashbang"},{"floor":24.0,"key":"LifebloodPotion"},{"floor":27.0,"key":"DuplicationPotion"},{"floor":30.0,"key":"Strength Potion"},{"floor":38.0,"key":"SpeedPotion"},{"floor":40,"key":"Explosive Potion"},{"floor":44,"key":"DemoMod:LeadSkinPotion"}],"is_trial":false,"path_per_floor":["M","?","M","M","M","E","R","E","T","M","R","?","M","E","R","B",null,"M","?","$","M","M","R","E","R","T","E","M","M","M","?","R","B",null,"M","M","$","M","M","E","M","R","T","E","R","M","M","M","R","B",null],"character_chosen":"TD1MADAO_CLASS","items_purchased":["Replay:Wax Seal","Black Hand","Finesse"],"campfire_rested":1,"item_purchase_floors":[20,20,20],"current_hp_per_floor":[70,70,70,70,70,49,49,49,49,49,49,49,45,39,39,41,74,72,72,72,42,44,44,35,35,35,24,35,10,10,10,34,54,82,75,71,71,73,88,83,83,83,83,85,85,87,86,85,85,39],"gold":472,"neow_bonus":"","is_daily":true,"chose_seed":false,"campfire_upgraded":8,"win_rate":0.0,"timestamp":1610006458,"path_taken":["M","?","M","M","M","E","R","E","T","M","R","?","M","E","R","BOSS","M","?","$","M","M","R","E","R","T","E","M","M","M","?","R","BOSS","M","M","$","M","M","E","M","R","T","E","R","M","M","M","R","BOSS"],"items_purchased_type":["Relic","Card","Card"],"build_version":"2020-12-22","purchased_purges":2,"victory":true,"max_hp_per_floor":[70,70,70,70,70,70,70,70,70,70,70,70,70,72,72,74,74,74,74,74,74,76,76,76,76,76,76,78,80,80,80,80,82,82,82,84,84,86,88,88,88,88,88,90,90,92,92,92,92,92],"card_choices":[{"not_picked":["Lunge","Afterwards"],"picked":"Load Balancing","floor":1.0},{"not_picked":["Black Hand","Resistance"],"picked":"Machining","floor":3.0},{"not_picked":["Pod Fire","Preloading"],"picked":"Overclocking","floor":4.0},{"not_picked":["Light Attack","Black Shadow"],"picked":"Cooling Song","floor":5.0},{"not_picked":["Black Dance","Trader"],"picked":"Format All Data","floor":6.0},{"not_picked":["Paralysis","Black Spear"],"picked":"Fire Up","floor":8.0},{"not_picked":["Provocative","Oblique Hack","Twin Teeth"],"picked":"SKIP","floor":10.0},{"not_picked":["Black Warm Hole","Black Dance"],"picked":"Cooling Song","floor":13.0},{"not_picked":["Floating Swing Kick","Provocative","Black Spear"],"picked":"Singing Bowl","floor":14.0},{"not_picked":["Black Warm Hole","Pod Laser","Retrieval Recycling"],"picked":"Singing Bowl","floor":16.0},{"not_picked":["New Defend Magic","Afterwards"],"picked":"Fire Blade+1","floor":18.0},{"not_picked":["Rupture","Preparedness"],"picked":"Winding Magic","floor":21.0},{"not_picked":["Here Defend Chip","Pod Fire+1","Fire Blade"],"picked":"Singing Bowl","floor":22.0},{"not_picked":["Fixing","White Contract"],"picked":"Recovery Mechanism","floor":24.0},{"not_picked":["Furious","Preloading+1"],"picked":"E MP+1","floor":27.0},{"not_picked":["Coercion","Resistance","Three Hit"],"picked":"Singing Bowl","floor":28.0},{"not_picked":["Rupture","Black Hand","Light Attack"],"picked":"Singing Bowl","floor":29.0},{"not_picked":["Fixing","Twin Teeth"],"picked":"Fire Up","floor":30.0},{"not_picked":["Optimization","Backup","Retrieval Recycling"],"picked":"Singing Bowl","floor":33.0},{"not_picked":["Provocative","White Contract"],"picked":"Sub Weapons+1","floor":35.0},{"not_picked":["Ruin Defend","Twin Teeth+1","Three Hit+1"],"picked":"Singing Bowl","floor":36.0},{"not_picked":["Weapon Shift+1","Preparedness+1","Fixing"],"picked":"Singing Bowl","floor":38.0},{"not_picked":["Rupture+1","Resistance+1","Three Hit+1"],"picked":"Singing Bowl","floor":39},{"not_picked":["Oblique Hack+1","Sudden Beat"],"picked":"New Defend Magic","floor":40},{"not_picked":["New Defend Magic","Sudden Beat+1"],"picked":"E MP+1","floor":41},{"not_picked":["Fixing+1","Black Dance+1","Trader+1"],"picked":"Singing Bowl","floor":44},{"not_picked":["Lunge","Oblique Hack+1","Coercion"],"picked":"Singing Bowl","floor":46},{"not_picked":["Afterwards","Coercion+1"],"picked":"Reinforcement Parts","floor":47},{"not_picked":["Paralysis+1","De Ware Chip+1"],"picked":"Bursts","floor":48}],"player_experience":231140,"relics_obtained":[{"floor":6.0,"key":"AntiCross"},{"floor":8.0,"key":"DemoMod:PoisonVial"},{"floor":9.0,"key":"Mb Ring"},{"floor":14.0,"key":"Singing Bowl"},{"floor":24.0,"key":"jedi:angrymask"},{"floor":26.0,"key":"Chameleon Ring"},{"floor":27.0,"key":"Vajra"},{"floor":40,"key":"Onion Ring"},{"floor":43,"key":"Funny"},{"floor":44,"key":"hubris:DuctTape"}],"event_choices":[{"damage_healed":0.0,"max_hp_gain":0.0,"max_hp_loss":0.0,"gold_gain":0.0,"event_name":"Liars Game","player_choice":"Ignored","floor":2.0,"gold_loss":0.0,"damage_taken":0.0},{"damage_healed":0.0,"max_hp_gain":0.0,"max_hp_loss":0.0,"gold_gain":0.0,"event_name":"Big Fish","player_choice":"Box","floor":12.0,"gold_loss":0.0,"damage_taken":0.0,"relics_obtained":["Replay:Mystery Machine"],"cards_obtained":["Regret"]},{"damage_healed":0.0,"max_hp_gain":0.0,"max_hp_loss":0.0,"gold_gain":0.0,"event_name":"爱的神圣花园","player_choice":"Choice 2","floor":19.0,"gold_loss":0.0,"damage_taken":0.0,"relics_obtained":["alterego_mod:SomeoneToFightFor"]},{"cards_removed":["Bugfix"],"damage_healed":0.0,"max_hp_gain":0.0,"max_hp_loss":0.0,"gold_gain":0.0,"event_name":"Back to Basics","player_choice":"Elegance","floor":31.0,"gold_loss":0.0,"damage_taken":0.0}],"is_beta":false,"boss_relics":[{"not_picked":["hubris:RunicObelisk","hubris:BlackHole","ReplayTheSpireMod:DimensionalGlitch"]},{"not_picked":["hubris:Backtick","jedi:hotpepper"],"picked":"Philosopher\u0027s Stone"}],"items_purged_floors":[20,37],"is_endless":false,"potions_floor_spawned":[3,5,6,13,21,24,27,28,30,38,40,44,47,48],"ascension_level":0}}