{"host":"njb27ds59h4j3ikk","time":1610035992,"event":{"mods":["AchievementEnabler","BaseMod","Better Altar","Better Match","Better Note","Better Sensory Stone","Better Skull","Better Third Choice","BetterRewards","Downfall","Hermit","Hubris","Minty Spire (QoL Compilation)","Permanent Neow","Quarter Circle Forward PUNCH!","Quick Restart","Rare Cards Sparkle","Replay The Spire","Shop Mod","StSLib","Trackpad","Transform Curses"],"gold_per_floor":[114,128,139,149,149,183,183,213,260,260,273,273,128,155,155,232,232,244,194,44,44,55,88,88,288,314,314,343,356,366,385,385,457,457,475,375,385,400,79,106,106,156,156,156,156,187,187,221,221,221,221,221,41,74,74],"floor_reached":56,"playtime":1689,"items_purged":["Normality"],"score":2353,"play_id":"fbc7309b-9330-47a8-bee0-bac31a5427ce","local_time":"20210107111312","is_ascension_mode":true,"campfire_choices":[{"data":"Uppercut","floor":7.0,"key":"SMITH"},{"data":"Shockwave","floor":10.0,"key":"SMITH"},{"data":"hubris:EnhanceAbility","floor":15.0,"key":"SMITH"},{"data":"ReplayTheSpireMod:Limb From Limb","floor":24.0,"key":"SMITH"},{"data":"Bash","floor":27.0,"key":"SMITH"},{"floor":32.0,"key":"DIG"},{"floor":41.0,"key":"RECALL"},{"data":"Dual Wield","floor":47.0,"key":"SMITH"},{"data":"Bludgeon","floor":49.0,"key":"SMITH"},{"data":"Heavy Blade","floor":52.0,"key":"SMITH"}],"circlet_count":0,"master_deck":["AscendersBane","Strike_R","Strike_R","Strike_R","Strike_R+1","Strike_R","Defend_R","Defend_R","Defend_R","Bash+1","hubris:EnhanceAbility+1","Uppercut+1","Shockwave+1","Pummel","Cleave","Pummel","Perfected Strike","Wild Strike","Replay:Undeath\u0027s Touch","Warcry","hubris:StunningStrike","Reckless Charge","ReplayTheSpireMod:Limb From Limb+1","Run Through","Dual Wield+1","Infernal Blade","Dropkick","Bludgeon+1","ReplayTheSpireMod:Stacked","Heavy Blade+1","Ghostly Armor","Thunderclap","Massacre","hubris:DuctTapeCard"],"relics":["Black Blood","PreservedInsect","hubris:OldNail","trackpad:ByrdBGone","ReplayTheSpireMod:Spearhead","qcfpunch:Unceasing_Flame","Calipers","Darkstone Periapt","qcfpunch:Red_Headband","Simple Rune","Replay:Bottled Snecko","qcfpunch:Crimson_Sash","hubris:EmptyBottle","White Beast Statue","Regal Pillow","hubris:GlazedTorus","Brimstone","trackpad:IceCube","ReplayTheSpireMod:Ring of Addiction","Ring of Greed","Chameleon Ring","MealTicket","Golden Egg","hubris:Icosahedron","hubris:DuctTape","Frozen Egg 2","MerchantsRug","Lee\u0027s Waffle","Letter Opener"],"acts_visited":["Exordium","TheCity","TheBeyond","TheEnding"],"potions_floor_usage":[55,55,55,55,55],"damage_taken":[{"damage":4.0,"enemies":"Jaw Worm","floor":1.0,"turns":3.0},{"damage":0.0,"enemies":"Cultist","floor":2.0,"turns":2.0},{"damage":7.0,"enemies":"Small Slimes","floor":3.0,"turns":2.0},{"damage":8.0,"enemies":"Looter","floor":4.0,"turns":2.0},{"damage":8.0,"enemies":"Gremlin Nob","floor":6.0,"turns":3.0},{"damage":0.0,"enemies":"Lagavulin","floor":8.0,"turns":2.0},{"damage":10.0,"enemies":"Large Slime","floor":11.0,"turns":3.0},{"damage":12.0,"enemies":"Gremlin Nob","floor":14.0,"turns":3.0},{"damage":19.0,"enemies":"The Guardian","floor":16.0,"turns":8.0},{"damage":22.0,"enemies":"2 Thieves","floor":18.0,"turns":3.0},{"damage":9.0,"enemies":"Shell Parasite","floor":22.0,"turns":2.0},{"damage":31.0,"enemies":"Slavers","floor":23.0,"turns":4.0},{"damage":0.0,"enemies":"Gremlin Leader","floor":28.0,"turns":4.0},{"damage":13.0,"enemies":"Chosen and Byrds","floor":29.0,"turns":4.0},{"damage":4.0,"enemies":"Snake Plant","floor":30.0,"turns":3.0},{"damage":37.0,"enemies":"Sentry and Sphere","floor":31.0,"turns":6.0},{"damage":10.0,"enemies":"hubris:MusketHawk","floor":33.0,"turns":4.0},{"damage":20.0,"enemies":"Orb Walker","floor":35.0,"turns":3.0},{"damage":4.0,"enemies":"3 Darklings","floor":37.0,"turns":3.0},{"damage":15.0,"enemies":"Jaw Worm Horde","floor":38.0,"turns":3.0},{"damage":0.0,"enemies":"Nemesis","floor":40.0,"turns":1.0},{"damage":0.0,"enemies":"Giant Head","floor":46.0,"turns":3.0},{"damage":0.0,"enemies":"Reptomancer","floor":48.0,"turns":3.0},{"damage":40.0,"enemies":"Replay:Hell Engine","floor":50.0,"turns":4.0},{"damage":6.0,"enemies":"Shield and Spear","floor":54.0,"turns":3.0},{"damage":74,"enemies":"The Heart","floor":55,"turns":6}],"seed_played":"3103225092726884096","potions_obtained":[{"floor":3.0,"key":"BloodPotion"},{"floor":4.0,"key":"DistilledChaos"},{"floor":14.0,"key":"SteroidPotion"},{"floor":16.0,"key":"LifebloodPotion"},{"floor":23.0,"key":"DuplicationPotion"},{"floor":28.0,"key":"SpeedPotion"},{"floor":29.0,"key":"Languid Potion"},{"floor":30.0,"key":"Cursed Concoction"},{"floor":31.0,"key":"Regen Potion"},{"floor":33.0,"key":"Dexterity Potion"},{"floor":35.0,"key":"Adrenaline Potion"},{"floor":37.0,"key":"DuplicationPotion"},{"floor":40.0,"key":"Languid Potion"},{"floor":42.0,"key":"PowerPotion"},{"floor":42.0,"key":"Death Potion"},{"floor":54.0,"key":"Regen Potion"}],"is_trial":false,"path_per_floor":["M","M","M","M","?","E","R","E","T","R","M","?","$","E","R","B",null,"M","?","$","?","M","E","R","?","T","R","E","M","M","M","R","B",null,"M","NS","M","M","$","E","R","?","T","?","?","E","R","E","R","B",null,"R","$","E","B",null],"character_chosen":"IRONCLAD","items_purchased":["PreservedInsect","hubris:OldNail","hubris:EnhanceAbility","Uppercut","trackpad:ByrdBGone","ReplayTheSpireMod:Spearhead","Shockwave","Pummel","Simple Rune","hubris:EmptyBottle","Brimstone","trackpad:IceCube","Heavy Blade","MerchantsRug","Lee\u0027s Waffle"],"campfire_rested":0,"item_purchase_floors":[0,0,0,0,0,0,0,0,13,20,39,39,39,53,53],"current_hp_per_floor":[70,75,74,72,72,70,70,75,75,75,71,74,74,68,68,55,64,45,45,45,88,82,54,54,54,58,58,81,71,70,36,36,43,63,49,49,51,42,42,48,48,48,48,48,58,64,64,70,70,36,58,58,106,106,52],"gold":74,"neow_bonus":"","is_daily":false,"chose_seed":false,"campfire_upgraded":8,"win_rate":0.0,"timestamp":1610035992,"path_taken":["M","M","M","M","?","E","R","E","T","R","?","?","$","E","R","BOSS","M","?","$","?","M","E","R","?","T","R","E","?","M","M","R","BOSS","M","NS","M","?","$","E","R","?","T","?","?","E","R","E","R","BOSS","R","$","E","BOSS"],"items_purchased_type":["Relic","Relic","Card","Card","Relic","Relic","Card","Card","Relic","Relic","Relic","Relic","Card","Relic","Relic"],"build_version":"2020-12-22","purchased_purges":1,"victory":true,"max_hp_per_floor":[75,75,75,75,75,75,75,75,75,75,75,78,78,78,78,78,78,78,78,78,88,88,88,88,88,95,95,95,95,95,95,95,95,95,95,95,95,95,95,95,95,95,95,95,95,93,93,93,93,93,93,93,106,106,106],"card_choices":[{"not_picked":["True Grit","Combust","Body Slam"],"picked":"SKIP","floor":1.0},{"not_picked":["Uppercut","Sentinel"],"picked":"Cleave","floor":2.0},{"not_picked":["Burning Pact","Evolve"],"picked":"Pummel","floor":3.0},{"not_picked":["Entrench","Clothesline"],"picked":"Perfected Strike","floor":4.0},{"not_picked":["Searing Blow","Berserk"],"picked":"Wild Strike","floor":6.0},{"not_picked":["Heavy Blade","Iron Wave"],"picked":"Replay:Undeath\u0027s Touch","floor":8.0},{"not_picked":["Anger","True Grit"],"picked":"Warcry","floor":11.0},{"not_picked":["ReplayTheSpireMod:Muscle Training","Rupture"],"picked":"hubris:StunningStrike","floor":14.0},{"not_picked":["Impervious","Exhume"],"picked":"Barricade","floor":16.0},{"not_picked":["Seeing Red","True Grit+1"],"picked":"Armaments","floor":18.0},{"not_picked":["Metallicize","Warcry"],"picked":"Reckless Charge","floor":22.0},{"not_picked":["Cleave","Impervious"],"picked":"ReplayTheSpireMod:Limb From Limb","floor":23.0},{"not_picked":["Havoc+1","Body Slam"],"picked":"Run Through","floor":28.0},{"not_picked":["Seeing Red","Carnage"],"picked":"Dual Wield","floor":29.0},{"not_picked":["Anger","Wild Strike"],"picked":"Infernal Blade","floor":30.0},{"not_picked":["Abandon","Armaments"],"picked":"Dropkick","floor":31.0},{"not_picked":["Exhume","Barricade"],"picked":"Bludgeon","floor":33.0},{"not_picked":["Pommel Strike","hubris:SharpeningStone"],"picked":"Anger+1","floor":35.0},{"not_picked":["Feel No Pain","Run Through"],"picked":"ReplayTheSpireMod:Stacked","floor":37.0},{"not_picked":["Warcry","Rage"],"picked":"Flex","floor":38.0},{"not_picked":["Clothesline","ReplayTheSpireMod:Limb From Limb","Reckless Charge"],"picked":"SKIP","floor":40.0},{"not_picked":["Wild Strike","hubris:SharpeningStone"],"picked":"Ghostly Armor","floor":46.0},{"not_picked":["Run Through","Whirlwind"],"picked":"Thunderclap","floor":48.0},{"not_picked":["Run Through","Dropkick+1"],"picked":"Massacre","floor":54.0}],"player_experience":1225870,"relics_obtained":[{"floor":6.0,"key":"Darkstone Periapt"},{"floor":8.0,"key":"Omamori"},{"floor":9.0,"key":"qcfpunch:Red_Headband"},{"floor":14.0,"key":"Replay:Bottled Snecko"},{"floor":23.0,"key":"White Beast Statue"},{"floor":26.0,"key":"Strawberry"},{"floor":28.0,"key":"Regal Pillow"},{"floor":32.0,"key":"hubris:GlazedTorus"},{"floor":40.0,"key":"qcfpunch:Army_Boots"},{"floor":42.0,"key":"ReplayTheSpireMod:Ring of Addiction"},{"floor":42.0,"key":"Ring of Greed"},{"floor":42.0,"key":"Chameleon Ring"},{"floor":42.0,"key":"Potion Belt"},{"floor":42.0,"key":"MealTicket"},{"floor":42.0,"key":"Golden Egg"},{"floor":46.0,"key":"hubris:DuctTape"},{"floor":48.0,"key":"Frozen Egg 2"},{"floor":54.0,"key":"Letter Opener"}],"event_choices":[{"cards_removed":["Shockwave"],"damage_healed":0.0,"max_hp_gain":0.0,"max_hp_loss":0.0,"gold_gain":0.0,"event_name":"Wheel of Change","player_choice":"Card Removal","floor":5.0,"gold_loss":0.0,"damage_taken":0.0},{"damage_healed":0.0,"max_hp_gain":0.0,"max_hp_loss":0.0,"gold_gain":0.0,"event_name":"Designer","player_choice":"Upgraded Two","floor":19.0,"gold_loss":50.0,"damage_taken":0.0,"cards_upgraded":["Strike_R","Armaments"]},{"cards_removed":["Barricade"],"damage_healed":33.0,"max_hp_gain":10.0,"max_hp_loss":0.0,"gold_gain":0.0,"event_name":"Bonfire Elementals","player_choice":"Offered Rare","floor":21.0,"gold_loss":0.0,"damage_taken":0.0},{"damage_healed":0.0,"max_hp_gain":0.0,"max_hp_loss":0.0,"gold_gain":200.0,"event_name":"Wheel of Change","player_choice":"Gold","floor":25.0,"gold_loss":0.0,"damage_taken":0.0},{"damage_healed":19.0,"max_hp_gain":0.0,"max_hp_loss":0.0,"gold_gain":0.0,"event_name":"Winding Halls","player_choice":"Writhe","floor":45.0,"gold_loss":0.0,"damage_taken":0.0,"cards_obtained":["Writhe"]}],"is_beta":false,"boss_relics":[{"not_picked":["Painkiller Herb","hubris:HollowSoul"],"picked":"qcfpunch:Crimson_Sash"},{"not_picked":["trackpad:StolenKidneys","Snecko Heart"],"picked":"Black Blood"}],"items_purged_floors":[53],"is_endless":false,"potions_floor_spawned":[3,4,6,14,16,23,28,29,30,31,33,35,37,38,40,46,48,54],"ascension_level":15}}