{"host":"93mson5lmjgzj0ai","time":1610061206,"event":{"mods":["AchievementEnabler","BaseMod","Conspire","Hubris","Infinite Spire","Minty Spire (QoL Compilation)","Shop Mod","StSLib","SuperFastMode","The Construct"],"gold_per_floor":[112,127,14,29,29,29,64,74,98,108,134,144,144,44,44,145,145,157,157,176,176,50,75,75,25,25,25,25,25,25,76,76,105,105],"floor_reached":33,"playtime":784,"items_purged":["Defend_R","Defend_R","Defend_R","Shame"],"score":388,"play_id":"f5075a61-999c-48f6-98f4-ac924ed0872c","local_time":"20210108001326","is_ascension_mode":true,"campfire_choices":[{"data":"Rupture","floor":6.0,"key":"SMITH"},{"data":"Fire Breathing","floor":13.0,"key":"SMITH"},{"floor":15.0,"key":"DIG"},{"data":"conspire:SpireCoStock","floor":30,"key":"SMITH"},{"data":"Rage","floor":32,"key":"SMITH"}],"circlet_count":0,"master_deck":["Bash","hubris:CleavingFinish","Shrug It Off","Rupture+1","Hemokinesis","Fire Breathing+1","Reaper","CurseOfTheBell","Shockwave+1","Rage+1","Iron Wave+1","conspire:SpireCoStock+1","Bite","Bite","Bite","Bite","Bite","infinitespire:Collect"],"relics":["Burning Blood","infinitespire:Lucky Rock","Darkstone Periapt","Juzu Bracelet","Shovel","Bag of Marbles","Calling Bell","Smiling Mask","Frozen Egg 2","Pocketwatch","hubris:Towel","Bag of Preparation","Enchiridion","WingedGreaves","hubris:TenFootPole","hubris:AstralHammer","White Beast Statue"],"acts_visited":["Exordium","TheCity"],"potions_floor_usage":[],"damage_taken":[{"damage":18.0,"enemies":"Jaw Worm","floor":1.0,"turns":4.0},{"damage":0.0,"enemies":"2 Louse","floor":2.0,"turns":1.0},{"damage":7.0,"enemies":"Small Slimes","floor":4.0,"turns":3.0},{"damage":52.0,"enemies":"Lagavulin","floor":7.0,"turns":8.0},{"damage":9.0,"enemies":"Exordium Wildlife","floor":8.0,"turns":4.0},{"damage":8.0,"enemies":"Large Slime","floor":10.0,"turns":3.0},{"damage":0.0,"enemies":"3 Sentries","floor":11.0,"turns":1.0},{"damage":5.0,"enemies":"Blue Slaver","floor":12.0,"turns":2.0},{"damage":49.0,"enemies":"Slime Boss","floor":16.0,"turns":7.0},{"damage":16.0,"enemies":"3 Byrds","floor":18.0,"turns":4.0},{"damage":32.0,"enemies":"Shell Parasite","floor":20.0,"turns":4.0},{"damage":37.0,"enemies":"Gremlin Leader","floor":23.0,"turns":6.0},{"damage":18,"enemies":"Book of Stabbing","floor":31,"turns":3},{"damage":78,"enemies":"hubris:MusketHawk","floor":33,"turns":6}],"seed_played":"2465988636400548062","potions_obtained":[{"floor":7.0,"key":"infinitespire:BlackPotion"},{"floor":10.0,"key":"EntropicBrew"},{"floor":11.0,"key":"Explosive Potion"},{"floor":12.0,"key":"LiquidBronze"},{"floor":16.0,"key":"ColorlessPotion"},{"floor":18.0,"key":"DistilledChaos"}],"is_trial":false,"path_per_floor":["M","M","$","M","?","R","E","M","T","M","E","M","R","$","R","B",null,"M","?","M","?","$","E","?","?","T","?","?","AVR","R","E","R","B"],"character_chosen":"IRONCLAD","items_purchased":["Rupture","Rage"],"campfire_rested":0,"item_purchase_floors":[3,22],"current_hp_per_floor":[68,74,74,73,66,66,20,17,17,15,21,22,22,22,22,30,86,76,76,62,45,45,32,16,16,16,22,22,22,22,29,29,0,0],"gold":105,"neow_bonus":"RANDOM_COMMON_RELIC","is_daily":false,"chose_seed":false,"campfire_upgraded":4,"win_rate":0.0,"timestamp":1610061206,"path_taken":["M","M","$","M","?","R","E","M","T","M","E","M","R","$","R","BOSS","M","?","M","?","$","E","?","?","T","?","?","AVR","R","E","R","BOSS"],"items_purchased_type":["Card","Card"],"build_version":"2020-12-22","purchased_purges":4,"victory":false,"max_hp_per_floor":[80,80,80,80,80,80,80,80,80,80,80,80,80,80,80,80,86,86,86,86,91,91,91,91,91,91,97,67,67,67,67,67,67,67],"card_choices":[{"not_picked":["Anger","Thunderclap"],"picked":"hubris:CleavingFinish","floor":1.0},{"not_picked":["Inflame","Flex"],"picked":"Shrug It Off","floor":2.0},{"not_picked":["Entrench","Anger","hubris:SharpeningStone"],"picked":"SKIP","floor":4.0},{"not_picked":["Perfected Strike","Iron Wave","Ghostly Armor"],"picked":"SKIP","floor":7.0},{"not_picked":["Armaments","Body Slam"],"picked":"Hemokinesis","floor":8.0},{"not_picked":["Cleave","Warcry","Disarm"],"picked":"SKIP","floor":10.0},{"not_picked":["Body Slam","Fire Breathing","Reckless Charge"],"picked":"SKIP","floor":11.0},{"not_picked":["Body Slam","Reckless Charge"],"picked":"Fire Breathing","floor":11.0},{"not_picked":["Inflame","Perfected Strike","Shrug It Off"],"picked":"SKIP","floor":12.0},{"not_picked":["Brutality","Juggernaut"],"picked":"Reaper","floor":16.0},{"not_picked":["Clash+1","Iron Wave","Disarm"],"picked":"SKIP","floor":18.0},{"not_picked":["Warcry","Clash+1"],"picked":"Shockwave+1","floor":20.0},{"not_picked":["Shrug It Off","Headbutt"],"picked":"Iron Wave+1","floor":23.0},{"not_picked":["Disarm","Dual Wield","hubris:ReadiedAction"],"picked":"SKIP","floor":31}],"player_experience":18061,"relics_obtained":[{"floor":7.0,"key":"Darkstone Periapt"},{"floor":9.0,"key":"Juzu Bracelet"},{"floor":11.0,"key":"Shovel"},{"floor":15.0,"key":"Bag of Marbles"},{"floor":17.0,"key":"Smiling Mask"},{"floor":17.0,"key":"Frozen Egg 2"},{"floor":17.0,"key":"Pocketwatch"},{"floor":23.0,"key":"Bag of Preparation"},{"floor":24.0,"key":"Enchiridion"},{"floor":26,"key":"WingedGreaves"},{"floor":31,"key":"White Beast Statue"}],"event_choices":[{"cards_removed":["Defend_R"],"damage_healed":0.0,"max_hp_gain":0.0,"max_hp_loss":0.0,"gold_gain":0.0,"event_name":"Golden Wing","player_choice":"Card Removal","floor":5.0,"gold_loss":0.0,"damage_taken":7.0},{"damage_healed":0.0,"max_hp_gain":5.0,"max_hp_loss":0.0,"gold_gain":0.0,"event_name":"Forgotten Altar","player_choice":"Shed Blood","floor":21.0,"gold_loss":0.0,"damage_taken":22.0},{"damage_healed":0.0,"max_hp_gain":0.0,"max_hp_loss":0.0,"gold_gain":0.0,"event_name":"Cursed Tome","player_choice":"Obtained Book","floor":24.0,"gold_loss":0.0,"damage_taken":16.0},{"damage_healed":0.0,"max_hp_gain":0.0,"max_hp_loss":0.0,"gold_gain":0.0,"event_name":"conspire:Investor","player_choice":"Invest 1","floor":25.0,"gold_loss":0.0,"damage_taken":0.0},{"damage_healed":0,"gold_gain":0,"player_choice":"Stole Relic","damage_taken":0,"relics_obtained":["hubris:TenFootPole"],"max_hp_gain":0,"max_hp_loss":0,"event_name":"Addict","floor":27,"gold_loss":0,"cards_obtained":["Shame"]},{"damage_healed":0,"gold_gain":0,"player_choice":"Became a vampire","damage_taken":0,"max_hp_gain":0,"max_hp_loss":30,"event_name":"Vampires","floor":28,"gold_loss":0,"cards_obtained":["Bite","Bite","Bite","Bite","Bite"]}],"is_beta":false,"boss_relics":[{"not_picked":["hubris:BlackHole","Mark of Pain"],"picked":"Calling Bell"}],"items_purged_floors":[3,14,22,29],"is_endless":false,"potions_floor_spawned":[7,10,11,12,16,18],"killed_by":"hubris:MusketHawk","ascension_level":3}}