{"host":"w4b7hmige5bnqipq","time":1610007297,"event":{"mods":["2.2 Compatiblity","BaseMod","Colored Map","DeckTracker","Keyboard Shortcuts","Minty Spire (QoL Compilation)","Permanent Neow","Rare Cards Sparkle","SuperFastMode","everything is the same but u backflip on backflip","slay the spire mod where everything is the same but ironclad has a cowboy hat"],"gold_per_floor":[116,128,108,33,33,33,59,59,59,59,78,78,78,106,106,183,183,196,196,169,69,84,119,119,129,129,129,4,30,50,64,64,138,138,158,158,176,176,191,191,219,16,16,16,50,50,84,99,99,99,99],"floor_reached":50,"playtime":1804,"items_purged":["Strike_G","Strike_G","Strike_G","Strike_G"],"score":1152,"play_id":"4365a671-aad1-40fb-8506-fc6435672501","local_time":"20210107171457","is_ascension_mode":true,"campfire_choices":[{"data":"Apotheosis","floor":6.0,"key":"SMITH"},{"data":"Crippling Poison","floor":8.0,"key":"SMITH"},{"data":"Neutralize","floor":10.0,"key":"SMITH"},{"data":"Riddle With Holes","floor":15.0,"key":"SMITH"},{"data":"Corpse Explosion","floor":24.0,"key":"SMITH"},{"floor":32.0,"key":"REST"},{"floor":40.0,"key":"RECALL"},{"floor":46.0,"key":"REST"},{"floor":49,"key":"REST"}],"circlet_count":0,"master_deck":["AscendersBane","Strike_G","Defend_G","Defend_G","Defend_G","Defend_G","Defend_G","Survivor","Neutralize+1","Apotheosis+1","Crippling Poison+1","Backflip","Riddle With Holes+1","Reflex","Acrobatics","Corpse Explosion+1","Dagger Throw","Deadly Poison","Calculated Gamble+1","Crippling Poison+1","PiercingWail","After Image","Prepared","Tactician+1","Night Terror","Well Laid Plans"],"relics":["Ring of the Snake","StoneCalendar","Meat on the Bone","Mango","Snake Skull","HoveringKite","Blood Vial","Pear","SlaversCollar","TungstenRod","Bottled Flame","Ornamental Fan","Kunai"],"acts_visited":["Exordium","TheCity","TheBeyond"],"potions_floor_usage":[],"damage_taken":[{"damage":0.0,"enemies":"Jaw Worm","floor":1.0,"turns":6.0},{"damage":0.0,"enemies":"Cultist","floor":2.0,"turns":4.0},{"damage":15.0,"enemies":"Lagavulin","floor":7.0,"turns":14.0},{"damage":1.0,"enemies":"2 Louse","floor":11.0,"turns":2.0},{"damage":10.0,"enemies":"3 Sentries","floor":14.0,"turns":7.0},{"damage":32.0,"enemies":"The Guardian","floor":16.0,"turns":11.0},{"damage":8.0,"enemies":"Shell Parasite","floor":18.0,"turns":6.0},{"damage":3.0,"enemies":"2 Thieves","floor":20.0,"turns":4.0},{"damage":15.0,"enemies":"Snake Plant","floor":22.0,"turns":4.0},{"damage":15.0,"enemies":"Slavers","floor":23.0,"turns":3.0},{"damage":10.0,"enemies":"Sentry and Sphere","floor":25.0,"turns":3.0},{"damage":16.0,"enemies":"Book of Stabbing","floor":29.0,"turns":7.0},{"damage":0.0,"enemies":"Centurion and Healer","floor":30.0,"turns":5.0},{"damage":14.0,"enemies":"Cultist and Chosen","floor":31.0,"turns":6.0},{"damage":34.0,"enemies":"Automaton","floor":33.0,"turns":9.0},{"damage":49.0,"enemies":"3 Darklings","floor":35.0,"turns":4.0},{"damage":22.0,"enemies":"Orb Walker","floor":37.0,"turns":5.0},{"damage":22.0,"enemies":"4 Shapes","floor":39.0,"turns":3.0},{"damage":34.0,"enemies":"Reptomancer","floor":41.0,"turns":7.0},{"damage":21.0,"enemies":"Nemesis","floor":45.0,"turns":7.0},{"damage":20.0,"enemies":"Giant Head","floor":47.0,"turns":10.0},{"damage":11,"enemies":"Jaw Worm Horde","floor":48,"turns":3},{"damage":74,"enemies":"Time Eater","floor":50,"turns":9}],"seed_played":"-6394902682757956207","potions_obtained":[{"floor":3.0,"key":"EssenceOfSteel"},{"floor":7.0,"key":"Ancient Potion"},{"floor":11.0,"key":"GamblersBrew"},{"floor":20.0,"key":"LiquidBronze"},{"floor":22.0,"key":"Energy Potion"},{"floor":29.0,"key":"PowerPotion"},{"floor":31.0,"key":"LiquidBronze"},{"floor":37.0,"key":"Swift Potion"},{"floor":47.0,"key":"Fire Potion"}],"is_trial":false,"path_per_floor":["M","M","?","$","$","R","E","R","T","R","M","?","?","E","R","B",null,"M","?","M","$","M","E","R","M","T","?","$","E","M","M","R","B",null,"M","?","M","?","M","R","E","$","T","$","E","R","E","M","R","B"],"character_chosen":"THE_SILENT","items_purchased":["Prepared"],"campfire_rested":3,"item_purchase_floors":[42],"current_hp_per_floor":[44,44,44,44,44,44,29,29,29,29,40,49,49,51,51,31,68,60,48,45,45,42,39,39,43,43,43,43,51,53,53,80,48,80,45,45,37,74,52,52,32,32,32,32,25,47,41,44,66,0,0],"gold":99,"neow_bonus":"RANDOM_COLORLESS_2","is_daily":false,"chose_seed":false,"campfire_upgraded":5,"win_rate":0.0,"timestamp":1610007297,"path_taken":["M","M","?","$","?","R","E","R","T","R","?","?","?","E","R","BOSS","M","?","M","$","?","E","R","M","T","?","$","E","M","M","R","BOSS","M","?","M","?","?","R","E","$","T","$","E","R","E","M","R","BOSS"],"items_purchased_type":["Card"],"build_version":"2020-12-22","purchased_purges":4,"victory":false,"max_hp_per_floor":[66,66,66,66,66,66,66,66,66,66,66,80,80,80,80,80,80,80,80,80,80,80,80,80,80,80,80,80,90,90,90,90,90,90,90,90,90,74,74,74,74,74,74,74,74,74,74,74,74,74,74],"card_choices":[{"not_picked":["Secret Technique","Violence"],"picked":"Apotheosis","floor":0.0},{"not_picked":["Flying Knee","Finisher"],"picked":"Crippling Poison","floor":1.0},{"not_picked":["Sucker Punch","Predator"],"picked":"Backflip","floor":2.0},{"not_picked":["Backflip","Sucker Punch"],"picked":"Riddle With Holes","floor":7.0},{"not_picked":["Acrobatics","Dagger Throw"],"picked":"Reflex","floor":11.0},{"not_picked":["Cloak And Dagger","Flechettes"],"picked":"Acrobatics","floor":14.0},{"not_picked":["Phantasmal Killer","Die Die Die"],"picked":"Corpse Explosion","floor":16.0},{"not_picked":["Heel Hook","PiercingWail","Backflip"],"picked":"SKIP","floor":18.0},{"not_picked":["Bane","Reflex"],"picked":"Dagger Throw","floor":20.0},{"not_picked":["Bane","Sucker Punch"],"picked":"Deadly Poison","floor":22.0},{"not_picked":["Dagger Throw","Dagger Spray","Eviscerate"],"picked":"SKIP","floor":23.0},{"not_picked":["Sucker Punch","Flying Knee"],"picked":"Calculated Gamble+1","floor":25.0},{"not_picked":["Flechettes","Phantasmal Killer","Underhanded Strike+1"],"picked":"SKIP","floor":29.0},{"not_picked":["Quick Slash","Dagger Throw","Bane"],"picked":"SKIP","floor":30.0},{"not_picked":["Acrobatics","Dagger Spray"],"picked":"PiercingWail","floor":31.0},{"not_picked":["Burst","Grand Finale"],"picked":"After Image","floor":33.0},{"not_picked":["PiercingWail","Masterful Stab","Underhanded Strike"],"picked":"SKIP","floor":35.0},{"not_picked":["Acrobatics","Slice","Phantasmal Killer"],"picked":"SKIP","floor":37.0},{"not_picked":["Backstab","Slice+1","Deadly Poison"],"picked":"SKIP","floor":39.0},{"not_picked":["Predator+1","Cloak And Dagger+1","Poisoned Stab"],"picked":"SKIP","floor":41.0},{"not_picked":["Dash","Heel Hook"],"picked":"Tactician+1","floor":45.0},{"not_picked":["Heel Hook+1","Dodge and Roll"],"picked":"Night Terror","floor":47.0},{"not_picked":["Dagger Spray","Predator"],"picked":"Well Laid Plans","floor":48}],"player_experience":476027,"relics_obtained":[{"floor":7.0,"key":"StoneCalendar"},{"floor":9.0,"key":"Meat on the Bone"},{"floor":14.0,"key":"Snake Skull"},{"floor":23.0,"key":"Blood Vial"},{"floor":29.0,"key":"Pear"},{"floor":41.0,"key":"TungstenRod"},{"floor":43.0,"key":"Bottled Flame"},{"floor":45.0,"key":"Ornamental Fan"},{"floor":47.0,"key":"Kunai"}],"event_choices":[{"damage_healed":0.0,"max_hp_gain":0.0,"max_hp_loss":0.0,"gold_gain":0.0,"event_name":"The Woman in Blue","player_choice":"Bought 1 Potion","floor":3.0,"gold_loss":0.0,"damage_taken":0.0},{"damage_healed":0.0,"max_hp_gain":0.0,"max_hp_loss":0.0,"gold_gain":0.0,"event_name":"Scrap Ooze","player_choice":"Success","floor":12.0,"gold_loss":0.0,"damage_taken":5.0,"relics_obtained":["Mango"]},{"damage_healed":0.0,"max_hp_gain":0.0,"max_hp_loss":0.0,"gold_gain":0.0,"event_name":"Dead Adventurer","player_choice":"Searched \u00270\u0027 times","floor":13.0,"gold_loss":0.0,"damage_taken":0.0},{"damage_healed":0.0,"max_hp_gain":0.0,"max_hp_loss":0.0,"gold_gain":0.0,"event_name":"Wheel of Change","player_choice":"Damaged","floor":19.0,"gold_loss":0.0,"damage_taken":12.0},{"damage_healed":0.0,"max_hp_gain":0.0,"max_hp_loss":0.0,"gold_gain":0.0,"event_name":"Duplicator","player_choice":"Copied","floor":27.0,"gold_loss":0.0,"damage_taken":0.0,"cards_obtained":["Crippling Poison"]},{"damage_healed":0.0,"max_hp_gain":0.0,"max_hp_loss":0.0,"gold_gain":0.0,"event_name":"Tomb of Lord Red Mask","player_choice":"Ignored","floor":36.0,"gold_loss":0.0,"damage_taken":0.0},{"damage_healed":74.0,"max_hp_gain":0.0,"max_hp_loss":16.0,"gold_gain":0.0,"event_name":"The Moai Head","player_choice":"Heal","floor":38.0,"gold_loss":0.0,"damage_taken":0.0}],"is_beta":false,"boss_relics":[{"not_picked":["Tiny House","Calling Bell"],"picked":"HoveringKite"},{"not_picked":["Coffee Dripper","WristBlade"],"picked":"SlaversCollar"}],"items_purged_floors":[4,21,28,42],"is_endless":false,"potions_floor_spawned":[7,11,20,22,29,31,37,47],"killed_by":"Time Eater","ascension_level":20}}