{"host":"hn99riirbf0lv0ml","time":1610028060,"event":{"mods":["AchievementEnabler","Act Like it!","BaseMod","Colored Map","Colored Powertips","Downfall","Duelist Mod","Friendly Minions","Gensokyo","GifTheSpireLib","Jorbs\u0027s Wanderer Trilogy","Marisa????????","Minty Spire (QoL Compilation)","Rare Cards Sparkle","StSLib","The Animator","The Bug Knight","The Cursed","The Runesmith","The Servant 0.9.4"],"gold_per_floor":[17,17,42,42,42,42,67,85,109,221,257,51,67,91,91,91,91],"floor_reached":16,"playtime":2124,"items_purged":["Defend_B"],"score":94,"play_id":"be15b972-0d13-41a9-961f-9240fbbc44a5","local_time":"20210107090100","is_ascension_mode":false,"campfire_choices":[{"data":"Zap","floor":6,"key":"SMITH"},{"data":"Double Energy","floor":15,"key":"SMITH"}],"circlet_count":0,"master_deck":["Strike_B","Strike_B","Strike_B","Strike_B","Defend_B","Defend_B","Defend_B","Zap+1","Dualcast","Double Energy+1","Conserve Battery","Leap","Coolheaded","Coolheaded","Turbo","Aggregate","Go for the Eyes","Go for the Eyes","Rip and Tear"],"relics":["Cracked Core","Torii","Golden Idol","MawBank"],"acts_visited":["Exordium"],"potions_floor_usage":[16],"damage_taken":[{"damage":7,"enemies":"Small Slimes","floor":1,"turns":4},{"damage":2,"enemies":"2 Louse","floor":3,"turns":3},{"damage":1,"enemies":"Cultist","floor":7,"turns":4},{"damage":7,"enemies":"Exordium Wildlife","floor":8,"turns":5},{"damage":1,"enemies":"Red Slaver","floor":11,"turns":4},{"damage":2,"enemies":"Looter","floor":13,"turns":4},{"damage":12,"enemies":"Large Slime","floor":14,"turns":9},{"damage":56,"enemies":"The Guardian","floor":16,"turns":14}],"seed_played":"8794066296956922166","potions_obtained":[{"floor":11,"key":"BlessingOfTheForge"},{"floor":14,"key":"Swift Potion"}],"is_trial":false,"path_per_floor":["M","?","M","?","?","R","M","M","T","?","M","$","M","M","R","B"],"character_chosen":"DEFECT","items_purchased":["Turbo","Aggregate","Go for the Eyes"],"campfire_rested":0,"item_purchase_floors":[12,12,12],"current_hp_per_floor":[68,50,48,48,73,73,72,65,65,65,64,64,62,50,50,0,0],"gold":91,"neow_bonus":"ONE_RARE_RELIC","is_daily":false,"chose_seed":false,"campfire_upgraded":2,"win_rate":0.0,"timestamp":1610028060,"path_taken":["M","?","M","?","?","R","M","M","T","?","M","$","?","M","R","BOSS"],"items_purchased_type":["Card","Card","Card"],"build_version":"2020-12-22","purchased_purges":1,"victory":false,"max_hp_per_floor":[75,75,75,75,75,75,75,75,75,75,75,75,75,75,75,75,75],"card_choices":[{"not_picked":["Compile Driver","Redo"],"picked":"Double Energy","floor":1},{"not_picked":["Glacier","Beam Cell"],"picked":"Conserve Battery","floor":3},{"not_picked":["Go for the Eyes","Chaos"],"picked":"Leap","floor":7},{"not_picked":["Scrape","Doom and Gloom"],"picked":"Coolheaded","floor":8},{"not_picked":["Conserve Battery","Rebound"],"picked":"Coolheaded","floor":11},{"not_picked":["Compile Driver","Leap"],"picked":"Go for the Eyes","floor":13},{"not_picked":["Chaos","Gash"],"picked":"Rip and Tear","floor":14}],"player_experience":120491,"relics_obtained":[{"floor":9,"key":"MawBank"}],"event_choices":[{"damage_healed":0,"gold_gain":0,"player_choice":"Take Damage","damage_taken":18,"relics_obtained":["Golden Idol"],"max_hp_gain":0,"max_hp_loss":0,"event_name":"Golden Idol","floor":2,"gold_loss":0},{"damage_healed":0,"gold_gain":0,"player_choice":"Ignored","damage_taken":0,"max_hp_gain":0,"max_hp_loss":0,"event_name":"Liars Game","floor":4,"gold_loss":0},{"damage_healed":25,"gold_gain":0,"player_choice":"Banana","damage_taken":0,"max_hp_gain":0,"max_hp_loss":0,"event_name":"Big Fish","floor":5,"gold_loss":0},{"damage_healed":0,"gold_gain":100,"player_choice":"Pray","damage_taken":0,"max_hp_gain":0,"max_hp_loss":0,"event_name":"Golden Shrine","floor":10,"gold_loss":0}],"is_beta":false,"boss_relics":[],"items_purged_floors":[12],"is_endless":false,"potions_floor_spawned":[11,14],"killed_by":"The Guardian","ascension_level":0}}