{"host":"df48i9djcn92c5sx","time":1610032955,"event":{"mods":["BaseMod","Downfall","Marisa£®ÏF”Í°°ƒß¿Ì…≥£©","Minty Spire (QoL Compilation)","READ ME - Guardian Mod","READ ME - Snecko Mod","Reimu£®≤©¿ˆ¡È√Œ£©","Remilia£®¿Ÿ√◊¿Ú—«£©","Replay The Spire","Shop Mod","StSLib","The Jungle","The Servant 0.9.4"],"gold_per_floor":[114,114,182,70,70,70,105,120,120,135,42,42,61,75,75,147,147,159,138,63,74,87,119,119,119,187,187,220,162,82,82,82,157,157,177,202,219,219,230,230,265,265,291,291,306,324,324,357,357,357],"floor_reached":51,"playtime":3134,"items_purged":["ReplayTheSpireMod:Restless Dread"],"score":2072,"play_id":"e51a8224-56fb-4c22-bb4f-a984ccd632ea","local_time":"20210107232234","is_ascension_mode":true,"campfire_choices":[{"data":"Streamline","floor":6.0,"key":"SMITH"},{"data":"Buffer","floor":12.0,"key":"SMITH"},{"data":"Reboot","floor":15.0,"key":"SMITH"},{"data":"Sunder","floor":24.0,"key":"SMITH"},{"data":"Capacitor","floor":27.0,"key":"SMITH"},{"data":"expansioncontent:DefensiveStance","floor":32.0,"key":"SMITH"},{"data":"BasicCrystalCard","floor":40.0,"key":"SMITH"},{"data":"Thunder Strike","floor":42.0,"key":"SMITH"},{"data":"Electrodynamics","floor":44.0,"key":"SMITH"},{"data":"Crystallizer","floor":47.0,"key":"SMITH"},{"floor":49.0,"key":"REST"}],"circlet_count":0,"master_deck":["AscendersBane","Strike_B","Strike_B","Defend_B","Defend_B","Defend_B","Defend_B","Zap","Dualcast","Replay:SS_hec_2+1","Streamline+1","Crystallizer+1","Chill","Buffer+1","Reboot+1","Reboot+1","Capacitor+1","Melter","Electrodynamics+1","Panic Button+1","expansioncontent:DefensiveStance+1","Cold Snap","Sunder+1","Meteor Strike","Defragment+1","Self Repair+1","Thunder Strike+1","Defragment+1","Heatsinks+1","Zap","Machine Learning+1","BasicCrystalCard+1","Ball Lightning+1","Biased Cognition+1"],"relics":["FrozenCore","NeowsBlessing","Blue Doll","Replay:Ringing Soul","Replay:Rubber Ducky","ScarletDevilRocket","ReplayTheSpireMod:CursedCoin","Pantograph","Replay:Bottled Eggs","The Courier","Frozen Egg 2","ZunR:ReiMu","Ring of Chaos","Du-Vu Doll","Mirror","ReplayTheSpireMod:Lightbulb","Replay:Mystery Machine"],"acts_visited":["Exordium","TheCity","TheBeyond"],"potions_floor_usage":[50],"damage_taken":[{"damage":0.0,"enemies":"2 Louse","floor":1.0,"turns":1.0},{"damage":0.0,"enemies":"Lagavulin","floor":7.0,"turns":2.0},{"damage":0.0,"enemies":"Jaw Worm","floor":8.0,"turns":1.0},{"damage":0.0,"enemies":"Cultist","floor":10.0,"turns":4.0},{"damage":0.0,"enemies":"Lots of Slimes","floor":13.0,"turns":5.0},{"damage":0.0,"enemies":"3 Louse","floor":14.0,"turns":6.0},{"damage":0.0,"enemies":"Slime Boss","floor":16.0,"turns":13.0},{"damage":3.0,"enemies":"Chosen","floor":18.0,"turns":6.0},{"damage":0.0,"enemies":"Spheric Guardian","floor":21.0,"turns":4.0},{"damage":0.0,"enemies":"Shelled Parasite and Fungi","floor":22.0,"turns":8.0},{"damage":0.0,"enemies":"Replay:Snechameleon","floor":23.0,"turns":10.0},{"damage":12.0,"enemies":"Book of Stabbing","floor":28.0,"turns":11.0},{"damage":18.0,"enemies":"Pondfish","floor":33.0,"turns":11.0},{"damage":45.0,"enemies":"3 Darklings","floor":35.0,"turns":9.0},{"damage":0.0,"enemies":"Mind Bloom Boss Battle","floor":36.0,"turns":12.0},{"damage":5.0,"enemies":"Orb Walker","floor":37.0,"turns":6.0},{"damage":6.0,"enemies":"Jaw Worm Horde","floor":39.0,"turns":4.0},{"damage":36.0,"enemies":"Nemesis","floor":41.0,"turns":11.0},{"damage":16.0,"enemies":"Transient","floor":45.0,"turns":5.0},{"damage":1.0,"enemies":"Writhing Mass","floor":46.0,"turns":8.0},{"damage":52.0,"enemies":"Reptomancer","floor":48.0,"turns":6.0},{"damage":0,"enemies":"Time Eater","floor":50,"turns":11}],"seed_played":"-3455663995094384560","potions_obtained":[{"floor":8.0,"key":"Strength Potion"},{"floor":10.0,"key":"FairyPotion"},{"floor":21.0,"key":"ColorlessPotion"},{"floor":28.0,"key":"LiquidBronze"},{"floor":37.0,"key":"Adrenaline Potion"},{"floor":41.0,"key":"Cursed Concoction"},{"floor":48.0,"key":"DistilledChaos"}],"is_trial":false,"path_per_floor":["M","?","T","$","?","R","E","M","T","M","$","R","M","M","R","B",null,"M","$","?","M","M","E","R","T","T","R","E","$","?","?","R","B",null,"M","?","M","?","M","R","E","R","T","R","M","M","R","E","R","B",null],"character_chosen":"DEFECT","items_purchased":["Replay:SS_hec_2+1","Streamline","Reboot","expansioncontent:DefensiveStance","ReplayTheSpireMod:CursedCoin","Self Repair+1"],"campfire_rested":1,"item_purchase_floors":[4,4,11,19,19,29],"current_hp_per_floor":[64,46,46,49,52,52,55,55,55,58,61,61,64,67,67,70,89,89,92,92,95,98,101,101,101,101,101,92,95,84,84,84,104,115,83,121,125,128,131,131,108,108,108,108,92,101,101,62,103,137],"gold":357,"neow_bonus":"THREE_ENEMY_KILL","is_daily":false,"chose_seed":false,"campfire_upgraded":10,"win_rate":0.0,"timestamp":1610032954,"path_taken":["M","?","?","$","?","R","E","M","T","?","$","R","M","?","R","BOSS","M","$","?","M","M","E","R","?","T","R","E","?","?","?","R","BOSS","M","?","M","?","M","R","E","R","T","R","M","M","R","E","R","BOSS"],"items_purchased_type":["Card","Card","Card","Card","Relic","Card"],"build_version":"2020-12-22","purchased_purges":1,"victory":true,"max_hp_per_floor":[71,71,71,74,77,77,80,80,80,83,86,86,89,92,92,95,95,98,101,101,104,107,110,110,110,110,110,113,116,116,116,116,119,119,122,125,125,128,131,131,134,134,134,134,134,134,134,137,137,137],"card_choices":[{"not_picked":["Redo","Skim","BasicCrystalCard"],"picked":"SKIP","floor":1.0},{"not_picked":["Tempest","Rebound"],"picked":"Chill","floor":7.0},{"not_picked":["Coolheaded","Leap","Reprogram"],"picked":"SKIP","floor":8.0},{"not_picked":["Capacitor","Stack"],"picked":"Buffer","floor":10.0},{"not_picked":["Stack","Steam"],"picked":"Capacitor","floor":13.0},{"not_picked":["Go for the Eyes","Stack"],"picked":"Melter","floor":14.0},{"not_picked":["Echo Form","Buffer"],"picked":"Electrodynamics","floor":16.0},{"not_picked":["Chill","Redo"],"picked":"Panic Button+1","floor":18.0},{"not_picked":["Undo","Aggregate"],"picked":"Cold Snap","floor":21.0},{"not_picked":["Coolheaded","Force Field"],"picked":"Sunder","floor":22.0},{"not_picked":["Gash","Sweeping Beam"],"picked":"Meteor Strike","floor":23.0},{"not_picked":["Barrage","Doom and Gloom"],"picked":"Defragment+1","floor":28.0},{"not_picked":["Core Surge","All For One"],"picked":"Thunder Strike","floor":33.0},{"not_picked":["Genetic Algorithm+1","Stack"],"picked":"Defragment+1","floor":35.0},{"not_picked":["Hologram","Darkness"],"picked":"Heatsinks+1","floor":36.0},{"not_picked":["Rebound+1","Cold Snap","Streamline"],"picked":"SKIP","floor":37.0},{"not_picked":["Conserve Battery","Leap"],"picked":"BasicCrystalCard","floor":39.0},{"not_picked":["Crystallizer+1","Defragment+1"],"picked":"Ball Lightning+1","floor":41.0},{"not_picked":["Recycle","Barrage","Leap"],"picked":"SKIP","floor":45.0},{"not_picked":["Darkness","Ball Lightning","Hologram+1"],"picked":"SKIP","floor":46.0},{"not_picked":["Genetic Algorithm","Chill"],"picked":"Biased Cognition+1","floor":48.0}],"player_experience":1401694,"relics_obtained":[{"floor":3.0,"key":"Replay:Ringing Soul"},{"floor":7.0,"key":"Replay:Rubber Ducky"},{"floor":9.0,"key":"ScarletDevilRocket"},{"floor":23.0,"key":"Pantograph"},{"floor":25.0,"key":"Replay:Bottled Eggs"},{"floor":26.0,"key":"The Courier"},{"floor":28.0,"key":"Frozen Egg 2"},{"floor":36.0,"key":"Du-Vu Doll"},{"floor":41.0,"key":"Mirror"},{"floor":43.0,"key":"ReplayTheSpireMod:Lightbulb"},{"floor":48.0,"key":"Replay:Mystery Machine"}],"event_choices":[{"damage_healed":0.0,"max_hp_gain":0.0,"max_hp_loss":0.0,"gold_gain":0.0,"event_name":"Scrap Ooze","player_choice":"Success","floor":2.0,"gold_loss":0.0,"damage_taken":18.0,"relics_obtained":["Blue Doll"]},{"damage_healed":0.0,"max_hp_gain":0.0,"max_hp_loss":0.0,"gold_gain":0.0,"cards_transformed":["Strike_B"],"event_name":"Transmorgrifier","player_choice":"Transformed","floor":5.0,"gold_loss":0.0,"damage_taken":0.0,"cards_obtained":["Crystallizer"]},{"cards_removed":["Strike_B"],"damage_healed":0.0,"max_hp_gain":0.0,"max_hp_loss":0.0,"gold_gain":0.0,"event_name":"Beggar","player_choice":"Gave Gold","floor":20.0,"gold_loss":75.0,"damage_taken":0.0},{"damage_healed":0.0,"max_hp_gain":0.0,"max_hp_loss":0.0,"gold_gain":0.0,"event_name":"ZunEvent","player_choice":"π∫¬Ú…Òæ∆","floor":30.0,"gold_loss":0.0,"damage_taken":11.0,"relics_obtained":["ZunR:ReiMu"]},{"damage_healed":0.0,"max_hp_gain":0.0,"max_hp_loss":0.0,"gold_gain":0.0,"event_name":"Cursed Tome","player_choice":"Ignored","floor":31.0,"gold_loss":0.0,"damage_taken":0.0},{"damage_healed":0.0,"max_hp_gain":0.0,"max_hp_loss":0.0,"gold_gain":0.0,"event_name":"MindBloom","player_choice":"Fight","floor":36.0,"gold_loss":0.0,"damage_taken":0.0},{"damage_healed":0.0,"max_hp_gain":0.0,"max_hp_loss":0.0,"gold_gain":0.0,"event_name":"Match and Keep!","player_choice":"2 cards matched","floor":38.0,"gold_loss":0.0,"damage_taken":0.0,"cards_obtained":["Zap","Machine Learning"]}],"is_beta":false,"boss_relics":[{"not_picked":["ReplayTheSpireMod:DimensionalGlitch","Runic Pyramid"],"picked":"FrozenCore"},{"not_picked":["Painkiller Herb","Fusion Hammer"],"picked":"Ring of Chaos"}],"items_purged_floors":[19],"is_endless":false,"potions_floor_spawned":[8,10,21,28,37,41,48],"ascension_level":15}}