{"host":"msmkw03x1o7nq45i","time":1610052850,"event":{"mods":["BaseMod","Bestiary","Colored Powertips","GifTheSpireLib","Highlight Path","Minty Spire (QoL Compilation)","Random Character Button","StSLib","The Servant 0.9.4","everything is the same but u backflip on backflip"],"gold_per_floor":[109,109,126,138,18,46,60,94,94,94,112,112,12,41,41,139,139,154,168,185,200,211,241,241,271,271,671,685,714,157,107,107,205,205,224,239,256,111,130,161,178,212,236,236,250,263,279,313,313,313,313,313,20,45,45],"floor_reached":56,"playtime":6025,"items_purged":["Pain","Strike_S","Strike_S"],"score":1740,"play_id":"833fa0d1-ca1b-4e44-8b80-0229d4c1558c","local_time":"20210107225410","is_ascension_mode":true,"campfire_choices":[{"data":"Spin","floor":10,"key":"SMITH"},{"data":"SoulSculpture","floor":12,"key":"SMITH"},{"data":"Barrier","floor":15,"key":"SMITH"},{"data":"LightFlow","floor":24,"key":"SMITH"},{"data":"Sadistic Nature","floor":32,"key":"SMITH"},{"floor":44,"key":"RECALL"},{"data":"MurderousAura","floor":49,"key":"SMITH"},{"data":"Spin","floor":52,"key":"SMITH"}],"circlet_count":0,"master_deck":["Defend_S","Defend_S","Defend_S","Defend_S","KidneyShot","Exchange","Spin+1","Unruled","Spin+1","DoubleEdge","BottledTime","SoulSculpture+1","Barrier+1","LightFlow+1","BottledTime","Defy","Starlight+1","MurderousAura+1","Defy","BottledTime+1","InstantArmor","Sadistic Nature+1","FlawlessForm","BottledTime+1","Sadistic Nature+1","BottledTime+1","Read+1","SoulSculpture+1","Luminosity+1"],"relics":["Uniform","NeowsBlessing","WarpedTongs","Akabeko","HornCleat","Torii","Gambling Chip","SlaversCollar","Molten Egg 2","Du-Vu Doll","Old Coin","Singing Bowl","Potion Belt","White Beast Statue","Empty Cage","DollysMirror","Strawberry","Pen Nib","MealTicket","Bottled Lightning","FossilizedHelix","Bag of Preparation"],"acts_visited":["Exordium","TheCity","TheBeyond","TheEnding"],"potions_floor_usage":[23,37,42,50,55,55,55,55],"damage_taken":[{"damage":0,"enemies":"Jaw Worm","floor":1,"turns":1},{"damage":0,"enemies":"Cultist","floor":3,"turns":1},{"damage":0,"enemies":"2 Louse","floor":4,"turns":1},{"damage":36,"enemies":"Lagavulin","floor":6,"turns":6},{"damage":0,"enemies":"Gremlin Gang","floor":7,"turns":1},{"damage":0,"enemies":"3 Sentries","floor":8,"turns":2},{"damage":0,"enemies":"Looter","floor":11,"turns":2},{"damage":0,"enemies":"Lagavulin","floor":14,"turns":5},{"damage":0,"enemies":"Hexaghost","floor":16,"turns":6},{"damage":0,"enemies":"Shell Parasite","floor":18,"turns":1},{"damage":0,"enemies":"Chosen","floor":19,"turns":2},{"damage":2,"enemies":"Snake Plant","floor":20,"turns":2},{"damage":2,"enemies":"Shelled Parasite and Fungi","floor":21,"turns":3},{"damage":9,"enemies":"Centurion and Healer","floor":22,"turns":2},{"damage":8,"enemies":"Slavers","floor":23,"turns":3},{"damage":0,"enemies":"Gremlin Leader","floor":25,"turns":4},{"damage":1,"enemies":"Colosseum Slavers","floor":27,"turns":2},{"damage":0,"enemies":"Colosseum Nobs","floor":27,"turns":4},{"damage":0,"enemies":"3 Cultists","floor":28,"turns":4},{"damage":8,"enemies":"Slavers","floor":29,"turns":5},{"damage":0,"enemies":"Automaton","floor":33,"turns":6},{"damage":1,"enemies":"3 Darklings","floor":35,"turns":4},{"damage":1,"enemies":"3 Shapes","floor":36,"turns":2},{"damage":10,"enemies":"3 Darklings","floor":37,"turns":4},{"damage":0,"enemies":"Jaw Worm Horde","floor":39,"turns":3},{"damage":0,"enemies":"Nemesis","floor":40,"turns":3},{"damage":0,"enemies":"4 Shapes","floor":41,"turns":2},{"damage":0,"enemies":"Giant Head","floor":42,"turns":6},{"damage":2,"enemies":"Sphere and 2 Shapes","floor":45,"turns":4},{"damage":1,"enemies":"3 Darklings","floor":46,"turns":3},{"damage":0,"enemies":"Writhing Mass","floor":47,"turns":1},{"damage":0,"enemies":"Reptomancer","floor":48,"turns":2},{"damage":0,"enemies":"Awakened One","floor":50,"turns":9},{"damage":1,"enemies":"Shield and Spear","floor":54,"turns":4},{"damage":29,"enemies":"The Heart","floor":55,"turns":12}],"seed_played":"6553077007912480090","potions_obtained":[{"floor":1,"key":"SmokeBomb"},{"floor":8,"key":"CultistPotion"},{"floor":14,"key":"GamblersBrew"},{"floor":16,"key":"SteroidPotion"},{"floor":18,"key":"SteroidPotion"},{"floor":22,"key":"Regen Potion"},{"floor":23,"key":"SneckoOil"},{"floor":33,"key":"ColorlessPotion"},{"floor":35,"key":"FairyPotion"},{"floor":37,"key":"Block Potion"},{"floor":39,"key":"DistilledChaos"},{"floor":42,"key":"Ancient Potion"},{"floor":45,"key":"Energy Potion"},{"floor":46,"key":"LiquidBronze"},{"floor":54,"key":"SkillPotion"}],"is_trial":false,"path_per_floor":["M","?","M","M","$","E","M","E","T","R","M","R","$","E","R","B",null,"M","M","M","M","M","E","R","E","T","?","M","E","$","?","R","B",null,"M","M","M","$","M","E","M","E","T","R","M","M","M","E","R","B",null,"R","$","E","B",null],"character_chosen":"THE_SERVANT","items_purchased":["DoubleEdge","Sadistic Nature","White Beast Statue","DollysMirror","FossilizedHelix"],"campfire_rested":0,"item_purchase_floors":[5,30,30,38,53],"current_hp_per_floor":[65,65,65,65,65,29,29,29,29,29,29,29,29,29,29,29,65,65,65,63,61,52,53,53,53,53,54,54,46,46,46,46,46,67,68,69,59,59,59,68,68,70,70,70,70,71,73,73,73,73,88,88,88,87,58],"gold":45,"neow_bonus":"THREE_ENEMY_KILL","is_daily":false,"chose_seed":false,"campfire_upgraded":7,"win_rate":0.0,"timestamp":1610052850,"path_taken":["M","?","?","M","$","E","M","E","T","R","M","R","?","E","R","BOSS","M","M","?","M","M","E","R","E","T","?","M","E","$","?","R","BOSS","M","?","M","$","M","E","M","E","T","R","M","M","M","E","R","BOSS","R","$","E","BOSS"],"items_purchased_type":["Card","Card","Relic","Relic","Relic"],"build_version":"2020-12-22","purchased_purges":3,"victory":true,"max_hp_per_floor":[65,65,65,65,65,65,65,65,65,65,65,65,65,65,65,65,65,65,65,65,65,65,65,65,65,65,67,67,67,67,67,67,67,67,69,71,71,71,71,80,80,82,82,82,84,86,88,88,88,88,88,88,88,88,88],"card_choices":[{"not_picked":["StarChef","FastForward"],"picked":"Spin","floor":1},{"not_picked":["StarChef","Rewind"],"picked":"Unruled","floor":3},{"not_picked":["Ricochet","Alleviate"],"picked":"Spin","floor":4},{"not_picked":["Replace","DoubleEdge"],"picked":"BottledTime","floor":6},{"not_picked":["Collapse","Unruled","Potential"],"picked":"SKIP","floor":7},{"not_picked":["ReturningBlade","Foresight"],"picked":"SoulSculpture","floor":8},{"not_picked":["Alleviate","TimeWarp","Rewind"],"picked":"SKIP","floor":11},{"not_picked":["ShatteredReality","Rearm"],"picked":"Barrier","floor":14},{"not_picked":["PendulumOfEternity","KillingDoll"],"picked":"LightFlow","floor":16},{"not_picked":["Potential","ShatteredReality","Rearm"],"picked":"SKIP","floor":18},{"not_picked":["Replace+1","Manipulate"],"picked":"BottledTime","floor":19},{"not_picked":["Replace","SurpressingFire","Ricochet"],"picked":"SKIP","floor":20},{"not_picked":["Misdirection","Gouge"],"picked":"Defy","floor":21},{"not_picked":["ShatteredReality","TimeWarp"],"picked":"Starlight+1","floor":22},{"not_picked":["Rearm","Reset"],"picked":"MurderousAura","floor":23},{"not_picked":["Desolation+1","FastForward"],"picked":"Defy","floor":25},{"not_picked":["Contraction","DoubleEdge+1","Spin+1"],"picked":"Singing Bowl","floor":27},{"not_picked":["Starlight+1","TimeWarp+1"],"picked":"BottledTime+1","floor":28},{"not_picked":["ShatteredReality+1","Moondial"],"picked":"InstantArmor","floor":29},{"not_picked":["LightFlow+1","Solidify"],"picked":"FlawlessForm","floor":33},{"not_picked":["ReturningBlade+1","Spin+1","TimeWarp+1"],"picked":"Singing Bowl","floor":35},{"not_picked":["Potential+1","RealityMarble","Rewind"],"picked":"Singing Bowl","floor":36},{"not_picked":["DoubleEdge+1","Spin+1"],"picked":"BottledTime+1","floor":37},{"not_picked":["Replace+1","Rearm+1"],"picked":"BottledTime+1","floor":39},{"not_picked":["Alleviate","Starlight+1","Moonlight+1"],"picked":"Singing Bowl","floor":40},{"not_picked":["InstantArmor","DoubleEdge+1"],"picked":"Read+1","floor":41},{"not_picked":["Luminosity","Unruled+1","ReturningBlade+1"],"picked":"Singing Bowl","floor":42},{"not_picked":["FastForward","StarChef+1","Potential+1"],"picked":"Singing Bowl","floor":45},{"not_picked":["BestPractice+1","Shuttle+1","Contraction+1"],"picked":"Singing Bowl","floor":46},{"not_picked":["ReturningBlade+1","Rearm","Starlight+1"],"picked":"Singing Bowl","floor":47},{"not_picked":["Spin+1","Defy+1"],"picked":"SoulSculpture+1","floor":48},{"not_picked":["ShatteredReality+1","Unruled+1"],"picked":"Luminosity+1","floor":54}],"player_experience":367206,"relics_obtained":[{"floor":6,"key":"Akabeko"},{"floor":8,"key":"HornCleat"},{"floor":9,"key":"Torii"},{"floor":14,"key":"Gambling Chip"},{"floor":23,"key":"Molten Egg 2"},{"floor":25,"key":"Du-Vu Doll"},{"floor":27,"key":"Old Coin"},{"floor":27,"key":"Singing Bowl"},{"floor":29,"key":"Potion Belt"},{"floor":40,"key":"Strawberry"},{"floor":42,"key":"Pen Nib"},{"floor":43,"key":"MealTicket"},{"floor":48,"key":"Bottled Lightning"},{"floor":54,"key":"Bag of Preparation"}],"event_choices":[{"damage_healed":0,"gold_gain":0,"player_choice":"Rummage","damage_taken":0,"relics_obtained":["WarpedTongs"],"max_hp_gain":0,"max_hp_loss":0,"event_name":"Accursed Blacksmith","floor":2,"gold_loss":0,"cards_obtained":["Pain"]},{"damage_healed":0,"gold_gain":0,"player_choice":"Fight","damage_taken":0,"max_hp_gain":0,"max_hp_loss":0,"event_name":"Colosseum","floor":27,"gold_loss":0},{"damage_healed":0,"gold_gain":0,"player_choice":"Fought Nobs","damage_taken":0,"max_hp_gain":0,"max_hp_loss":0,"event_name":"Colosseum","floor":27,"gold_loss":0},{"damage_healed":0,"gold_gain":0,"player_choice":"Bet on Murderer","damage_taken":0,"max_hp_gain":0,"max_hp_loss":0,"event_name":"The Joust","floor":31,"gold_loss":50}],"is_beta":false,"boss_relics":[{"not_picked":["Busted Crown","SacredBark"],"picked":"SlaversCollar"},{"not_picked":["Philosopher\u0027s Stone","Tiny House"],"picked":"Empty Cage"}],"items_purged_floors":[5,13,30],"is_endless":false,"potions_floor_spawned":[1,8,14,16,18,20,22,23,27,33,35,36,37,39,40,41,42,45,46,47,48,54],"ascension_level":1}}