{"host":"684z1xpuwaoqmmh1","time":1610021731,"event":{"mods":["BaseMod","Downfall","Hermit","Jorbs\u0027s Wanderer Trilogy","Marisa????????","Minty Spire (QoL Compilation)","StSLib","The Hierophant","The Mystic"],"gold_per_floor":[119,131,151,161,175,175,203,203,203,203,203,59,59,59],"floor_reached":13,"playtime":451,"items_purged":[],"score":132,"play_id":"ec84a623-3374-43cd-a340-b0da8f7382ff","local_time":"20210107141531","is_ascension_mode":true,"campfire_choices":[{"data":"hermit:Covet","floor":6,"key":"SMITH"},{"floor":8,"key":"REST"}],"circlet_count":0,"master_deck":["AscendersBane","hermit:Strike_Hermit","hermit:Strike_Hermit","hermit:Strike_Hermit","hermit:Strike_Hermit","hermit:Defend_Hermit","hermit:Defend_Hermit","hermit:Defend_Hermit","hermit:Defend_Hermit","hermit:Snapshot","hermit:Covet+1","hermit:Determination","hermit:HoleUp","hermit:GhostlyPresence","hermit:Purgatory+1","hermit:Desperado","hermit:FromBeyond+1"],"relics":["hermit:Momento","Potion Belt","Sundial","Frozen Egg 2","hexamod:BolsterEngine"],"acts_visited":["Exordium"],"potions_floor_usage":[4,7,13],"damage_taken":[{"damage":0,"enemies":"2 Louse","floor":1,"turns":3},{"damage":11,"enemies":"Jaw Worm","floor":2,"turns":5},{"damage":0,"enemies":"Cultist","floor":3,"turns":4},{"damage":3,"enemies":"3 Louse","floor":4,"turns":3},{"damage":1,"enemies":"Red Slaver","floor":5,"turns":6},{"damage":46,"enemies":"Gremlin Nob","floor":7,"turns":3},{"damage":56,"enemies":"Lagavulin","floor":13,"turns":7}],"seed_played":"-3993189130532201544","potions_obtained":[{"floor":3,"key":"Explosive Potion"},{"floor":5,"key":"Explosive Potion"},{"floor":7,"key":"Regen Potion"}],"is_trial":false,"path_per_floor":["M","M","M","M","M","R","E","R","T","?","?","$","E"],"character_chosen":"HERMIT","items_purchased":["hexamod:BolsterEngine"],"campfire_rested":1,"item_purchase_floors":[12],"current_hp_per_floor":[68,57,57,54,53,53,7,29,29,14,14,14,0,0],"gold":59,"neow_bonus":"THREE_CARDS","is_daily":false,"chose_seed":false,"campfire_upgraded":1,"win_rate":0.0,"timestamp":1610021731,"path_taken":["M","M","M","M","M","R","E","R","T","?","?","$","E"],"items_purchased_type":["Relic"],"build_version":"2020-12-22","purchased_purges":0,"victory":false,"max_hp_per_floor":[75,75,75,75,75,75,75,75,75,75,75,75,75,75],"card_choices":[{"not_picked":["hermit:Headshot","hermit:PistolWhip"],"picked":"hermit:Determination","floor":0.0},{"not_picked":["hermit:HighCaliber","hermit:Manifest"],"picked":"hermit:HoleUp","floor":1},{"not_picked":["hermit:Ricochet","hermit:Headshot"],"picked":"hermit:GhostlyPresence","floor":2},{"not_picked":["hermit:Quickdraw","hermit:Headshot"],"picked":"hermit:Purgatory","floor":3},{"not_picked":["hermit:WideOpen","hermit:BodyArmor"],"picked":"hermit:Desperado","floor":4},{"not_picked":["hermit:Desperado","hermit:Showdown","hermit:Headshot"],"picked":"SKIP","floor":5},{"not_picked":["hermit:Roulette","hermit:BigShot"],"picked":"hermit:FromBeyond","floor":7}],"player_experience":2408906,"relics_obtained":[{"floor":7,"key":"Potion Belt"},{"floor":9,"key":"Sundial"}],"event_choices":[{"damage_healed":0,"gold_gain":0,"player_choice":"Entered Light","damage_taken":15,"max_hp_gain":0,"max_hp_loss":0,"event_name":"Shining Light","floor":10,"gold_loss":0,"cards_upgraded":["hermit:FromBeyond","hermit:Purgatory"]},{"damage_healed":0,"gold_gain":0,"player_choice":"Searched \u00271\u0027 times","damage_taken":0,"relics_obtained":["Frozen Egg 2"],"max_hp_gain":0,"max_hp_loss":0,"event_name":"Dead Adventurer","floor":11,"gold_loss":0}],"is_beta":false,"boss_relics":[],"items_purged_floors":[],"is_endless":false,"potions_floor_spawned":[3,5,7],"killed_by":"Lagavulin","ascension_level":11}}