{"host":"kabf61oc9jgfwufg","time":1610021726,"event":{"mods":["AchievementEnabler","Act Like it!","Aspiration","BaseMod","Conspire","GifTheSpireLib","Halation","HexUI Lib","Hubris","Infinite Spire","Minty Spire (QoL Compilation)","Quick Restart","Rare Cards Sparkle","Replay The Spire","Shop Mod","StSLib","Waifu the Spire"],"gold_per_floor":[116,116,41,54,72,105,105,119,119,119,119,130,142,166,166,267,267,282,300,69,69,69,69,69,69,69,69,87,105,105,116,116,225,225,257,293,330,361,399,399,399,443,517,570,570,617,674,674,674],"floor_reached":48,"playtime":2276,"items_purged":["Strike_G","Defend_G"],"score":590,"play_id":"e245ff61-5d99-4750-bb52-a16c9ddcaa71","local_time":"20210107121526","is_ascension_mode":false,"campfire_choices":[{"data":"Hidden Blade","floor":7,"key":"SMITH"},{"data":"Well Laid Plans","floor":10,"key":"SMITH"},{"data":"Dodge and Roll","floor":15,"key":"SMITH"},{"data":"hubris:EnhanceAbility","floor":23,"key":"SMITH"},{"data":"Secret Technique","floor":27,"key":"SMITH"},{"data":"Blade Dance","floor":30,"key":"SMITH"},{"floor":32,"key":"REST"},{"data":"Envenom","floor":40,"key":"SMITH"},{"data":"Blade Dance","floor":45,"key":"SMITH"}],"circlet_count":0,"master_deck":["Strike_G","Strike_G","Strike_G","Strike_G","Defend_G","Defend_G","Defend_G","Defend_G","Survivor","Neutralize+1","Unload","Dodge and Roll+1","Hidden Blade+1","Well Laid Plans+1","Blade Dance+1","Phantasmal Killer+1","Backstab","hubris:SlightOfHand+1","hubris:EnhanceAbility+1","Secret Technique+1","Bandage Up","Blade Dance+1","Blade Dance+1","Envenom+1","ReplayTheSpireMod:Scrap Shanks+1","Finisher+1","hubris:Counter+1"],"relics":["Ring of the Snake","Bird Faced Urn","Mirror","aspiration:TomeofQuesting","Painkiller Herb","ReplayTheSpireMod:ShopPack","MutagenicStrength","infinitespire:Golems Mask","infinitespire:EvilPickle","WristBlade","hubris:Metronome"],"acts_visited":["Exordium","TheCity","TheBeyond"],"potions_floor_usage":[16,16,16,29,38,48,48],"damage_taken":[{"damage":10,"enemies":"conspire:RoseBush","floor":1,"turns":2},{"damage":0,"enemies":"Jaw Worm","floor":4,"turns":5},{"damage":2,"enemies":"Small Slimes","floor":5,"turns":4},{"damage":31,"enemies":"3 Sentries","floor":6,"turns":10},{"damage":0,"enemies":"2 Fungi Beasts","floor":8,"turns":3},{"damage":1,"enemies":"Red Slaver","floor":12,"turns":4},{"damage":4,"enemies":"3 Louse","floor":13,"turns":3},{"damage":45,"enemies":"The Guardian","floor":16,"turns":15},{"damage":11,"enemies":"Chosen","floor":18,"turns":7},{"damage":10,"enemies":"conspire:FuzzyDice","floor":19,"turns":7},{"damage":7,"enemies":"3 Cultists","floor":28,"turns":6},{"damage":12,"enemies":"Centurion and Healer","floor":29,"turns":3},{"damage":10,"enemies":"Chosen and Byrds","floor":31,"turns":3},{"damage":39,"enemies":"Pondfish","floor":33,"turns":10},{"damage":0,"enemies":"Orb Walker","floor":35,"turns":1},{"damage":26,"enemies":"3 Shapes","floor":36,"turns":3},{"damage":11,"enemies":"Transient","floor":37,"turns":5},{"damage":15,"enemies":"Sphere and 2 Shapes","floor":38,"turns":4},{"damage":10,"enemies":"3 Darklings","floor":39,"turns":5},{"damage":4,"enemies":"4 Shapes","floor":42,"turns":3},{"damage":0,"enemies":"Spire Growth","floor":44,"turns":1},{"damage":21,"enemies":"Writhing Mass","floor":46,"turns":2},{"damage":0,"enemies":"Sphere and 2 Shapes","floor":47,"turns":3},{"damage":47,"enemies":"Nemesis","floor":48,"turns":4}],"seed_played":"-8352872330154704713","potions_obtained":[{"floor":6,"key":"Adrenaline Potion"},{"floor":8,"key":"Energy Potion"},{"floor":13,"key":"Fire Potion"},{"floor":19,"key":"Fire Potion"},{"floor":36,"key":"LifebloodPotion"},{"floor":38,"key":"GamblersBrew"},{"floor":42,"key":"Energy Potion"}],"is_trial":false,"path_per_floor":["M","?","$","M","M","E","R","M","T","R","?","M","M","T","R","B",null,"?","?","T","?","?","T","?","T","T","T","?","?","T","?","T","B",null,"?","?","?","?","?","T","?","?","T","?","T","?","?","E"],"character_chosen":"THE_SILENT","items_purchased":["ReplayTheSpireMod:ShopPack"],"campfire_rested":1,"item_purchase_floors":[20],"current_hp_per_floor":[60,60,60,60,58,27,27,27,27,27,50,51,49,49,49,6,70,59,51,51,51,51,51,51,51,51,51,52,48,48,44,65,34,70,70,44,45,42,44,44,44,48,48,50,50,33,35,0,0],"gold":674,"neow_bonus":"ONE_RANDOM_RARE_CARD","is_daily":false,"chose_seed":false,"campfire_upgraded":8,"win_rate":0.0,"timestamp":1610021726,"path_taken":["M","?","$","M","M","E","R","M","T","R","?","M","M","?","R","BOSS","?","?","T","?","?","T","?","T","T","T","?","?","T","?","T","BOSS","?","?","?","?","?","T","?","?","T","?","T","?","?","E"],"items_purchased_type":["Relic"],"build_version":"2020-12-22","purchased_purges":2,"victory":false,"max_hp_per_floor":[70,70,70,70,70,70,70,70,70,70,70,70,70,70,70,70,70,70,70,70,70,70,70,70,70,70,70,70,70,70,70,70,70,70,70,70,70,70,70,70,70,70,70,70,70,70,70,70,70],"card_choices":[{"not_picked":["Toxin Wave","Fluid Movement"],"picked":"Dodge and Roll","floor":1},{"not_picked":["Bane","Quick Slash","Poisoned Stab"],"picked":"SKIP","floor":4},{"not_picked":["Backflip","Outmaneuver"],"picked":"Hidden Blade","floor":5},{"not_picked":["Underhanded Strike","hubris:SlightOfHand","Poisoned Stab"],"picked":"SKIP","floor":6},{"not_picked":["Choke","Dodge and Roll"],"picked":"Well Laid Plans","floor":8},{"not_picked":["Replay:Poison Smokescreen","Leg Sweep"],"picked":"Blade Dance","floor":12},{"not_picked":["Poisoned Stab","Calculated Gamble","Deadly Poison"],"picked":"SKIP","floor":13},{"not_picked":["Bullet Time","Die Die Die"],"picked":"Phantasmal Killer","floor":16},{"not_picked":["Acrobatics","ReplayTheSpireMod:The Works"],"picked":"Backstab","floor":18},{"not_picked":["Underhanded Strike+1","Blade Dance"],"picked":"hubris:SlightOfHand+1","floor":19},{"not_picked":["ReplayUltimateDefense","Poisoned Strike"],"picked":"hubris:EnhanceAbility","floor":20},{"not_picked":["Blind","hubris:Insight"],"picked":"Secret Technique","floor":20},{"not_picked":["Flash of Steel","Poisoned Strike"],"picked":"Bandage Up","floor":20},{"not_picked":["Poison Darts","hubris:SlightOfHand+1","Cloak And Dagger"],"picked":"SKIP","floor":28},{"not_picked":["Backflip","Calculated Gamble"],"picked":"Blade Dance","floor":29},{"not_picked":["Flying Knee","Die Die Die"],"picked":"Blade Dance+1","floor":31},{"not_picked":["Replay:Bag of Tricks","Adrenaline"],"picked":"Envenom","floor":33},{"not_picked":["Bane+1","Flying Knee","Dash+1"],"picked":"SKIP","floor":35},{"not_picked":["Deadly Poison","Replay:Bag of Tricks"],"picked":"ReplayTheSpireMod:Scrap Shanks+1","floor":36},{"not_picked":["Deadly Poison","Cloak And Dagger+1","hubris:SlightOfHand+1"],"picked":"SKIP","floor":37},{"not_picked":["All Out Attack+1","Footwork","Riddle With Holes"],"picked":"SKIP","floor":38},{"not_picked":["Flechettes+1","Slice","Backflip"],"picked":"SKIP","floor":39},{"not_picked":["Flying Knee","conspire:PoisonWeapons+1"],"picked":"Finisher+1","floor":42},{"not_picked":["Endless Agony+1","Catalyst","Underhanded Strike"],"picked":"SKIP","floor":44},{"not_picked":["conspire:PoisonWeapons","Blade Dance+1"],"picked":"hubris:Counter+1","floor":46},{"not_picked":["Dagger Throw+1","Cloak And Dagger","Acrobatics+1"],"picked":"SKIP","floor":47}],"player_experience":56202,"relics_obtained":[{"floor":6,"key":"Bird Faced Urn"},{"floor":9,"key":"Mirror"},{"floor":14,"key":"aspiration:TomeofQuesting"},{"floor":26,"key":"infinitespire:Golems Mask"},{"floor":43,"key":"hubris:Metronome"}],"event_choices":[{"damage_healed":23,"gold_gain":0,"player_choice":"Banana","damage_taken":0,"max_hp_gain":0,"max_hp_loss":0,"event_name":"Big Fish","floor":11,"gold_loss":0},{"damage_healed":0,"gold_gain":0,"player_choice":"Inject Mutagens","damage_taken":0,"relics_obtained":["MutagenicStrength"],"max_hp_gain":0,"max_hp_loss":0,"event_name":"Drug Dealer","floor":21,"gold_loss":0},{"damage_healed":0,"gold_gain":0,"player_choice":"Forge","damage_taken":0,"max_hp_gain":0,"max_hp_loss":0,"event_name":"Accursed Blacksmith","floor":24,"gold_loss":0,"cards_upgraded":["Phantasmal Killer"]},{"damage_healed":0,"gold_gain":0,"player_choice":"Ignored","damage_taken":0,"max_hp_gain":0,"max_hp_loss":0,"event_name":"Tomb of Lord Red Mask","floor":41,"gold_loss":0}],"is_beta":false,"boss_relics":[{"not_picked":["hubris:TerracottaHorce","hubris:HollowSoul"],"picked":"Painkiller Herb"},{"not_picked":["Ring of Chaos","Runic Dome"],"picked":"WristBlade"}],"items_purged_floors":[3,20],"is_endless":false,"potions_floor_spawned":[6,8,13,19,36,38,42],"killed_by":"Nemesis","ascension_level":0}}