{"host":"xrbutm0tzv4qwo7u","time":1610038654,"event":{"mods":["AchievementEnabler","BaseMod","Colored Powertips","Hermit","Minty Spire (QoL Compilation)","StSLib","The Cursed","The Marked"],"gold_per_floor":[110,110,110,120,138,138,148,148,203,219,144,144,54,118,118,213,213,228,228,263,263,282,282,21,21,21,45,45,57,57,57,57,57,57],"floor_reached":33,"playtime":1237,"items_purged":["Injury","Shame"],"score":256,"play_id":"5669fa3a-1d94-4125-bcd8-153d73cbf342","local_time":"20210107105734","is_ascension_mode":false,"campfire_choices":[{"floor":6,"key":"DIG"},{"floor":8,"key":"DIG"},{"floor":12,"key":"DIG"},{"floor":15,"key":"DIG"},{"floor":23,"key":"DIG"},{"floor":25,"key":"DIG"},{"floor":30,"key":"DIG"},{"floor":32,"key":"DIG"}],"circlet_count":0,"master_deck":["Defend_G","Defend_G","Defend_G","Defend_G+1","Defend_G","Survivor","Neutralize","Blade Dance","After Image","Backstab","Deflect","Calculated Gamble","Predator","Swift Strike","PiercingWail","Malaise+1","Riddle With Holes","PiercingWail","Infinite Blades","Well Laid Plans+1","Choke","Well Laid Plans","Bite","Bite","Bite","Bite","Bite"],"relics":["Ring of the Snake","Shovel","Vajra","Ornamental Fan","Centennial Puzzle","Meat on the Bone","Potion Belt","Pear","Black Star","Snake Skull","Red Mask","HornCleat","Blood Vial","Juzu Bracelet","Bronze Scales","War Paint","PreservedInsect"],"acts_visited":["Exordium","TheCity"],"potions_floor_usage":[16,16,22,33,33],"damage_taken":[{"damage":0,"enemies":"Cultist","floor":1,"turns":4},{"damage":3,"enemies":"Jaw Worm","floor":4,"turns":6},{"damage":0,"enemies":"Small Slimes","floor":5,"turns":2},{"damage":0,"enemies":"2 Fungi Beasts","floor":7,"turns":3},{"damage":0,"enemies":"Exordium Wildlife","floor":10,"turns":3},{"damage":2,"enemies":"Lagavulin Event","floor":14,"turns":5},{"damage":13,"enemies":"Slime Boss","floor":16,"turns":13},{"damage":1,"enemies":"3 Byrds","floor":18,"turns":6},{"damage":58,"enemies":"Masked Bandits","floor":20,"turns":8},{"damage":19,"enemies":"Spheric Guardian","floor":22,"turns":8},{"damage":11,"enemies":"Centurion and Healer","floor":29,"turns":7},{"damage":61,"enemies":"Collector","floor":33,"turns":12}],"seed_played":"-274067062639341790","potions_obtained":[{"floor":1,"key":"Weak Potion"},{"floor":7,"key":"DuplicationPotion"},{"floor":14,"key":"ColorlessPotion"},{"floor":22,"key":"FearPotion"}],"is_trial":false,"path_per_floor":["M","?","?","M","M","R","M","R","T","M","$","R","$","?","R","B",null,"M","?","?","?","M","R","$","R","T","T","?","M","R","?","R","B"],"character_chosen":"THE_SILENT","items_purchased":["Swift Strike","Choke","Well Laid Plans","BlessingOfTheForge"],"campfire_rested":0,"item_purchase_floors":[13,24,24,24],"current_hp_per_floor":[70,70,70,67,67,67,67,67,67,67,67,67,67,65,75,62,80,79,79,33,33,26,26,26,26,26,26,26,33,33,33,33,0,0],"gold":57,"neow_bonus":"ONE_RARE_RELIC","is_daily":false,"chose_seed":false,"campfire_upgraded":0,"win_rate":0.0,"timestamp":1610038654,"path_taken":["M","?","?","M","M","R","M","R","T","?","$","R","$","?","R","BOSS","M","?","?","?","M","R","$","R","T","?","?","M","R","?","R","BOSS"],"items_purchased_type":["Card","Card","Card","Potion"],"build_version":"2020-12-22","purchased_purges":2,"victory":false,"max_hp_per_floor":[70,70,70,70,70,70,70,70,70,70,70,70,70,70,80,80,80,80,80,80,80,80,80,80,80,80,80,56,56,56,56,56,56,56],"card_choices":[{"not_picked":["PiercingWail","Catalyst"],"picked":"Blade Dance","floor":1},{"not_picked":["Calculated Gamble","Expertise"],"picked":"Backstab","floor":4},{"not_picked":["Dodge and Roll","Deadly Poison"],"picked":"Deflect","floor":5},{"not_picked":["Backflip","Poisoned Stab"],"picked":"Calculated Gamble","floor":7},{"not_picked":["Tactician","Unload"],"picked":"Predator","floor":10},{"not_picked":["Flying Knee","Heel Hook"],"picked":"PiercingWail","floor":14},{"not_picked":["Corpse Explosion","Die Die Die"],"picked":"Malaise","floor":16},{"not_picked":["Caltrops+1","Slice"],"picked":"Riddle With Holes","floor":18},{"not_picked":["Calculated Gamble+1","Acrobatics"],"picked":"PiercingWail","floor":20},{"not_picked":["Caltrops","Dagger Throw+1"],"picked":"Well Laid Plans+1","floor":22},{"not_picked":["Bane","Catalyst+1"],"picked":"Crippling Poison+1","floor":29}],"player_experience":27043,"relics_obtained":[{"floor":6,"key":"Vajra"},{"floor":8,"key":"Ornamental Fan"},{"floor":9,"key":"Centennial Puzzle"},{"floor":12,"key":"Meat on the Bone"},{"floor":14,"key":"Potion Belt"},{"floor":15,"key":"Pear"},{"floor":20,"key":"Red Mask"},{"floor":23,"key":"HornCleat"},{"floor":25,"key":"Blood Vial"},{"floor":26,"key":"Juzu Bracelet"},{"floor":27,"key":"Bronze Scales"},{"floor":30,"key":"War Paint"},{"floor":32,"key":"PreservedInsect"}],"event_choices":[{"damage_healed":0,"gold_gain":0,"cards_transformed":["Strike_G"],"player_choice":"Change","damage_taken":0,"max_hp_gain":0,"max_hp_loss":0,"event_name":"Living Wall","floor":2,"gold_loss":0,"cards_obtained":["After Image"]},{"cards_removed":["Strike_G"],"damage_healed":0,"gold_gain":0,"player_choice":"Purged","damage_taken":0,"max_hp_gain":0,"max_hp_loss":0,"event_name":"Purifier","floor":3,"gold_loss":0},{"damage_healed":0,"gold_gain":30,"player_choice":"Searched \u00273\u0027 times","damage_taken":0,"max_hp_gain":0,"max_hp_loss":0,"event_name":"Dead Adventurer","floor":14,"gold_loss":0},{"damage_healed":0,"gold_gain":0,"player_choice":"Stole Relic","damage_taken":0,"relics_obtained":["Snake Skull"],"max_hp_gain":0,"max_hp_loss":0,"event_name":"Addict","floor":19,"gold_loss":0,"cards_obtained":["Shame"]},{"damage_healed":0,"gold_gain":0,"player_choice":"Fought Bandits","damage_taken":0,"max_hp_gain":0,"max_hp_loss":0,"event_name":"Masked Bandits","floor":20,"gold_loss":0},{"damage_healed":0,"gold_gain":0,"player_choice":"Read","damage_taken":0,"max_hp_gain":0,"max_hp_loss":0,"event_name":"The Library","floor":21,"gold_loss":0,"cards_obtained":["Infinite Blades"]},{"damage_healed":0,"gold_gain":0,"player_choice":"Became a vampire","damage_taken":0,"max_hp_gain":0,"max_hp_loss":24,"event_name":"Vampires","floor":28,"gold_loss":0,"cards_obtained":["Bite","Bite","Bite","Bite","Bite"]},{"cards_removed":["Crippling Poison"],"damage_healed":0,"gold_gain":0,"player_choice":"Purged","damage_taken":0,"max_hp_gain":0,"max_hp_loss":0,"event_name":"Purifier","floor":31,"gold_loss":0}],"is_beta":false,"boss_relics":[{"not_picked":["HoveringKite","Coffee Dripper"],"picked":"Black Star"}],"items_purged_floors":[11,24],"is_endless":false,"potions_floor_spawned":[1,7,14,22],"killed_by":"Collector","ascension_level":0}}