{"host":"vqs1j3qalc1cciyt","time":1610050653,"event":{"mods":["2.2 Compatiblity","AchievementEnabler","Aspiration","Bard","BaseMod","Beaked The Cultist","Better Altar","Better Match","Better Note","Better Sensory Stone","Better Skull","Better Third Choice","Clockwork Mod","Colored Map","Conspire","Downfall","Friendly Minions","GifTheSpireLib","Glutton Mod","Halation","Highlight Path","Hubris","Infinite Spire","Minty Spire (QoL Compilation)","READ ME - Snecko Mod","RRrroohrrRGHHhhh!!","Replay The Spire","Spicy Shops","StSLib","Stuff the Spire","The Bladedancer","The Construct","The Cursed","The Disciple","The Hierophant","The Jungle","vexMod"],"gold_per_floor":[118,40,52,52,52,52,52,77,102,114,147,147,181,201,290,391,391,409,421,421,421],"floor_reached":20,"playtime":2309,"items_purged":[],"score":321,"play_id":"23828a27-4fc7-4481-ba12-754acb59ced0","local_time":"20210107121733","is_ascension_mode":true,"campfire_choices":[{"data":"TheCursedMod:FleshFromBone","floor":6.0,"key":"SMITH"},{"data":"hexamod:WildfireWeapon","floor":12.0,"key":"SMITH"}],"circlet_count":0,"master_deck":["TheCursedMod:Strike_TheCursed","TheCursedMod:Strike_TheCursed","TheCursedMod:Strike_TheCursed","TheCursedMod:Defend_TheCursed","TheCursedMod:Defend_TheCursed","TheCursedMod:Defend_TheCursed","TheCursedMod:Defend_TheCursed","TheCursedMod:CursedWand","TheCursedMod:CleanUpWorkshop","TheCursedMod:Dregs","TheCursedMod:CursedBlade","Pot Of Greed","Pot Of Greed","TheCursedMod:FleshFromBone+1","hexamod:WildfireWeapon+1","construct:FierceBash","construct:CripplingShot","TheCursedMod:RapidMovement+1","Barricade","beaked:BraceForImpact+1","Clockwork:HoardingStrike"],"relics":["TheCursedMod:BlackMagic101","NeowsBlessing","Grinning Jar","Toxic Egg 2","PrismaticShard","vexMod:BarristanHead","Replay:Rubber Ducky","hubris:ToyBattleship","halation:PromiseList","hubris:Backtick","Replay:Bottled Snecko"],"acts_visited":["Exordium","TheCity"],"potions_floor_usage":[18,20],"damage_taken":[{"damage":0.0,"enemies":"Cultist","floor":1.0,"turns":1.0},{"damage":0.0,"enemies":"Jaw Worm","floor":3.0,"turns":1.0},{"damage":0.0,"enemies":"Replay:BlueRogue","floor":8.0,"turns":1.0},{"damage":0.0,"enemies":"conspire:RoseBush","floor":10.0,"turns":4.0},{"damage":1.0,"enemies":"Lagavulin","floor":11.0,"turns":9.0},{"damage":0.0,"enemies":"Gremlin Nob","floor":13.0,"turns":3.0},{"damage":22.0,"enemies":"Lots of Slimes","floor":14.0,"turns":4.0},{"damage":0.0,"enemies":"Fading Forest","floor":16.0,"turns":11.0},{"damage":31,"enemies":"Shell Parasite","floor":18,"turns":13},{"damage":25,"enemies":"3 Byrds","floor":19,"turns":6},{"damage":20,"enemies":"Centurion and Healer","floor":20,"turns":5}],"seed_played":"-6091367527913199890","potions_obtained":[{"floor":1.0,"key":"Energy Potion"},{"floor":14.0,"key":"Adrenaline Potion"},{"floor":16.0,"key":"DuplicationPotion"}],"is_trial":false,"path_per_floor":["M","$","M","T","?","R","?","E","T","M","E","R","E","M","R_BF","B",null,"M","M","M"],"character_chosen":"THE_CURSED","items_purchased":["Grinning Jar"],"campfire_rested":0,"item_purchase_floors":[2],"current_hp_per_floor":[75,75,75,75,75,75,75,75,75,75,74,74,74,52,52,52,75,44,19,0,0],"gold":421,"neow_bonus":"THREE_ENEMY_KILL","is_daily":false,"chose_seed":false,"campfire_upgraded":2,"win_rate":0.0,"timestamp":1610050653,"path_taken":["M","$","M","?","?","R","?","E","T","M","E","R","E","M","R_BF","BOSS","M","M","M"],"items_purchased_type":["Relic"],"build_version":"2020-12-22","purchased_purges":0,"victory":false,"max_hp_per_floor":[75,75,75,75,75,75,75,75,75,75,75,75,75,75,75,75,75,75,75,75,75],"card_choices":[{"not_picked":["TheCursedMod:SpitefulStrike","TheCursedMod:CursedShiv"],"picked":"TheCursedMod:CursedBlade","floor":1.0},{"not_picked":["TheCursedMod:CursedMace","TheCursedMod:DoubleShield"],"picked":"TheCursedMod:FleshFromBone","floor":3.0},{"not_picked":["construct:Forcefield+1","beaked:Flinch+1"],"picked":"hexamod:WildfireWeapon","floor":8.0},{"not_picked":["Replay:ManipulateFuture+1","Slimebound:MassFeed"],"picked":"construct:FierceBash","floor":10.0},{"not_picked":["Glutton:GnawingHunger","beaked:Daydream+1","Sword Boomerang"],"picked":"SKIP","floor":11.0},{"not_picked":["bard:BottledSong+1","FlyingSleeves"],"picked":"construct:CripplingShot","floor":13.0},{"not_picked":["hierophant:Racketeering+1","Glutton:GuardStance+1"],"picked":"TheCursedMod:RapidMovement+1","floor":14.0},{"not_picked":["blademaster:LightningDraw","champ:StrikeOfGenius"],"picked":"Barricade","floor":16.0},{"not_picked":["Guardian:Planning+1","champ:TornadoPunch"],"picked":"beaked:BraceForImpact+1","floor":18},{"not_picked":["Clockwork:Downsize+1","StuffTheSpire:LoadUp+1"],"picked":"Clockwork:HoardingStrike","floor":19}],"player_experience":865933,"relics_obtained":[{"floor":4.0,"key":"Toxic Egg 2"},{"floor":8.0,"key":"vexMod:BarristanHead"},{"floor":9.0,"key":"Replay:Rubber Ducky"},{"floor":11.0,"key":"hubris:ToyBattleship"},{"floor":13.0,"key":"halation:PromiseList"}],"event_choices":[{"cards_removed":["TheCursedMod:Strike_TheCursed"],"damage_healed":0.0,"max_hp_gain":0.0,"max_hp_loss":0.0,"gold_gain":0.0,"event_name":"Bonfire Elementals","player_choice":"Offered Basic","floor":7.0,"gold_loss":0.0,"damage_taken":0.0}],"is_beta":false,"boss_relics":[{"not_picked":["halation:HeavySnake","vexMod:BigBerry"],"picked":"hubris:Backtick"}],"items_purged_floors":[],"is_endless":false,"potions_floor_spawned":[1,14,16],"killed_by":"Centurion and Healer","ascension_level":2}}