{"host":"hxqmxu97ax4h93y4","time":1610043120,"event":{"mods":["BaseMod","Downfall","Hermit","Marisa????????","Minty Spire (QoL Compilation)","StSLib","The Cursed","The Necromancer","The Runesmith"],"gold_per_floor":[118,118,134,309,309,309,341,341,366,163,179,199,199,209,209,209,209],"floor_reached":16,"playtime":788,"items_purged":["Strike_W"],"score":100,"play_id":"8c67244b-229f-4eac-9b6c-73fe82634252","local_time":"20210107101200","is_ascension_mode":false,"campfire_choices":[{"data":"Death_Knell","floor":6,"key":"SMITH"},{"data":"Negative_Energy_Sphere","floor":8,"key":"SMITH"},{"data":"Bone_Bullets","floor":13,"key":"SMITH"},{"data":"Bone_Wall","floor":15,"key":"SMITH"}],"circlet_count":0,"master_deck":["Strike_W","Strike_W","Strike_W","Defend_W","Defend_W","Defend_W","Defend_W","Negative_Energy_Arrows","Bone_Wall+1","Death_Knell+1","Negative_Energy_Shield","Doubt","Negative_Energy_Sphere+1","Bone_Spikes","Vampiric_Strike","Bone_Bullets+1","Skeleton_Dragon"],"relics":["Vampire_Amulet","Anchor","Juzu Bracelet","Dream Catcher"],"acts_visited":["Exordium"],"potions_floor_usage":[12,14,14],"damage_taken":[{"damage":6,"enemies":"2 Louse","floor":1,"turns":3},{"damage":0,"enemies":"Small Slimes","floor":3,"turns":4},{"damage":33,"enemies":"Lagavulin","floor":7,"turns":12},{"damage":0,"enemies":"Cultist","floor":11,"turns":4},{"damage":0,"enemies":"Blue Slaver","floor":12,"turns":3},{"damage":0,"enemies":"2 Fungi Beasts","floor":14,"turns":2},{"damage":89,"enemies":"Slime Boss","floor":16,"turns":14}],"seed_played":"4271261986741670413","potions_obtained":[{"floor":7,"key":"Strength Potion"},{"floor":11,"key":"BlessingOfTheForge"},{"floor":12,"key":"Fire Potion"}],"is_trial":false,"path_per_floor":["M","?","M","?","?","R","E","R","T","$","M","M","R","M","R","B"],"character_chosen":"NECROMANCER","items_purchased":["Bone_Spikes","FairyPotion"],"campfire_rested":0,"item_purchase_floors":[10,10],"current_hp_per_floor":[80,85,87,87,69,69,38,38,38,38,40,42,42,46,46,0,0],"gold":209,"neow_bonus":"TEN_PERCENT_HP_BONUS","is_daily":false,"chose_seed":false,"campfire_upgraded":4,"win_rate":0.0,"timestamp":1610043120,"path_taken":["M","?","M","?","?","R","E","R","T","$","M","M","R","M","R","BOSS"],"items_purchased_type":["Card","Potion"],"build_version":"2020-12-22","purchased_purges":1,"victory":false,"max_hp_per_floor":[82,87,87,87,87,87,87,87,87,87,87,87,87,87,87,87,87],"card_choices":[{"not_picked":["Negative_Energy_Shield","Spectral_Armor"],"picked":"Death_Knell","floor":1},{"not_picked":["Death_March_Dance","Plague_Bolt"],"picked":"Negative_Energy_Shield","floor":3},{"not_picked":["Blood_Shield","Blood_Whip"],"picked":"Negative_Energy_Sphere","floor":7},{"not_picked":["Toxic_Smoke_Screen","Negative_Energy_Bomb"],"picked":"Vampiric_Strike","floor":11},{"not_picked":["Bone_Spikes","Blood_Whip"],"picked":"Bone_Bullets","floor":12},{"not_picked":["Negative_Energy_Shield","Blood_Shield"],"picked":"Skeleton_Dragon","floor":14}],"player_experience":28643,"relics_obtained":[{"floor":7,"key":"Juzu Bracelet"},{"floor":9,"key":"Dream Catcher"}],"event_choices":[{"damage_healed":0,"gold_gain":0,"player_choice":"Donut","damage_taken":0,"max_hp_gain":5,"max_hp_loss":0,"event_name":"Big Fish","floor":2,"gold_loss":0},{"damage_healed":0,"gold_gain":175,"player_choice":"AGREE","damage_taken":0,"max_hp_gain":0,"max_hp_loss":0,"event_name":"Liars Game","floor":4,"gold_loss":0,"cards_obtained":["Doubt"]},{"damage_healed":0,"gold_gain":0,"player_choice":"Success","damage_taken":18,"relics_obtained":["Anchor"],"max_hp_gain":0,"max_hp_loss":0,"event_name":"Scrap Ooze","floor":5,"gold_loss":0}],"is_beta":false,"boss_relics":[],"items_purged_floors":[10],"is_endless":false,"potions_floor_spawned":[7,11,12],"killed_by":"Slime Boss","ascension_level":0}}