{"host":"ci7cmvrwpmzqnw7e","time":1610061747,"event":{"mods":["BaseMod","BetterRewards","Colored Map","Downfall","Hubris","Minty Spire (QoL Compilation)","Rare Cards Sparkle","Replay The Spire","Shop Mod","StSLib","The Necromancer","The Servant 0.9.4"],"gold_per_floor":[99,114,131,131,281,292,318,330,355,355,355],"floor_reached":9,"playtime":354,"items_purged":[],"score":63,"play_id":"894ac2b2-6775-4f07-a6d7-922cbc0acafe","local_time":"20210107162227","is_ascension_mode":false,"campfire_choices":[{"data":"champ:Taunt","floor":1,"key":"SMITH"}],"circlet_count":0,"master_deck":["champ:Strike","champ:Strike","champ:Strike","champ:Strike+1","champ:Defend","champ:Defend+1","champ:Defend","champ:Defend+1","champ:Execute","champ:Taunt+1","champ:BerserkerStyle","champ:CalledShot","Regret","Slimebound:Icky","champ:EnragedBash","champ:BringItOn"],"relics":["champ:ChampionCrown","PreservedInsect","Counterbalance"],"acts_visited":["Exordium"],"potions_floor_usage":[],"damage_taken":[{"damage":5,"enemies":"2 Louse","floor":2,"turns":4},{"damage":13,"enemies":"Jaw Worm","floor":3,"turns":3},{"damage":15,"enemies":"Cultist","floor":6,"turns":4},{"damage":32,"enemies":"Exordium Wildlife","floor":8,"turns":5},{"damage":58,"enemies":"3 Sentries","floor":9,"turns":11}],"seed_played":"-6949250140887650252","potions_obtained":[{"floor":3,"key":"Adrenaline Potion"},{"floor":8,"key":"EssenceOfSteel"},{"floor":9,"key":"Languid Potion"}],"is_trial":false,"path_per_floor":["R","M","M","?","?","M","T","M","E"],"character_chosen":"THE_CHAMP","items_purchased":[],"campfire_rested":0,"item_purchase_floors":[],"current_hp_per_floor":[99,99,91,91,91,83,83,60,18,18,18],"gold":355,"neow_bonus":"TEN_PERCENT_HP_BONUS","is_daily":false,"chose_seed":false,"campfire_upgraded":1,"win_rate":0.0,"timestamp":1610061747,"path_taken":["R","M","M","?","?","M","T","M","E"],"items_purchased_type":[],"build_version":"2020-12-22","purchased_purges":0,"victory":false,"max_hp_per_floor":[99,99,99,99,99,99,99,99,99,99,99],"card_choices":[{"not_picked":["champ:PreciseThrust","champ:SkillfulDodge"],"picked":"champ:BerserkerStyle","floor":2},{"not_picked":["champ:FalseCounter","champ:DefensiveShout"],"picked":"champ:CalledShot","floor":3},{"not_picked":["champ:GladiatorStyle","champ:GladiatorsShout"],"picked":"champ:EnragedBash","floor":6},{"not_picked":["champ:Lariat","champ:DefensiveShout"],"picked":"champ:BringItOn","floor":8}],"player_experience":10113,"relics_obtained":[{"floor":7,"key":"PreservedInsect"},{"floor":9,"key":"Counterbalance"}],"event_choices":[],"is_beta":false,"boss_relics":[],"items_purged_floors":[],"is_endless":false,"potions_floor_spawned":[3,8,9],"killed_by":"3 Sentries","ascension_level":0}}