{"host":"o7j6aatxjwpw1421","time":1610029721,"event":{"mods":["2.2 Compatiblity","AchievementEnabler","BaseMod","Colored Map","DeckTracker","Highlight Path","Keyboard Shortcuts","Minty Spire (QoL Compilation)","Permanent Neow","Quick Restart","StSLib","SuperFastMode","everything is the same but u backflip on backflip"],"gold_per_floor":[112,112,127,127,127,161,161,180,206,221,235,253,178,201,201,201,201],"floor_reached":16,"playtime":433,"items_purged":["Strike_R"],"score":245,"play_id":"3518a90e-aa02-4284-ba21-6bbf609759f3","local_time":"20210107232841","is_ascension_mode":true,"campfire_choices":[{"data":"Seeing Red","floor":7.0,"key":"SMITH"},{"data":"Whirlwind","floor":15,"key":"SMITH"}],"circlet_count":0,"master_deck":["AscendersBane","Strike_R","Strike_R","Strike_R","Defend_R","Defend_R","Defend_R","Defend_R","Bash","Seeing Red+1","Shockwave","Whirlwind+1","Inflame","Shrug It Off"],"relics":["Burning Blood","NeowsBlessing","Golden Idol","Blood Vial","Omamori"],"acts_visited":["Exordium"],"potions_floor_usage":[16],"damage_taken":[{"damage":0.0,"enemies":"2 Louse","floor":1.0,"turns":1.0},{"damage":0.0,"enemies":"Cultist","floor":3.0,"turns":1.0},{"damage":0.0,"enemies":"Lagavulin","floor":6.0,"turns":1.0},{"damage":9.0,"enemies":"Jaw Worm","floor":8.0,"turns":5.0},{"damage":9.0,"enemies":"3 Louse","floor":10.0,"turns":3.0},{"damage":10.0,"enemies":"2 Fungi Beasts","floor":11.0,"turns":4.0},{"damage":4.0,"enemies":"Large Slime","floor":12.0,"turns":4.0},{"damage":8,"enemies":"Blue Slaver","floor":14,"turns":6},{"damage":56,"enemies":"Slime Boss","floor":16,"turns":10}],"seed_played":"1555333626000531205","potions_obtained":[{"floor":1.0,"key":"SteroidPotion"},{"floor":6.0,"key":"HeartOfIron"},{"floor":8.0,"key":"ColorlessPotion"}],"is_trial":false,"path_per_floor":["M","?","M","?","?","E","R","M","T","M","M","M","$","M","R","B"],"character_chosen":"IRONCLAD","items_purchased":[],"campfire_rested":0,"item_purchase_floors":[],"current_hp_per_floor":[74,74,75,75,49,55,55,54,54,53,51,55,55,55,55,1,1],"gold":201,"neow_bonus":"THREE_ENEMY_KILL","is_daily":false,"chose_seed":false,"campfire_upgraded":2,"win_rate":0.0,"timestamp":1610029721,"path_taken":["M","?","?","?","?","E","R","M","T","M","M","M","$","M","R","BOSS"],"items_purchased_type":[],"build_version":"2020-12-22","purchased_purges":1,"victory":false,"max_hp_per_floor":[75,75,75,75,75,75,75,75,75,75,75,75,75,75,75,75,75],"card_choices":[{"not_picked":["Armaments","True Grit"],"picked":"Seeing Red","floor":1.0},{"not_picked":["Body Slam","Twin Strike"],"picked":"Shockwave","floor":3.0},{"not_picked":["Searing Blow","Clash","Headbutt"],"picked":"SKIP","floor":6.0},{"not_picked":["Warcry","Fire Breathing"],"picked":"Whirlwind","floor":8.0},{"not_picked":["Clash","Iron Wave","Heavy Blade"],"picked":"SKIP","floor":10.0},{"not_picked":["Havoc","Rampage"],"picked":"Inflame","floor":11.0},{"not_picked":["Twin Strike","Cleave","Sever Soul"],"picked":"SKIP","floor":12.0},{"not_picked":["Dark Embrace","Berserk"],"picked":"Shrug It Off","floor":14}],"player_experience":436647,"relics_obtained":[{"floor":6.0,"key":"Blood Vial"},{"floor":9.0,"key":"Omamori"}],"event_choices":[{"cards_removed":["Strike_R"],"damage_healed":0.0,"max_hp_gain":0.0,"max_hp_loss":0.0,"gold_gain":0.0,"event_name":"Purifier","player_choice":"Purged","floor":2.0,"gold_loss":0.0,"damage_taken":0.0},{"damage_healed":0.0,"max_hp_gain":0.0,"max_hp_loss":0.0,"gold_gain":0.0,"event_name":"Liars Game","player_choice":"Ignored","floor":4.0,"gold_loss":0.0,"damage_taken":0.0},{"damage_healed":0.0,"max_hp_gain":0.0,"max_hp_loss":0.0,"gold_gain":0.0,"event_name":"Golden Idol","player_choice":"Take Damage","floor":5.0,"gold_loss":0.0,"damage_taken":26.0,"relics_obtained":["Golden Idol"]}],"is_beta":false,"boss_relics":[],"items_purged_floors":[13],"is_endless":false,"potions_floor_spawned":[1,6,8],"killed_by":"Slime Boss","ascension_level":18}}