{"host":"ymknu7vcxiutstwp","time":1610060844,"event":{"mods":["AchievementEnabler","BaseMod","Colored Powertips","Highlight Path","Minty Spire (QoL Compilation)","Relic Stats","StSLib"],"gold_per_floor":[161,161,16,36,51,51,78,78,78,106,106,106,18,36,36,135,135,151,102,122,140,88,88,100,120,167,82,82,82],"floor_reached":28,"playtime":2734,"items_purged":[],"score":342,"play_id":"151fd768-df5a-44ca-b9e1-8e13f8825ea1","local_time":"20210107230724","is_ascension_mode":true,"campfire_choices":[{"data":"Unload","floor":6.0,"key":"SMITH"},{"floor":8.0,"key":"REST"},{"floor":12.0,"key":"REST"},{"floor":15.0,"key":"REST"},{"floor":23,"key":"REST"}],"circlet_count":0,"master_deck":["AscendersBane","Strike_G","Strike_G","Strike_G+1","Defend_G","Defend_G","Defend_G","Defend_G","Defend_G","Survivor","Neutralize","Flying Knee","Sucker Punch","Expertise","Poisoned Stab","Unload+1","Noxious Fumes","Dagger Spray","Footwork","Blade Dance","Cloak And Dagger","Tools of the Trade","Terror","Poisoned Stab+1","Dagger Throw","Bullet Time","Masterful Stab"],"relics":["Tiny House","Bronze Scales","Blue Candle","Ninja Scroll","Art of War","Fusion Hammer","Potion Belt","Tough Bandages"],"acts_visited":["Exordium","TheCity"],"potions_floor_usage":[16,16,21,21,24],"damage_taken":[{"damage":0.0,"enemies":"Small Slimes","floor":1.0,"turns":5.0},{"damage":1.0,"enemies":"Cultist","floor":4.0,"turns":4.0},{"damage":4.0,"enemies":"2 Louse","floor":5.0,"turns":3.0},{"damage":19.0,"enemies":"Lagavulin","floor":7.0,"turns":6.0},{"damage":33.0,"enemies":"3 Sentries","floor":10.0,"turns":7.0},{"damage":3.0,"enemies":"Blue Slaver","floor":14.0,"turns":3.0},{"damage":10,"enemies":"Hexaghost","floor":16,"turns":9},{"damage":10,"enemies":"Shell Parasite","floor":18,"turns":4},{"damage":7,"enemies":"Chosen","floor":20,"turns":3},{"damage":14,"enemies":"Snake Plant","floor":21,"turns":3},{"damage":24,"enemies":"Shelled Parasite and Fungi","floor":24,"turns":4},{"damage":34,"enemies":"3 Cultists","floor":25,"turns":5},{"damage":8,"enemies":"Snake Plant","floor":28,"turns":1}],"seed_played":"-6294915473862566756","potions_obtained":[{"floor":0.0,"key":"Energy Potion"},{"floor":7.0,"key":"GamblersBrew"},{"floor":10.0,"key":"ColorlessPotion"},{"floor":16,"key":"SteroidPotion"},{"floor":21,"key":"SpeedPotion"},{"floor":24,"key":"ColorlessPotion"}],"is_trial":false,"path_per_floor":["M","?","$","M","M","R","E","R","T","E","?","R","$","M","R","B",null,"M","$","M","M","$","R","M","M","T","?","M"],"character_chosen":"THE_SILENT","items_purchased":["Bronze Scales","Footwork","Blade Dance","AttackPotion","Strength Potion"],"campfire_rested":4,"item_purchase_floors":[3,13,13,19,22],"current_hp_per_floor":[68,68,68,67,63,63,44,66,66,33,33,55,55,52,74,64,72,62,62,55,41,41,63,39,5,5,5,0,0],"gold":82,"neow_bonus":"BOSS_RELIC","is_daily":false,"chose_seed":false,"campfire_upgraded":1,"win_rate":0.0,"timestamp":1610060844,"path_taken":["M","?","$","?","M","R","E","R","T","E","?","R","$","M","R","BOSS","M","?","?","M","$","R","M","M","T","?","M"],"items_purchased_type":["Relic","Card","Card","Potion","Potion"],"build_version":"2020-12-22","purchased_purges":0,"victory":false,"max_hp_per_floor":[75,75,75,75,75,75,75,75,75,75,75,75,75,75,75,75,75,75,75,75,75,75,75,75,75,75,75,75,75],"relic_stats":{"Tough Bandages":[0],"counters":[13,57],"Bronze Scales":[157],"Blue Candle":[0],"Art of War":[0],"obtain_stats":[{"Potion Belt":26,"Tough Bandages":27,"Tiny House":0,"Ninja Scroll":9,"Bronze Scales":3,"Blue Candle":7,"Fusion Hammer":17,"Art of War":10,"Ring of the Snake":0},{"Potion Belt":12,"Tough Bandages":12,"Tiny House":0,"Ninja Scroll":4,"Bronze Scales":1,"Blue Candle":4,"Fusion Hammer":7,"Art of War":5,"Ring of the Snake":0},{"Potion Belt":56,"Tough Bandages":56,"Tiny House":0,"Ninja Scroll":18,"Bronze Scales":5,"Blue Candle":18,"Fusion Hammer":37,"Art of War":25,"Ring of the Snake":0}]},"card_choices":[{"not_picked":["Outmaneuver","Underhanded Strike"],"picked":"Flying Knee","floor":0.0},{"not_picked":["Distraction","Cloak And Dagger"],"picked":"Sucker Punch","floor":1.0},{"not_picked":["Sucker Punch","Cloak And Dagger"],"picked":"Poisoned Stab","floor":4.0},{"not_picked":["Calculated Gamble","Deadly Poison"],"picked":"Unload","floor":5.0},{"not_picked":["Dodge and Roll","Outmaneuver"],"picked":"Noxious Fumes","floor":7.0},{"not_picked":["Outmaneuver","Poisoned Stab"],"picked":"Dagger Spray","floor":10.0},{"not_picked":["Reflex","Dagger Spray"],"picked":"Cloak And Dagger","floor":14.0},{"not_picked":["Grand Finale","Die Die Die"],"picked":"Tools of the Trade","floor":16},{"not_picked":["Prepared+1","Outmaneuver"],"picked":"Terror","floor":18},{"not_picked":["Underhanded Strike","Dodge and Roll"],"picked":"Poisoned Stab+1","floor":20},{"not_picked":["Poisoned Stab","Dagger Spray"],"picked":"Dagger Throw","floor":21},{"not_picked":["Acrobatics","Footwork"],"picked":"Bullet Time","floor":24},{"not_picked":["Slice","Endless Agony"],"picked":"Masterful Stab","floor":25}],"player_experience":636674,"relics_obtained":[{"floor":7.0,"key":"Blue Candle"},{"floor":9.0,"key":"Ninja Scroll"},{"floor":10.0,"key":"Art of War"},{"floor":26,"key":"Potion Belt"}],"event_choices":[{"damage_healed":0.0,"max_hp_gain":0.0,"max_hp_loss":0.0,"gold_gain":0.0,"cards_transformed":["Strike_G"],"event_name":"Transmorgrifier","player_choice":"Transformed","floor":2.0,"gold_loss":0.0,"damage_taken":0.0,"cards_obtained":["Expertise"]},{"cards_removed":["Strike_G"],"damage_healed":0.0,"max_hp_gain":0.0,"max_hp_loss":0.0,"gold_gain":0.0,"event_name":"Purifier","player_choice":"Purged","floor":11.0,"gold_loss":0.0,"damage_taken":0.0},{"damage_healed":0,"gold_gain":0,"player_choice":"Obtained Relic","damage_taken":0,"relics_obtained":["Tough Bandages"],"max_hp_gain":0,"max_hp_loss":0,"event_name":"Addict","floor":27,"gold_loss":85}],"is_beta":false,"boss_relics":[{"not_picked":["Busted Crown","WristBlade"],"picked":"Fusion Hammer"}],"items_purged_floors":[],"is_endless":false,"potions_floor_spawned":[7,10,16,21,24,25],"killed_by":"Snake Plant","ascension_level":10}}