{"host":"pa9f0x1gh89g8gxw","time":1610009669,"event":{"mods":["BaseMod","Colored Powertips","Hubris","Infinite Spire","Minty Spire (QoL Compilation)","Replay The Spire","StSLib"],"gold_per_floor":[114,114,130,130,142,142,142,167,193,193,158,171,204,219,219,317,317,332,347,347,363,27,27,54,68,68,68,145,159,169,169,169,169,169],"floor_reached":33,"playtime":802,"items_purged":["Pain"],"score":291,"play_id":"b53741bf-6222-4e36-b146-52b8ad3853b4","local_time":"20210107195429","is_ascension_mode":true,"campfire_choices":[{"data":"ReplayGash","floor":6,"key":"SMITH"},{"data":"Electrodynamics","floor":15,"key":"SMITH"},{"data":"Hyperbeam","floor":23,"key":"SMITH"},{"data":"Chill","floor":27,"key":"SMITH"},{"floor":32,"key":"DIG"}],"circlet_count":0,"master_deck":["Strike_B","Strike_B","Defend_B","Defend_B","Defend_B","Defend_B","Zap+1","Dualcast+1","ReplayGash+1","Gash","Streamline+1","Electrodynamics+1","White Noise","Storm","Hyperbeam+1","White Noise","Chill+1","Glacier+1","BootSequence"],"relics":["FrozenCore","hubris:Towel","Tiny Chest","infinitespire:Freezer","Bottled Tornado","WarpedTongs","Carrot","hubris:CrystalStatue","hubris:Potato","infinitespire:CheckeredPen","hubris:TerracottaHorce","War Paint","hubris:SoftwareUpdate"],"acts_visited":["Exordium","TheCity"],"potions_floor_usage":[8,13,16,19,19,33,33],"damage_taken":[{"damage":0,"enemies":"Small Slimes","floor":1,"turns":3},{"damage":1,"enemies":"Jaw Worm","floor":3,"turns":2},{"damage":0,"enemies":"2 Louse","floor":5,"turns":2},{"damage":13,"enemies":"3 Sentries","floor":8,"turns":3},{"damage":3,"enemies":"2 Fungi Beasts","floor":12,"turns":3},{"damage":13,"enemies":"Gremlin Nob","floor":13,"turns":3},{"damage":14,"enemies":"Large Slime","floor":14,"turns":3},{"damage":34,"enemies":"Hexaghost","floor":16,"turns":9},{"damage":0,"enemies":"3 Byrds","floor":18,"turns":2},{"damage":5,"enemies":"Chosen","floor":19,"turns":4},{"damage":21,"enemies":"Snake Plant","floor":21,"turns":4},{"damage":8,"enemies":"Gremlin Leader","floor":24,"turns":4},{"damage":0,"enemies":"Centurion and Healer","floor":25,"turns":2},{"damage":0,"enemies":"3 Cultists","floor":29,"turns":3},{"damage":9,"enemies":"Snecko","floor":30,"turns":3},{"damage":41,"enemies":"Champ","floor":33,"turns":5}],"seed_played":"-2477250539202487690","potions_obtained":[{"floor":1,"key":"DistilledChaos"},{"floor":3,"key":"SkillPotion"},{"floor":12,"key":"Strength Potion"},{"floor":13,"key":"Block Potion"},{"floor":18,"key":"FocusPotion"},{"floor":19,"key":"Milkshake"},{"floor":30,"key":"EssenceOfSteel"}],"is_trial":false,"path_per_floor":["M","?","M","?","M","R","?","E","T","?","?","M","E","M","R","B",null,"M","M","?","M","$","R","E","M","T","R","T","M","M","AVR","R","B"],"character_chosen":"DEFECT","items_purchased":["Carrot"],"campfire_rested":0,"item_purchase_floors":[22],"current_hp_per_floor":[75,75,74,67,67,67,67,54,54,54,72,69,56,42,42,8,75,75,70,70,49,49,49,41,41,41,41,41,41,32,32,32,0,0],"gold":169,"neow_bonus":"UPGRADE_CARD","is_daily":false,"chose_seed":false,"campfire_upgraded":4,"win_rate":0.0,"timestamp":1610009669,"path_taken":["M","?","M","?","?","R","?","E","T","?","?","M","E","M","R","BOSS","M","M","?","M","$","R","E","M","T","R","?","M","?","AVR","R","BOSS"],"items_purchased_type":["Relic"],"build_version":"2020-12-22","purchased_purges":1,"victory":false,"max_hp_per_floor":[75,75,75,75,75,75,75,75,75,75,75,75,75,75,75,75,75,75,75,75,75,75,75,75,75,75,75,75,75,75,75,75,75,75],"card_choices":[{"not_picked":["BasicCrystalCard","Rebound"],"picked":"ReplayGash","floor":1},{"not_picked":["Panic Button","Compile Driver","Leap"],"picked":"SKIP","floor":3},{"not_picked":["ReplayTheSpireMod:Calculation Training","Panic Button"],"picked":"Gash","floor":5},{"not_picked":["Streamline","Panic Button"],"picked":"Electrodynamics","floor":8},{"not_picked":["Streamline","Barrage"],"picked":"White Noise","floor":12},{"not_picked":["Coolheaded","Skim"],"picked":"Storm","floor":13},{"not_picked":["Coolheaded","Hologram","BasicCrystalCard"],"picked":"SKIP","floor":14},{"not_picked":["Electrodynamics","Biased Cognition"],"picked":"Hyperbeam","floor":16},{"not_picked":["Barrage+1","Rebound"],"picked":"White Noise","floor":18},{"not_picked":["Panic Button","Turbo"],"picked":"Chill","floor":19},{"not_picked":["Stack","ReplaySolidLightProjector","Cold Snap"],"picked":"SKIP","floor":21},{"not_picked":["ReplayRNGCard","Beam Cell"],"picked":"Glacier","floor":24},{"not_picked":["Turbo","Leap+1"],"picked":"BootSequence","floor":25},{"not_picked":["hubris:DoWhile","Hologram","Cold Snap"],"picked":"SKIP","floor":29},{"not_picked":["Coolheaded","Turbo","Barrage"],"picked":"SKIP","floor":30}],"player_experience":466368,"relics_obtained":[{"floor":8,"key":"Tiny Chest"},{"floor":9,"key":"infinitespire:Freezer"},{"floor":13,"key":"Bottled Tornado"},{"floor":24,"key":"hubris:CrystalStatue"},{"floor":26,"key":"hubris:Potato"},{"floor":28,"key":"infinitespire:CheckeredPen"},{"floor":32,"key":"hubris:SoftwareUpdate"}],"event_choices":[{"cards_removed":["Strike_B"],"damage_healed":0,"gold_gain":0,"player_choice":"Card Removal","damage_taken":7,"max_hp_gain":0,"max_hp_loss":0,"event_name":"Golden Wing","floor":4,"gold_loss":0},{"damage_healed":18,"gold_gain":0,"player_choice":"Healed","damage_taken":0,"max_hp_gain":0,"max_hp_loss":0,"event_name":"The Cleric","floor":11,"gold_loss":35},{"damage_healed":0,"gold_gain":0,"player_choice":"Rummage","damage_taken":0,"relics_obtained":["WarpedTongs"],"max_hp_gain":0,"max_hp_loss":0,"event_name":"Accursed Blacksmith","floor":20,"gold_loss":0,"cards_obtained":["Pain"]}],"is_beta":false,"boss_relics":[{"not_picked":["Pandora\u0027s Box","SacredBark"],"picked":"FrozenCore"}],"items_purged_floors":[22],"is_endless":false,"potions_floor_spawned":[1,3,12,13,18,19,30],"killed_by":"Champ","ascension_level":1}}