{"host":"93mson5lmjgzj0ai","time":1610044523,"event":{"mods":["AchievementEnabler","BaseMod","Conspire","Hubris","Infinite Spire","Minty Spire (QoL Compilation)","Shop Mod","StSLib","SuperFastMode","The Construct"],"gold_per_floor":[112,122,137,137,4,4,4,30,30,46,73,73,87,102,102,200,200,219,144,158,171,171,171,206,226,226,255,255,255,280,280,280,378,378,389,406,6,16,61,61,87,87,87,27,47,47,47,347,347,347],"floor_reached":51,"playtime":1722,"items_purged":["Defend_G","Defend_G","Strike_G"],"score":1018,"play_id":"b1881713-5c52-4715-b2c5-09fde50b3e3e","local_time":"20210107193523","is_ascension_mode":false,"campfire_choices":[{"data":"Discovery","floor":6.0,"key":"SMITH"},{"data":"Terror","floor":12.0,"key":"SMITH"},{"data":"Neutralize","floor":15.0,"key":"SMITH"},{"data":"Infinite Blades","floor":23.0,"key":"SMITH"},{"data":"Venomology","floor":28.0,"key":"SMITH"},{"data":"Adrenaline","floor":32.0,"key":"SMITH"},{"data":"Burst","floor":40,"key":"SMITH"},{"data":"Adrenaline","floor":47,"key":"SMITH"},{"floor":49,"key":"REST"}],"circlet_count":0,"master_deck":["Strike_G","Strike_G","Strike_G","Strike_G","Defend_G","Defend_G","Defend_G","Survivor","Neutralize+1","Dagger Spray","Masterful Stab","Terror+1","Discovery+1","Masterful Stab","Masterful Stab","Adrenaline+1","Escape Plan","Infinite Blades+1","Adrenaline+1","Distraction+1","Leg Sweep+1","Venomology+1","Acrobatics+1","Burst+1","Backstab+1","Blade Dance+1","Dodge and Roll","hubris:SlightOfHand+1"],"relics":["Ring of the Snake","NeowsBlessing","hubris:Towel","Juzu Bracelet","infinitespire:CheckeredPen","Oddly Smooth Stone","conspire:SpecialSausage","hubris:Potato","infinitespire:WardingShard","conspire:TopHat","Happy Flower","conspire:GlowingRock","MutagenicStrength","hubris:Backtick","Gremlin Horn","Thread and Needle","Incense Burner","hubris:PeanutButter","WarpedTongs","hubris:TinFlute","hubris:NiceRug","Gambling Chip","Lantern","Toolbox"],"acts_visited":["Exordium","TheCity","TheBeyond"],"potions_floor_usage":[38,38,38,38,41,41,45,48,48,48,50,50],"damage_taken":[{"damage":0.0,"enemies":"Cultist","floor":1.0,"turns":1.0},{"damage":0.0,"enemies":"Small Slimes","floor":2.0,"turns":1.0},{"damage":0.0,"enemies":"Jaw Worm","floor":3.0,"turns":1.0},{"damage":11.0,"enemies":"Gremlin Nob","floor":8.0,"turns":3.0},{"damage":0.0,"enemies":"Exordium Wildlife","floor":10.0,"turns":2.0},{"damage":4.0,"enemies":"3 Sentries","floor":11.0,"turns":5.0},{"damage":0.0,"enemies":"3 Louse","floor":13.0,"turns":1.0},{"damage":0.0,"enemies":"2 Fungi Beasts","floor":14.0,"turns":2.0},{"damage":0.0,"enemies":"Slime Boss","floor":16.0,"turns":4.0},{"damage":0.0,"enemies":"Shell Parasite","floor":18.0,"turns":3.0},{"damage":1.0,"enemies":"2 Thieves","floor":20.0,"turns":2.0},{"damage":0.0,"enemies":"Shelled Parasite and Fungi","floor":21.0,"turns":2.0},{"damage":8.0,"enemies":"Slavers","floor":24.0,"turns":4.0},{"damage":5.0,"enemies":"Snake Plant","floor":25.0,"turns":3.0},{"damage":0.0,"enemies":"conspire:Head Lice","floor":27.0,"turns":3.0},{"damage":0.0,"enemies":"conspire:SneckoGhost","floor":30.0,"turns":3.0},{"damage":9.0,"enemies":"hubris:MusketHawk","floor":33.0,"turns":7.0},{"damage":0.0,"enemies":"3 Darklings","floor":35.0,"turns":3.0},{"damage":0.0,"enemies":"Orb Walker","floor":36.0,"turns":2.0},{"damage":0,"enemies":"Writhing Mass","floor":38,"turns":2},{"damage":0,"enemies":"2 Orb Walkers","floor":39,"turns":3},{"damage":2,"enemies":"Nemesis","floor":41,"turns":3},{"damage":0,"enemies":"Spire Growth","floor":45,"turns":2},{"damage":29,"enemies":"hubris:Merchant","floor":48,"turns":5},{"damage":0,"enemies":"infinitespire:MassOfShapes","floor":50,"turns":7}],"seed_played":"2817906359658944284","potions_obtained":[{"floor":2.0,"key":"DistilledChaos"},{"floor":3.0,"key":"Weak Potion"},{"floor":13.0,"key":"FearPotion"},{"floor":14.0,"key":"SmokeBomb"},{"floor":16.0,"key":"LiquidBronze"},{"floor":21.0,"key":"LiquidMemories"},{"floor":24.0,"key":"EntropicBrew"},{"floor":30.0,"key":"FearPotion"},{"floor":33.0,"key":"EntropicBrew"},{"floor":35.0,"key":"SpeedPotion"},{"floor":41,"key":"BlessingOfTheForge"},{"floor":48,"key":"ColorlessPotion"},{"floor":48,"key":"Energy Potion"},{"floor":48,"key":"ColorlessPotion"}],"is_trial":false,"path_per_floor":["M","M","M","?","$","R","?","E","T","M","E","R","M","M","R","B",null,"M","$","M","M","AVR","R","E","M","T","E","R","?","E","?","R","B",null,"M","M","$","M","?","R","E","?","T","?","M","?","R","$","R","B",null],"character_chosen":"THE_SILENT","items_purchased":["Terror","Discovery","Thread and Needle"],"campfire_rested":1,"item_purchase_floors":[5,5,37],"current_hp_per_floor":[70,70,70,70,70,70,70,59,59,59,55,55,55,55,55,55,70,70,70,69,69,69,69,61,56,56,56,56,43,43,43,43,34,75,75,75,75,75,75,75,73,73,73,73,73,73,73,44,66,66],"gold":347,"neow_bonus":"THREE_ENEMY_KILL","is_daily":false,"chose_seed":false,"campfire_upgraded":8,"win_rate":0.0,"timestamp":1610044523,"path_taken":["M","?","M","?","$","R","?","E","T","M","E","R","M","M","R","BOSS","M","$","M","M","AVR","R","E","M","T","E","R","?","E","?","R","BOSS","M","M","$","M","?","R","E","?","T","?","M","?","R","$","R","BOSS"],"items_purchased_type":["Card","Card","Relic"],"build_version":"2020-12-22","purchased_purges":3,"victory":true,"max_hp_per_floor":[70,70,70,70,70,70,70,70,70,70,70,70,70,70,70,70,70,70,70,70,70,70,70,70,70,70,70,70,75,75,75,75,75,75,75,75,75,75,75,75,75,75,75,75,75,75,75,75,75,75],"card_choices":[{"not_picked":["Backflip","Bouncing Flask","Expertise"],"picked":"SKIP","floor":1.0},{"not_picked":["Flying Knee","PiercingWail"],"picked":"Dagger Spray","floor":2.0},{"not_picked":["hubris:TrickCloak","Endless Agony"],"picked":"Masterful Stab","floor":3.0},{"not_picked":["Choke","Deadly Poison"],"picked":"Masterful Stab","floor":8.0},{"not_picked":["All Out Attack","Deadly Poison"],"picked":"Masterful Stab","floor":10.0},{"not_picked":["Doppelganger","conspire:DoublingDagger"],"picked":"Adrenaline","floor":11.0},{"not_picked":["Dagger Spray","Dodge and Roll"],"picked":"Escape Plan","floor":13.0},{"not_picked":["Noxious Fumes","Escape Plan"],"picked":"Infinite Blades","floor":14.0},{"not_picked":["Night Terror","Tools of the Trade"],"picked":"Adrenaline","floor":16.0},{"not_picked":["Endless Agony","hubris:SlightOfHand","Quick Slash"],"picked":"SKIP","floor":18.0},{"not_picked":["Deadly Poison","hubris:SlightOfHand"],"picked":"Distraction+1","floor":20.0},{"not_picked":["Escape Plan","Choke"],"picked":"Leg Sweep+1","floor":21.0},{"not_picked":["Backflip","Flechettes"],"picked":"Venomology","floor":24.0},{"not_picked":["Flying Knee+1","Slice+1","Deflect"],"picked":"SKIP","floor":25.0},{"not_picked":["Quick Slash","Riddle With Holes","Flying Knee"],"picked":"SKIP","floor":27.0},{"not_picked":["Endless Agony+1","Dagger Spray"],"picked":"Acrobatics+1","floor":30.0},{"not_picked":["After Image","infinitespire:Neurotoxin"],"picked":"Burst","floor":33.0},{"not_picked":["Infinite Blades","Acrobatics+1"],"picked":"Backstab+1","floor":35.0},{"not_picked":["Underhanded Strike","Prepared","Flying Knee"],"picked":"SKIP","floor":36.0},{"not_picked":["Dagger Throw+1","Heel Hook","Outmaneuver"],"picked":"SKIP","floor":38},{"not_picked":["Underhanded Strike+1","Outmaneuver"],"picked":"Blade Dance+1","floor":39},{"not_picked":["Wraith Form v2","Blur+1"],"picked":"Dodge and Roll","floor":41},{"not_picked":["Deadly Poison+1","Calculated Gamble+1"],"picked":"hubris:SlightOfHand+1","floor":45},{"not_picked":["Choke"],"picked":"SKIP","floor":48},{"not_picked":["Unload"],"picked":"SKIP","floor":48},{"not_picked":["hubris:SlightOfHand"],"picked":"SKIP","floor":48},{"not_picked":["PiercingWail"],"picked":"SKIP","floor":48},{"not_picked":["Well Laid Plans"],"picked":"SKIP","floor":48},{"not_picked":["Jack Of All Trades"],"picked":"SKIP","floor":48},{"not_picked":["Chrysalis"],"picked":"SKIP","floor":48}],"player_experience":8392,"relics_obtained":[{"floor":8.0,"key":"Juzu Bracelet"},{"floor":9.0,"key":"infinitespire:CheckeredPen"},{"floor":11.0,"key":"Oddly Smooth Stone"},{"floor":24.0,"key":"infinitespire:WardingShard"},{"floor":26.0,"key":"conspire:TopHat"},{"floor":27.0,"key":"Happy Flower"},{"floor":30.0,"key":"conspire:GlowingRock"},{"floor":39,"key":"Incense Burner"},{"floor":41,"key":"hubris:PeanutButter"},{"floor":43,"key":"hubris:TinFlute"},{"floor":48,"key":"Gambling Chip"},{"floor":48,"key":"Lantern"},{"floor":48,"key":"Toolbox"}],"event_choices":[{"damage_healed":0.0,"max_hp_gain":0.0,"max_hp_loss":0.0,"gold_gain":0.0,"event_name":"conspire:Investor","player_choice":"Leave","floor":7.0,"gold_loss":0.0,"damage_taken":0.0},{"damage_healed":0.0,"max_hp_gain":5.0,"max_hp_loss":0.0,"gold_gain":0.0,"event_name":"Forgotten Altar","player_choice":"Shed Blood","floor":29.0,"gold_loss":0.0,"damage_taken":18.0},{"damage_healed":0.0,"max_hp_gain":0.0,"max_hp_loss":0.0,"gold_gain":0.0,"event_name":"Drug Dealer","player_choice":"Inject Mutagens","floor":31.0,"gold_loss":0.0,"damage_taken":0.0,"relics_obtained":["MutagenicStrength"]},{"damage_healed":0,"gold_gain":0,"player_choice":"Fight","damage_taken":0,"max_hp_gain":0,"max_hp_loss":0,"event_name":"Mysterious Sphere","floor":39,"gold_loss":0},{"damage_healed":0,"gold_gain":0,"player_choice":"Rummage","damage_taken":0,"relics_obtained":["WarpedTongs"],"max_hp_gain":0,"max_hp_loss":0,"event_name":"Accursed Blacksmith","floor":42,"gold_loss":0,"cards_obtained":["Pain"]},{"cards_removed":["Pain"],"damage_healed":0,"gold_gain":0,"player_choice":"Single Remove","damage_taken":0,"max_hp_gain":0,"max_hp_loss":0,"event_name":"Designer","floor":44,"gold_loss":60},{"damage_healed":0,"gold_gain":0,"player_choice":"0 cards matched","damage_taken":0,"max_hp_gain":0,"max_hp_loss":0,"event_name":"Match and Keep!","floor":46,"gold_loss":0,"cards_obtained":[]}],"is_beta":false,"boss_relics":[{"not_picked":["Cursed Key","infinitespire:Cupcake"],"picked":"conspire:SpecialSausage"},{"not_picked":["hubris:BlackHole","Busted Crown"],"picked":"hubris:Backtick"}],"items_purged_floors":[19,22,37],"is_endless":false,"potions_floor_spawned":[2,3,13,14,16,21,24,30,33,35,39,41],"ascension_level":0}}