{"host":"93mson5lmjgzj0ai","time":1610053680,"event":{"mods":["AchievementEnabler","BaseMod","Conspire","Hubris","Infinite Spire","Minty Spire (QoL Compilation)","Shop Mod","StSLib","SuperFastMode","The Construct"],"gold_per_floor":[110,110,129,155,170,170,170,95,95,120,120,148,13,30,30,126,126,144,504,404,420,51,79,79,114,189,222,222,142,142,157,157,261,261,272,77,77,88,108,133,153,178,178,212,212,229,376,427,427,427],"floor_reached":51,"playtime":1430,"items_purged":["Pain","Strike_R","Strike_R","Defend_R"],"score":1111,"play_id":"944d5fe2-ec15-4ec8-885e-fc7fa96e9088","local_time":"20210107220800","is_ascension_mode":true,"campfire_choices":[{"data":"Bash","floor":6.0,"key":"SMITH"},{"data":"infinitespire:Collect","floor":11.0,"key":"SMITH"},{"data":"Rampage","floor":15.0,"key":"SMITH"},{"data":"Double Tap","floor":32,"key":"SMITH"},{"data":"Brutality","floor":49,"key":"SMITH"}],"circlet_count":0,"master_deck":["Strike_R+1","Strike_R+1","Strike_R+1","Defend_R+1","Defend_R","Bash+1","Cleave","Pommel Strike","Limit Break+1","Dropkick+1","Rampage+1","Brutality+1","conspire:Banana+1","Double Tap+1","hubris:DuctTapeCard","Dual Wield+1","Limit Break+1","Flex+1","Warcry+1","Thunderclap+1","Dropkick","Secret Technique"],"relics":["Burning Blood","NeowsBlessing","WarpedTongs","hubris:Potato","hubris:CrystalStatue","construct:RocketBooster","MawBank","ClockworkSouvenir","hubris:Backtick","Gremlin Horn","Omamori","conspire:DecoderRing","hubris:Towel","hubris:DuctTape","hubris:MysteriousPyramids","Orichalcum","Pantograph","Bag of Marbles","conspire:RunicOctahedron","conspire:TreasureMap","War Paint","Lantern","Pen Nib","Bag of Preparation","Brimstone","hubris:NiceRug","CaptainsWheel","Champion Belt","hubris:MedicalManual"],"acts_visited":["Exordium","TheCity","TheBeyond"],"potions_floor_usage":[35,41,47,47,48],"damage_taken":[{"damage":0.0,"enemies":"Cultist","floor":1.0,"turns":1.0},{"damage":0.0,"enemies":"2 Louse","floor":3.0,"turns":1.0},{"damage":0.0,"enemies":"conspire:MimicChest","floor":4.0,"turns":1.0},{"damage":4.0,"enemies":"Jaw Worm","floor":5.0,"turns":3.0},{"damage":15.0,"enemies":"Lagavulin","floor":10.0,"turns":4.0},{"damage":0.0,"enemies":"Gremlin Nob","floor":12.0,"turns":2.0},{"damage":1.0,"enemies":"Red Slaver","floor":14.0,"turns":3.0},{"damage":28.0,"enemies":"Hexaghost","floor":16.0,"turns":6.0},{"damage":6.0,"enemies":"2 Thieves","floor":18.0,"turns":3.0},{"damage":4.0,"enemies":"Chosen","floor":21.0,"turns":3.0},{"damage":17.0,"enemies":"Gremlin Leader","floor":23.0,"turns":5.0},{"damage":27.0,"enemies":"Slavers","floor":25.0,"turns":3.0},{"damage":26.0,"enemies":"Gremlin Leader","floor":27.0,"turns":4.0},{"damage":0,"enemies":"Snake Plant","floor":31,"turns":1},{"damage":15,"enemies":"Collector","floor":33,"turns":5},{"damage":23,"enemies":"3 Darklings","floor":35,"turns":3},{"damage":0,"enemies":"3 Shapes","floor":38,"turns":1},{"damage":10,"enemies":"Maw","floor":39,"turns":5},{"damage":0,"enemies":"Reptomancer","floor":40,"turns":1},{"damage":5,"enemies":"Sphere and 2 Shapes","floor":41,"turns":3},{"damage":12,"enemies":"Giant Head","floor":42,"turns":4},{"damage":12,"enemies":"Nemesis","floor":44,"turns":3},{"damage":5,"enemies":"Jaw Worm Horde","floor":46,"turns":3},{"damage":54,"enemies":"hubris:Merchant","floor":47,"turns":3},{"damage":0,"enemies":"2 Orb Walkers","floor":48,"turns":2},{"damage":0,"enemies":"conspire:OrnateMirror","floor":50,"turns":1}],"seed_played":"-6402844849805447945","potions_obtained":[{"floor":1.0,"key":"SteroidPotion"},{"floor":4.0,"key":"Explosive Potion"},{"floor":14.0,"key":"ColorlessPotion"},{"floor":16.0,"key":"EntropicBrew"},{"floor":21.0,"key":"CultistPotion"},{"floor":31,"key":"EssenceOfSteel"},{"floor":35,"key":"DuplicationPotion"},{"floor":40,"key":"Explosive Potion"},{"floor":41,"key":"BloodPotion"},{"floor":42,"key":"Dexterity Potion"},{"floor":47,"key":"BloodPotion"},{"floor":47,"key":"SteroidPotion"},{"floor":48,"key":"SkillPotion"}],"is_trial":false,"path_per_floor":["M","?","M","?","M","R","?","$","T","E","R","E","$","M","R","B",null,"M","?","$","M","$","E","?","E","T","E","?","$","AVR","M","R","B",null,"M","$","?","M","M","E","M","E","T","E","?","M","$","?","R","B",null],"character_chosen":"IRONCLAD","items_purchased":["ClockworkSouvenir","conspire:Banana","Omamori","Double Tap","conspire:TreasureMap","Flex","Brimstone"],"campfire_rested":0,"item_purchase_floors":[13,22,22,29,36,36,47],"current_hp_per_floor":[80,80,80,80,80,80,59,59,59,50,50,56,56,61,61,39,80,80,44,44,46,46,54,54,34,34,15,15,15,15,22,22,39,86,71,71,71,78,75,82,84,79,79,74,74,77,69,97,97,102],"gold":427,"neow_bonus":"THREE_ENEMY_KILL","is_daily":false,"chose_seed":false,"campfire_upgraded":5,"win_rate":0.0,"timestamp":1610053680,"path_taken":["M","?","?","?","?","R","?","?","T","E","R","E","$","M","R","BOSS","M","?","$","?","$","E","?","E","T","E","?","?","AVR","M","R","BOSS","M","$","?","M","M","E","M","E","T","E","?","M","$","?","R","BOSS"],"items_purchased_type":["Relic","Card","Relic","Card","Relic","Card","Relic"],"build_version":"2020-12-22","purchased_purges":4,"victory":true,"max_hp_per_floor":[80,80,80,80,80,80,80,80,80,80,80,80,80,80,80,80,80,80,80,80,80,80,82,82,83,83,84,84,84,84,85,85,86,86,88,88,88,89,90,91,92,93,93,94,94,96,98,100,100,102],"card_choices":[{"not_picked":["Flex","Twin Strike","Cleave"],"picked":"SKIP","floor":1.0},{"not_picked":["Flex","Twin Strike"],"picked":"Cleave","floor":1.0},{"not_picked":["Dark Embrace","Combust","Flame Barrier"],"picked":"SKIP","floor":3.0},{"not_picked":["Clothesline","Headbutt"],"picked":"Pommel Strike","floor":5.0},{"not_picked":["infinitespire:Starlight","infinitespire:Punishment"],"picked":"infinitespire:Collect","floor":7.0},{"not_picked":["Second Wind","Uppercut"],"picked":"Limit Break","floor":10.0},{"not_picked":["Armaments","Clothesline"],"picked":"Dropkick","floor":12.0},{"not_picked":["Twin Strike","Body Slam"],"picked":"Rampage","floor":14.0},{"not_picked":["Demon Form","conspire:HitWhereItHurts"],"picked":"Brutality","floor":16.0},{"not_picked":["Headbutt","Burning Pact+1"],"picked":"Flex","floor":18.0},{"not_picked":["Pommel Strike","Dual Wield","Blood for Blood"],"picked":"SKIP","floor":21.0},{"not_picked":["Berserk","Clash","Seeing Red"],"picked":"SKIP","floor":23.0},{"not_picked":["Shrug It Off","Twin Strike+1","Body Slam"],"picked":"SKIP","floor":25.0},{"not_picked":["Perfected Strike","Reckless Charge","Twin Strike+1"],"picked":"SKIP","floor":27.0},{"not_picked":["Feed","Dark Embrace"],"picked":"Dual Wield+1","floor":31},{"not_picked":["Feed","Fiend Fire"],"picked":"Limit Break","floor":33},{"not_picked":["Hemokinesis","Twin Strike","Rupture"],"picked":"SKIP","floor":35},{"not_picked":["Clothesline","hubris:CleavingFinish"],"picked":"Warcry+1","floor":38},{"not_picked":["Iron Wave","conspire:Charge+1","Shrug It Off+1"],"picked":"SKIP","floor":39},{"not_picked":["Iron Wave","Spot Weakness+1"],"picked":"Thunderclap+1","floor":40},{"not_picked":["Heavy Blade","Battle Trance+1","Rampage+1"],"picked":"SKIP","floor":41},{"not_picked":["Twin Strike","Shrug It Off","True Grit"],"picked":"SKIP","floor":42},{"not_picked":["Sword Boomerang","Clothesline+1","Disarm"],"picked":"SKIP","floor":44},{"not_picked":["Cleave+1","conspire:Charge","Pommel Strike+1"],"picked":"SKIP","floor":46},{"not_picked":[],"picked":"Dropkick","floor":47},{"not_picked":[],"picked":"Secret Technique","floor":47},{"not_picked":["Sword Boomerang"],"picked":"SKIP","floor":47},{"not_picked":["Shrug It Off"],"picked":"SKIP","floor":47},{"not_picked":["Flex"],"picked":"SKIP","floor":47},{"not_picked":["Combust"],"picked":"SKIP","floor":47},{"not_picked":["Mind Blast"],"picked":"SKIP","floor":47}],"player_experience":16631,"relics_obtained":[{"floor":4.0,"key":"hubris:Potato"},{"floor":9.0,"key":"hubris:CrystalStatue"},{"floor":10.0,"key":"construct:RocketBooster"},{"floor":12.0,"key":"MawBank"},{"floor":23.0,"key":"conspire:DecoderRing"},{"floor":25.0,"key":"hubris:DuctTape"},{"floor":26.0,"key":"hubris:MysteriousPyramids"},{"floor":27.0,"key":"Orichalcum"},{"floor":40,"key":"War Paint"},{"floor":42,"key":"Lantern"},{"floor":43,"key":"Pen Nib"},{"floor":44,"key":"Bag of Preparation"},{"floor":47,"key":"CaptainsWheel"},{"floor":47,"key":"Champion Belt"},{"floor":48,"key":"hubris:MedicalManual"}],"event_choices":[{"damage_healed":0.0,"max_hp_gain":0.0,"max_hp_loss":0.0,"gold_gain":0.0,"event_name":"Accursed Blacksmith","player_choice":"Rummage","floor":2.0,"gold_loss":0.0,"damage_taken":0.0,"relics_obtained":["WarpedTongs"],"cards_obtained":["Pain"]},{"damage_healed":0.0,"max_hp_gain":0.0,"max_hp_loss":0.0,"gold_gain":360.0,"event_name":"Knowing Skull","player_choice":"GOLD GOLD GOLD GOLD ","floor":19.0,"potions_obtained":[],"gold_loss":0.0,"damage_taken":36.0,"cards_obtained":[]},{"damage_healed":0.0,"max_hp_gain":0.0,"max_hp_loss":0.0,"gold_gain":0.0,"event_name":"Addict","player_choice":"Stole Relic","floor":28.0,"gold_loss":0.0,"damage_taken":0.0,"relics_obtained":["Pantograph"],"cards_obtained":["Shame"]},{"cards_removed":["Defend_R"],"damage_healed":0,"gold_gain":0,"player_choice":"Removed Skill","damage_taken":0,"max_hp_gain":0,"max_hp_loss":0,"event_name":"Falling","floor":37,"gold_loss":0},{"damage_healed":0,"gold_gain":0,"player_choice":"Fight","damage_taken":0,"max_hp_gain":0,"max_hp_loss":0,"event_name":"Mysterious Sphere","floor":48,"gold_loss":0}],"is_beta":false,"boss_relics":[{"not_picked":["Tiny House","infinitespire:Burning Sword"],"picked":"hubris:Backtick"},{"not_picked":["conspire:SeveredTorchhead","Runic Dome"],"picked":"conspire:RunicOctahedron"}],"items_purged_floors":[8,20,22,30],"is_endless":false,"potions_floor_spawned":[1,4,14,16,21,31,35,40,41,42,48],"ascension_level":2}}