{"host":"f8toxsj3bk02pkeu","time":1610030384,"event":{"mods":["BaseMod","Minty Spire (QoL Compilation)","Permanent Neow","Quick Restart","StSLib","SuperFastMode"],"gold_per_floor":[115,115,80,98,108,135,135,167,191,203,247,262,421,464,464,464,464],"floor_reached":16,"playtime":1972,"items_purged":[],"score":260,"play_id":"6aaf8d37-14e3-476c-ae34-0a9425282c52","local_time":"20210107073944","is_ascension_mode":true,"campfire_choices":[{"data":"Rampage","floor":7,"key":"SMITH"},{"data":"Juggernaut","floor":15,"key":"SMITH"}],"circlet_count":0,"master_deck":["AscendersBane","Strike_R","Strike_R","Strike_R","Strike_R","Strike_R","Defend_R+1","Defend_R","Defend_R","Defend_R+1","Bash","Rampage+1","Ghostly Armor","Pommel Strike","Double Tap","Shrug It Off","Pommel Strike","Juggernaut+1","Doubt","True Grit"],"relics":["Burning Blood","PreservedInsect","War Paint","Tiny Chest","Boot","Toy Ornithopter","CeramicFish","Blood Vial"],"acts_visited":["Exordium"],"potions_floor_usage":[6,11,14],"damage_taken":[{"damage":31,"enemies":"Jaw Worm","floor":1,"turns":6},{"damage":1,"enemies":"2 Louse","floor":4,"turns":4},{"damage":0,"enemies":"Small Slimes","floor":5,"turns":5},{"damage":17,"enemies":"Lagavulin","floor":6,"turns":9},{"damage":11,"enemies":"3 Sentries","floor":8,"turns":8},{"damage":1,"enemies":"2 Fungi Beasts","floor":10,"turns":4},{"damage":8,"enemies":"Lagavulin","floor":11,"turns":7},{"damage":5,"enemies":"Blue Slaver","floor":12,"turns":4},{"damage":32,"enemies":"3 Sentries","floor":14,"turns":9},{"damage":45,"enemies":"Hexaghost","floor":16,"turns":9}],"seed_played":"-7517569791546471024","potions_obtained":[{"floor":1,"key":"SkillPotion"},{"floor":6,"key":"Weak Potion"},{"floor":12,"key":"BloodPotion"}],"is_trial":false,"path_per_floor":["M","?","?","M","M","E","R","E","T","M","E","M","?","E","R","B"],"character_chosen":"IRONCLAD","items_purchased":[],"campfire_rested":0,"item_purchase_floors":[],"current_hp_per_floor":[43,25,43,48,54,43,43,38,38,43,46,47,47,41,41,0,0],"gold":464,"neow_bonus":"RANDOM_COMMON_RELIC","is_daily":false,"chose_seed":false,"campfire_upgraded":2,"win_rate":0.0,"timestamp":1610030384,"path_taken":["M","?","?","M","M","E","R","E","T","M","E","M","?","E","R","BOSS"],"items_purchased_type":[],"build_version":"2020-12-22","purchased_purges":0,"victory":false,"max_hp_per_floor":[75,75,75,75,75,75,75,75,75,75,75,75,75,75,75,75,75],"card_choices":[{"not_picked":["Inflame","Clash"],"picked":"Rampage","floor":1},{"not_picked":["Bloodletting","Clash"],"picked":"Ghostly Armor","floor":4},{"not_picked":["Flame Barrier","Heavy Blade"],"picked":"Pommel Strike","floor":5},{"not_picked":["Bloodletting","Seeing Red"],"picked":"Double Tap","floor":6},{"not_picked":["Wild Strike","Clash"],"picked":"Shrug It Off","floor":8},{"not_picked":["Cleave","Shockwave"],"picked":"Pommel Strike","floor":10},{"not_picked":["Bloodletting","Sword Boomerang"],"picked":"Juggernaut","floor":11},{"not_picked":["Anger","Sword Boomerang","Havoc"],"picked":"SKIP","floor":12},{"not_picked":["Wild Strike","Dark Embrace"],"picked":"True Grit","floor":14}],"player_experience":956857,"relics_obtained":[{"floor":6,"key":"Tiny Chest"},{"floor":8,"key":"Boot"},{"floor":9,"key":"Toy Ornithopter"},{"floor":11,"key":"CeramicFish"},{"floor":14,"key":"Blood Vial"}],"event_choices":[{"damage_healed":0,"gold_gain":0,"player_choice":"Success","damage_taken":18,"relics_obtained":["War Paint"],"max_hp_gain":0,"max_hp_loss":0,"event_name":"Scrap Ooze","floor":2,"gold_loss":0},{"damage_healed":18,"gold_gain":0,"player_choice":"Healed","damage_taken":0,"max_hp_gain":0,"max_hp_loss":0,"event_name":"The Cleric","floor":3,"gold_loss":35},{"damage_healed":0,"gold_gain":150,"player_choice":"AGREE","damage_taken":0,"max_hp_gain":0,"max_hp_loss":0,"event_name":"Liars Game","floor":13,"gold_loss":0,"cards_obtained":["Doubt"]}],"is_beta":false,"boss_relics":[],"items_purged_floors":[],"is_endless":false,"potions_floor_spawned":[1,6,12],"killed_by":"Hexaghost","ascension_level":20}}