{"host":"d107yck46y3a78tv","time":1610043411,"event":{"mods":["ATMod(°¢èªMod)","Act Like it!","Aspiration","Bard","BaseMod","CapriCore","Colored Map","Gensokyo","Marisa£¨ìFÓê¡¡Ä§ÀíÉ³£©","Minty Spire (QoL Compilation)","Quick Restart","Relic Stats","StSLib","The Runesmith","The Servant 0.9.4"],"gold_per_floor":[114,125,26,42,352,352,352,352],"floor_reached":7,"playtime":475,"items_purged":[],"score":43,"play_id":"11fbde8e-12f5-4bea-907c-6b0e46698597","local_time":"20210108021651","is_ascension_mode":false,"campfire_choices":[{"data":"Luminosity","floor":6.0,"key":"SMITH"}],"circlet_count":0,"master_deck":["Strike_S","Strike_S","Strike_S","Strike_S","Defend_S","Defend_S","Defend_S","Defend_S","KidneyShot","Exchange","Rearm","Gensokyo:BlemishedSteel","Luminosity+1"],"relics":["Uniform","AT_ATBox"],"acts_visited":["Gensokyo:Gensokyo"],"potions_floor_usage":[],"damage_taken":[{"damage":3.0,"enemies":"Gensokyo:Gryphon","floor":1.0,"turns":4.0},{"damage":5.0,"enemies":"Gensokyo:3_Fairies","floor":2.0,"turns":4.0},{"damage":13.0,"enemies":"Gensokyo:Python","floor":4.0,"turns":5.0},{"damage":9.0,"enemies":"Gensokyo:VengefulSpirit","floor":5.0,"turns":8.0},{"damage":20,"enemies":"Gensokyo:Mamizou","floor":7,"turns":15}],"seed_played":"1493869675650575631","potions_obtained":[{"floor":2.0,"key":"SneckoOil"}],"is_trial":false,"path_per_floor":["M","M","COS","M","M","R","E"],"character_chosen":"THE_SERVANT","items_purchased":[],"campfire_rested":0,"item_purchase_floors":[],"current_hp_per_floor":[68,63,63,50,41,41,21,21],"gold":352,"neow_bonus":"TEN_PERCENT_HP_BONUS","is_daily":false,"chose_seed":false,"campfire_upgraded":1,"win_rate":0.0,"timestamp":1610043411,"path_taken":["M","M","COS","M","M","R","E"],"items_purchased_type":[],"build_version":"2020-12-22","purchased_purges":0,"victory":false,"max_hp_per_floor":[71,71,71,71,71,71,71,71],"relic_stats":{"counters":[5,36],"obtain_stats":[{"AT_ATBox":0,"Uniform":0},{"AT_ATBox":0,"Uniform":0},{"AT_ATBox":0,"Uniform":0}]},"card_choices":[{"not_picked":["Unruled","Defy"],"picked":"Rearm","floor":1.0},{"not_picked":["Spin","ReturningBlade","Unruled"],"picked":"SKIP","floor":2.0},{"not_picked":["Deny","FanOfKnives","Revamp"],"picked":"SKIP","floor":4.0},{"not_picked":["FastForward","Defy"],"picked":"Luminosity","floor":5.0}],"player_experience":4191,"relics_obtained":[],"event_choices":[],"is_beta":false,"boss_relics":[],"items_purged_floors":[],"is_endless":false,"potions_floor_spawned":[2],"killed_by":"Gensokyo:Mamizou","ascension_level":0}}