{"host":"6ld56ls1xbe0aj21","time":1610015346,"event":{"mods":["AchievementEnabler","BaseMod","Colored Powertips","Minty Spire (QoL Compilation)","Quick Restart","Rare Cards Sparkle","StSLib","SuperFastMode","everything is the same but u backflip on backflip","slay the spire mod where everything is the same but ironclad has a cowboy hat"],"gold_per_floor":[10,10,10,23,41,66,32,64,64,64,93,106,140,154,154,154,154],"floor_reached":16,"playtime":781,"items_purged":[],"score":227,"play_id":"1dcc6280-7119-452a-aa11-7292943f989e","local_time":"20210107212906","is_ascension_mode":true,"campfire_choices":[{"floor":10.0,"key":"REST"},{"data":"Rupture","floor":15,"key":"SMITH"}],"circlet_count":0,"master_deck":["AscendersBane","Strike_R","Strike_R","Strike_R","Strike_R","Defend_R","Defend_R","Defend_R","Defend_R","Bash","Twin Strike","Rupture+1","Brutality","Intimidate","PanicButton","Bloodletting","Dual Wield","Sword Boomerang"],"relics":["Burning Blood","Lizard Tail","Singing Bowl","Bottled Lightning","InkBottle","Art of War"],"acts_visited":["Exordium"],"potions_floor_usage":[11,12],"damage_taken":[{"damage":11.0,"enemies":"Jaw Worm","floor":1.0,"turns":4.0},{"damage":9.0,"enemies":"2 Louse","floor":4.0,"turns":5.0},{"damage":2.0,"enemies":"Cultist","floor":5.0,"turns":4.0},{"damage":24.0,"enemies":"Lagavulin","floor":6.0,"turns":6.0},{"damage":41.0,"enemies":"3 Sentries","floor":8.0,"turns":7.0},{"damage":19,"enemies":"Gremlin Nob","floor":11,"turns":4},{"damage":25,"enemies":"Lots of Slimes","floor":12,"turns":5},{"damage":27,"enemies":"Lagavulin","floor":13,"turns":6},{"damage":16,"enemies":"Blue Slaver","floor":14,"turns":4},{"damage":59,"enemies":"The Guardian","floor":16,"turns":8}],"seed_played":"9186520029087020409","potions_obtained":[{"floor":4.0,"key":"EssenceOfSteel"},{"floor":11,"key":"BlessingOfTheForge"},{"floor":14,"key":"ElixirPotion"}],"is_trial":false,"path_per_floor":["M","?","?","M","M","E","$","E","T","R","E","M","E","M","R","B"],"character_chosen":"IRONCLAD","items_purchased":["Dual Wield"],"campfire_rested":1,"item_purchase_floors":[7],"current_hp_per_floor":[83,83,83,80,84,66,66,33,33,62,49,32,13,59,59,0,0],"gold":154,"neow_bonus":"TWENTY_PERCENT_HP_BONUS","is_daily":false,"chose_seed":false,"campfire_upgraded":1,"win_rate":0.0,"timestamp":1610015346,"path_taken":["M","?","?","M","M","E","$","E","T","R","E","M","E","M","R","BOSS"],"items_purchased_type":["Card"],"build_version":"2020-12-22","purchased_purges":0,"victory":false,"max_hp_per_floor":[96,96,96,96,96,96,96,98,98,98,98,100,102,104,104,104,104],"card_choices":[{"not_picked":["Shrug It Off","Sword Boomerang"],"picked":"Twin Strike","floor":1.0},{"not_picked":["Pommel Strike","Shrug It Off","Fire Breathing"],"picked":"SKIP","floor":4.0},{"not_picked":["Clash","Sword Boomerang","Second Wind"],"picked":"SKIP","floor":5.0},{"not_picked":["True Grit","Flex"],"picked":"Bloodletting","floor":6.0},{"not_picked":["Body Slam","Feel No Pain","Clothesline"],"picked":"Singing Bowl","floor":8.0},{"not_picked":["Juggernaut","Flex"],"picked":"Sword Boomerang","floor":11},{"not_picked":["Shrug It Off","Cleave","Feel No Pain"],"picked":"Singing Bowl","floor":12},{"not_picked":["Twin Strike","Sword Boomerang","Fire Breathing"],"picked":"Singing Bowl","floor":13},{"not_picked":["Twin Strike","Sever Soul","Infernal Blade"],"picked":"Singing Bowl","floor":14}],"player_experience":295277,"relics_obtained":[{"floor":6.0,"key":"Lizard Tail"},{"floor":8.0,"key":"Singing Bowl"},{"floor":9.0,"key":"Bottled Lightning"},{"floor":11,"key":"InkBottle"},{"floor":13,"key":"Art of War"}],"event_choices":[{"damage_healed":0.0,"max_hp_gain":0.0,"max_hp_loss":0.0,"gold_gain":0.0,"cards_transformed":["Strike_R"],"event_name":"Living Wall","player_choice":"Change","floor":2.0,"gold_loss":0.0,"damage_taken":0.0,"cards_obtained":["Rupture"]},{"damage_healed":0.0,"max_hp_gain":0.0,"max_hp_loss":0.0,"gold_gain":0.0,"event_name":"Match and Keep!","player_choice":"3 cards matched","floor":3.0,"gold_loss":0.0,"damage_taken":0.0,"cards_obtained":["Brutality","Intimidate","PanicButton"]}],"is_beta":false,"boss_relics":[],"items_purged_floors":[],"is_endless":false,"potions_floor_spawned":[4,11,14],"killed_by":"The Guardian","ascension_level":11}}