{"host":"lfkm02e6knrs2y3u","time":1610056785,"event":{"mods":["2.2 Compatiblity","AchievementEnabler","BaseMod","Colored Map","Highlight Path","Minty Spire (QoL Compilation)","Random Character Button","Rare Cards Sparkle","StSLib"],"gold_per_floor":[113,131,131,142,157,157,171,171,198,211,211,243,257,93,93,165,165,175,175,175,193,193,193],"floor_reached":22,"playtime":876,"items_purged":["Strike_G"],"score":376,"play_id":"3448931f-e526-42b0-9649-e8f3bbf238f0","local_time":"20210107225945","is_ascension_mode":true,"campfire_choices":[{"data":"Dagger Spray","floor":6,"key":"SMITH"},{"floor":8,"key":"REST"},{"data":"Neutralize","floor":11,"key":"SMITH"},{"floor":15,"key":"REST"}],"circlet_count":0,"master_deck":["AscendersBane","Strike_G","Strike_G","Strike_G","Strike_G","Defend_G","Defend_G","Defend_G","Defend_G","Defend_G","Survivor","Neutralize+1","Dagger Spray+1","Deadly Poison","Slice","Bouncing Flask","PiercingWail","Backflip","Noxious Fumes","Dash","Adrenaline","Deadly Poison"],"relics":["Ring of the Snake","Dream Catcher","Snake Skull","Runic Pyramid","Eternal Feather"],"acts_visited":["Exordium","TheCity"],"potions_floor_usage":[16,16],"damage_taken":[{"damage":1,"enemies":"Cultist","floor":1,"turns":5},{"damage":11,"enemies":"Jaw Worm","floor":2,"turns":8},{"damage":0,"enemies":"Small Slimes","floor":4,"turns":3},{"damage":14,"enemies":"Red Slaver","floor":5,"turns":5},{"damage":27,"enemies":"Exordium Thugs","floor":7,"turns":5},{"damage":2,"enemies":"2 Fungi Beasts","floor":10,"turns":4},{"damage":21,"enemies":"Gremlin Nob","floor":12,"turns":4},{"damage":0,"enemies":"3 Louse","floor":13,"turns":1},{"damage":27,"enemies":"The Guardian","floor":16,"turns":8},{"damage":26,"enemies":"Shell Parasite","floor":18,"turns":6},{"damage":12,"enemies":"Spheric Guardian","floor":21,"turns":5},{"damage":0,"enemies":"Centurion and Healer","floor":22,"turns":3}],"seed_played":"8784307036488959847","potions_obtained":[{"floor":1,"key":"CultistPotion"},{"floor":4,"key":"SkillPotion"},{"floor":12,"key":"Regen Potion"},{"floor":21,"key":"ColorlessPotion"}],"is_trial":false,"path_per_floor":["M","M","?","M","M","R","M","R","T","M","R","E","M","$","R","B",null,"M","?","T","M","M"],"character_chosen":"THE_SILENT","items_purchased":["Noxious Fumes"],"campfire_rested":2,"item_purchase_floors":[14],"current_hp_per_floor":[64,53,49,49,35,35,8,29,29,27,27,6,6,6,27,15,58,32,32,32,20,20,20],"gold":193,"neow_bonus":"TEN_PERCENT_HP_BONUS","is_daily":false,"chose_seed":false,"campfire_upgraded":2,"win_rate":0.0,"timestamp":1610056785,"path_taken":["M","M","?","M","M","R","M","R","T","M","R","E","M","$","R","BOSS","M","?","?","?","M"],"items_purchased_type":["Card"],"build_version":"2020-12-22","purchased_purges":1,"victory":false,"max_hp_per_floor":[72,72,72,72,72,72,72,72,72,72,72,72,72,72,72,72,72,72,72,72,72,72,72],"card_choices":[{"not_picked":["Infinite Blades","Dodge and Roll","Prepared"],"picked":"SKIP","floor":1},{"not_picked":["Expertise","Prepared"],"picked":"Dagger Spray","floor":2},{"not_picked":["Endless Agony","Backflip"],"picked":"Deadly Poison","floor":4},{"not_picked":["Underhanded Strike","Bane"],"picked":"Slice","floor":5},{"not_picked":["Phantasmal Killer","Flechettes"],"picked":"Bouncing Flask","floor":7},{"not_picked":["Slice","Riddle With Holes","Dagger Throw"],"picked":"SKIP","floor":10},{"not_picked":["Well Laid Plans","Quick Slash"],"picked":"PiercingWail","floor":12},{"not_picked":["Dagger Throw","Flying Knee"],"picked":"Backflip","floor":13},{"not_picked":["Dagger Throw","Flying Knee"],"picked":"Dash","floor":15},{"not_picked":["Malaise","A Thousand Cuts"],"picked":"Adrenaline","floor":16},{"not_picked":["Tactician","Flechettes"],"picked":"Deadly Poison","floor":18},{"not_picked":["Choke","Quick Slash","Dash"],"picked":"SKIP","floor":21}],"player_experience":682508,"relics_obtained":[{"floor":9,"key":"Dream Catcher"},{"floor":12,"key":"Snake Skull"},{"floor":20,"key":"Eternal Feather"}],"event_choices":[{"damage_healed":0,"gold_gain":0,"player_choice":"Bought 0 Potions","damage_taken":0,"max_hp_gain":0,"max_hp_loss":0,"event_name":"The Woman in Blue","floor":3,"gold_loss":0},{"damage_healed":0,"gold_gain":0,"player_choice":"Ignored","damage_taken":0,"max_hp_gain":0,"max_hp_loss":0,"event_name":"Vampires","floor":19,"gold_loss":0}],"is_beta":false,"boss_relics":[{"not_picked":["Velvet Choker","Calling Bell"],"picked":"Runic Pyramid"}],"items_purged_floors":[14],"is_endless":false,"potions_floor_spawned":[1,4,12,13,21],"killed_by":"Centurion and Healer","ascension_level":20}}