{"host":"an6uhul3yec8m0jh","time":1610040966,"event":{"mods":["ATMod(°¢èªMod)","Act Like it!","BaseMod","Colored Map","Colored Powertips","Gensokyo","Highlight Path","Minty Spire (QoL Compilation)","MostiFishMod","Pale of the Ancients","Quick Restart","StSLib","TestMod","UnlockEverythingMod","Waifu the Spire","noobMod"],"gold_per_floor":[209,224,224,224,30,30,59,59,59,89,100,100,115,55,55,131,131,144,162,112,112,112,112,142,142,212,240,260,140,29,42,42,417,417,436,453,185,185,32,32,62,62,139,470,470,470,496,496,496,496,496,496,496,130,155,155],"floor_reached":57,"playtime":4030,"items_purged":["Strike_G","Strike_G","Defend_G","Defend_G"],"score":3510,"play_id":"eacd3824-6997-47bc-8780-f688da3e89f7","local_time":"20210108013606","is_ascension_mode":true,"campfire_choices":[{"data":"AT_FamilyPortrait","floor":6.0,"key":"SMITH"},{"data":"Acrobatics","floor":8.0,"key":"SMITH"},{"data":"MostiFishMod:Dislodge","floor":15.0,"key":"SMITH"},{"data":"AT_ShadowStep","floor":23.0,"key":"SMITH"},{"data":"Reflex","floor":25.0,"key":"SMITH"},{"data":"Acrobatics","floor":32.0,"key":"SMITH"},{"data":"MostiFishMod:SephirahHod","floor":40.0,"key":"SMITH"},{"floor":49,"key":"RECALL"},{"floor":53,"key":"REST"}],"circlet_count":0,"master_deck":["AscendersBane","Defend_G","Defend_G","Defend_G","Survivor","Neutralize","AT_FamilyPortrait+1","MostiFishMod:PreservedThorns","Noxious Fumes","Acrobatics+1","Blade Dance","AT_ShadowStep+1","MostiFishMod:Dislodge+1","AT_KneejerkReflex","AT_EssenceShift","Concentrate","MostiFishMod:FrostNova","Gensokyo:SevenSchoolMysteries","Reflex+1","Acrobatics+1","MostiFishMod:PerfectParry","MostiFishMod:Dislodge","MostiFishMod:SephirahHod+1","AT_WindFlip","Prepared","Accuracy","AT_ShadowStep+1","Calculated Gamble+1","AT_Desolate","Gensokyo:GreaterSplit","Doubt","AT_FocusSwordFire+1","Gensokyo:UnhurriedMind+1","Tactician","Deflect"],"relics":["Ring of the Snake","ice","DaveBox","testmod-TestBox","AT_ATBox","Membership Card","testmod-Alchemist","SynthV:TestCard","BirthdayGift-Icosahedron","testmod-Maize","testmod-Justice","Du-Vu Doll","Mummified Hand","RhineCircuit","AT_ImmortalShieldbow","testmod-Hope","Juzu Bracelet","Gensokyo:LionMask","MostiFishMod:Hod","AT_RedTearstoneRing","DollysMirror","Pen Nib","Gensokyo:EmptyGrave","Paper Crane","Art of War","Gensokyo:TheCrow","Tingsha","Centennial Puzzle","BionicSphere","ClockworkSouvenir","AT_BladeRuinedKing","Boot","testmod-ObsoleteBoomerang"],"acts_visited":["Gensokyo:Gensokyo","Gensokyo:Gensokyoer","Gensokyo:Gensokyoest","TheEnding"],"potions_floor_usage":[48,48,48,56],"damage_taken":[{"damage":13.0,"enemies":"Gensokyo:3_Fairies","floor":1.0,"turns":5.0},{"damage":0.0,"enemies":"Gensokyo:Gryphon","floor":2.0,"turns":4.0},{"damage":0.0,"enemies":"Gensokyo:Python","floor":4.0,"turns":1.0},{"damage":0.0,"enemies":"Gensokyo:Cirno","floor":7.0,"turns":12.0},{"damage":0.0,"enemies":"Gensokyo:Mamizou","floor":10.0,"turns":5.0},{"damage":0.0,"enemies":"Gensokyo:2_Rabbits","floor":11.0,"turns":1.0},{"damage":0.0,"enemies":"Gensokyo:VengefulSpirit","floor":13.0,"turns":1.0},{"damage":0.0,"enemies":"Gensokyo:Reimu","floor":16.0,"turns":1.0},{"damage":0.0,"enemies":"Gensokyo:AngelMirror","floor":18.0,"turns":2.0},{"damage":0.0,"enemies":"Gensokyo:CosmicMonolith","floor":19.0,"turns":1.0},{"damage":0.0,"enemies":"Gensokyo:Tenshi","floor":24.0,"turns":1.0},{"damage":0.0,"enemies":"Gensokyo:Reisen","floor":27.0,"turns":1.0},{"damage":0.0,"enemies":"Gensokyo:Slime_Group","floor":28.0,"turns":1.0},{"damage":0.0,"enemies":"Gensokyo:Monolith_and_Dog","floor":31.0,"turns":2.0},{"damage":0.0,"enemies":"Gensokyo:Kaguya","floor":33.0,"turns":4.0},{"damage":0.0,"enemies":"Gensokyo:3_Boulders","floor":35.0,"turns":1.0},{"damage":0.0,"enemies":"Gensokyo:AncientGuardian","floor":36.0,"turns":1.0},{"damage":0.0,"enemies":"Gensokyo:Kasen","floor":41.0,"turns":2.0},{"damage":0.0,"enemies":"Gensokyo:Marisa","floor":44.0,"turns":2.0},{"damage":0,"enemies":"Gensokyo:Kasen","floor":47,"turns":2},{"damage":0,"enemies":"Gensokyo:Kasen","floor":48,"turns":3},{"damage":0,"enemies":"Gensokyo:Shinki","floor":50,"turns":3},{"damage":0,"enemies":"Gensokyo:Yuyuko","floor":51,"turns":1},{"damage":0,"enemies":"Shield and Spear","floor":55,"turns":1},{"damage":0,"enemies":"The Heart","floor":56,"turns":4}],"seed_played":"-1620365640365884043","potions_obtained":[{"floor":10.0,"key":"Swift Potion"},{"floor":13.0,"key":"Block Potion"},{"floor":16.0,"key":"CunningPotion"},{"floor":18.0,"key":"Swift Potion"},{"floor":19.0,"key":"Weak Potion"},{"floor":31.0,"key":"ColorlessPotion"},{"floor":35.0,"key":"Explosive Potion"},{"floor":41.0,"key":"Weak Potion"},{"floor":44.0,"key":"DuplicationPotion"},{"floor":47,"key":"PowerPotion"},{"floor":55,"key":"BlessingOfTheForge"}],"is_trial":false,"path_per_floor":["M","M","?","M","COS","R","E","R","T","E","M","T","M","$","R","B",null,"M","M","$","?","?","R","E","R","T","E","M","?","COS","M","R","B",null,"M","M","$","?","COS","R","E","?","T","E","?","?","E","?","R","B","B",null,"R","$","E","B",null],"character_chosen":"THE_SILENT","items_purchased":["AT_KneejerkReflex","Accuracy","DollysMirror","Pen Nib","ClockworkSouvenir","Tactician","AT_BladeRuinedKing","Boot"],"campfire_rested":1,"item_purchase_floors":[14,37,37,37,54,54,54,54],"current_hp_per_floor":[46,46,14,14,14,14,15,15,15,16,17,17,18,18,18,39,59,60,61,61,60,53,53,53,53,53,53,53,53,53,53,53,53,53,53,53,53,53,53,53,53,48,48,48,48,48,48,48,48,48,48,48,48,48,48,48],"gold":155,"neow_bonus":"HUNDRED_GOLD","is_daily":false,"chose_seed":false,"campfire_upgraded":7,"win_rate":0.0,"timestamp":1610040966,"path_taken":["M","?","?","M","COS","R","E","R","T","E","M","?","?","$","R","BOSS","M","M","$","?","?","R","E","R","T","E","M","?","COS","M","R","BOSS","M","M","$","?","COS","R","E","?","T","E","?","?","E","?","R","BOSS","BOSS","R","$","E","BOSS"],"items_purchased_type":["Card","Card","Relic","Relic","Relic","Card","Relic","Relic"],"build_version":"2020-12-22","purchased_purges":4,"victory":true,"max_hp_per_floor":[66,66,66,66,66,66,66,66,66,66,66,66,66,66,66,66,66,66,66,66,60,53,53,53,53,53,53,53,53,53,53,53,53,53,53,53,53,53,53,53,53,48,48,48,48,48,48,48,48,48,48,48,48,48,48,48],"card_choices":[{"not_picked":["Underhanded Strike","Prepared","Crippling Poison"],"picked":"SKIP","floor":1.0},{"not_picked":["Dagger Spray","Leg Sweep","Sucker Punch","Expertise"],"picked":"MostiFishMod:PreservedThorns","floor":2.0},{"not_picked":["Endless Agony","Leg Sweep","Concentrate","PiercingWail"],"picked":"Noxious Fumes","floor":4.0},{"not_picked":["Doppelganger","MostiFishMod:PerfectParry","Dagger Throw","AT_Desolate"],"picked":"Acrobatics","floor":7.0},{"not_picked":["Sucker Punch","Quick Slash","Escape Plan","Noxious Fumes"],"picked":"Blade Dance","floor":10.0},{"not_picked":["Infinite Blades","Flying Knee","Underhanded Strike","AT_Desolate"],"picked":"AT_ShadowStep","floor":11.0},{"not_picked":["Backstab","Dagger Spray","Infinite Blades","Finisher"],"picked":"MostiFishMod:Dislodge","floor":13.0},{"not_picked":["Glass Knife","Tools of the Trade","A Thousand Cuts","Bullet Time"],"picked":"AT_EssenceShift","floor":16.0},{"not_picked":["Caltrops","Bane","Underhanded Strike","Backflip"],"picked":"Concentrate","floor":18.0},{"not_picked":["Deflect","Underhanded Strike+1","Catalyst+1","Dodge and Roll"],"picked":"MostiFishMod:FrostNova","floor":19.0},{"not_picked":["Gensokyo:HAARP","Gensokyo:Kunekune","Gensokyo:TurboGranny","Gensokyo:MenInBlack"],"picked":"Gensokyo:SevenSchoolMysteries","floor":22.0},{"not_picked":["Underhanded Strike+1","Dagger Throw","Flying Knee","Dagger Spray+1"],"picked":"Reflex","floor":24.0},{"not_picked":["Dodge and Roll+1","Choke","Backstab","Bouncing Flask+1","Blade Dance"],"picked":"SKIP","floor":27.0},{"not_picked":["PiercingWail","Bane","Riddle With Holes","Crippling Poison"],"picked":"Acrobatics","floor":28.0},{"not_picked":["Poisoned Stab","Dagger Throw","AT_WindFlip","Escape Plan"],"picked":"MostiFishMod:PerfectParry","floor":31.0},{"not_picked":["MostiFishMod:Wind","Malaise","MostiFishMod:SpreadingSpore","Bullet Time"],"picked":"MostiFishMod:Dislodge","floor":33.0},{"not_picked":["Storm of Steel","AT_EssenceShift","MostiFishMod:Listen","Doppelganger"],"picked":"MostiFishMod:FullyArmed","floor":35.0},{"not_picked":["Bane","Endless Agony","Underhanded Strike","Dagger Spray+1"],"picked":"AT_WindFlip","floor":35.0},{"not_picked":["Terror","MostiFishMod:PerfectParry","Dagger Spray+1","Underhanded Strike"],"picked":"Prepared","floor":36.0},{"not_picked":["MostiFishMod:PoisonShield","Dodge and Roll","Malaise","Quick Slash"],"picked":"Calculated Gamble+1","floor":41.0},{"not_picked":["Skewer","Leg Sweep","Backflip","Poisoned Stab"],"picked":"AT_Desolate","floor":44.0},{"not_picked":["Escape Plan","Deadly Poison","Deflect","Slice"],"picked":"AT_FocusSwordFire+1","floor":47},{"not_picked":["Gensokyo:UnlikelyAid+1","Gensokyo:RisingWorld+1"],"picked":"Gensokyo:UnhurriedMind+1","floor":48},{"not_picked":["Bouncing Flask+1","Tactician","Setup","Skewer+1"],"picked":"Deflect","floor":55}],"player_experience":209705,"relics_obtained":[{"floor":1.0,"key":"SynthV:TestCard"},{"floor":7.0,"key":"testmod-Maize"},{"floor":9.0,"key":"testmod-Justice"},{"floor":10.0,"key":"Du-Vu Doll"},{"floor":12.0,"key":"Mummified Hand"},{"floor":24.0,"key":"testmod-Hope"},{"floor":27.0,"key":"Juzu Bracelet"},{"floor":43.0,"key":"Paper Crane"},{"floor":44.0,"key":"Art of War"},{"floor":47,"key":"Centennial Puzzle"},{"floor":55,"key":"testmod-ObsoleteBoomerang"}],"event_choices":[],"is_beta":false,"boss_relics":[{"not_picked":["Velvet Choker","TakeMeEscape"],"picked":"RhineCircuit"},{"not_picked":["testmod-Prudence","testmod-Recursion"],"picked":"MostiFishMod:Hod"}],"items_purged_floors":[14,20,37,54],"is_endless":false,"potions_floor_spawned":[10,13,16,18,19,31,35,41,44,47,55],"ascension_level":20}}