{"host":"6ld56ls1xbe0aj21","time":1610031796,"event":{"mods":["AchievementEnabler","BaseMod","Colored Powertips","Minty Spire (QoL Compilation)","Quick Restart","Rare Cards Sparkle","StSLib","SuperFastMode","everything is the same but u backflip on backflip","slay the spire mod where everything is the same but ironclad has a cowboy hat"],"gold_per_floor":[113,113,42,55,55,88,88,101,101,101,101,131,148,182,182,182,182],"floor_reached":16,"playtime":345,"items_purged":[],"score":269,"play_id":"8e78a4b1-2dc2-4016-9035-973667b021f9","local_time":"20210108020316","is_ascension_mode":true,"campfire_choices":[{"data":"Feed","floor":7.0,"key":"SMITH"},{"data":"Hemokinesis","floor":10.0,"key":"SMITH"},{"data":"Reaper","floor":15,"key":"SMITH"}],"circlet_count":0,"master_deck":["AscendersBane","Strike_R","Strike_R","Strike_R","Strike_R","Strike_R","Defend_R","Defend_R","Defend_R","Defend_R","Bash+1","Pommel Strike+1","Feed+1","Hemokinesis+1","Brutality","Offering","Reaper+1"],"relics":["Burning Blood","NeowsBlessing","Pocketwatch","FossilizedHelix","Omamori","Gremlin Horn"],"acts_visited":["Exordium"],"potions_floor_usage":[16,16],"damage_taken":[{"damage":0.0,"enemies":"Small Slimes","floor":1.0,"turns":1.0},{"damage":0.0,"enemies":"Cultist","floor":4.0,"turns":2.0},{"damage":0.0,"enemies":"Lagavulin","floor":6.0,"turns":1.0},{"damage":4.0,"enemies":"2 Louse","floor":8.0,"turns":3.0},{"damage":2,"enemies":"Gremlin Nob","floor":12,"turns":3},{"damage":2,"enemies":"Exordium Thugs","floor":13,"turns":1},{"damage":34,"enemies":"3 Sentries","floor":14,"turns":6},{"damage":71,"enemies":"The Guardian","floor":16,"turns":7}],"seed_played":"3529786125998998572","potions_obtained":[{"floor":1.0,"key":"SmokeBomb"},{"floor":4.0,"key":"DistilledChaos"},{"floor":13,"key":"EntropicBrew"}],"is_trial":false,"path_per_floor":["M","?","$","M","$","E","R","M","T","R","?","E","M","E","R","B"],"character_chosen":"IRONCLAD","items_purchased":["Feed"],"campfire_rested":0,"item_purchase_floors":[3],"current_hp_per_floor":[78,78,78,83,83,83,83,87,87,87,87,87,91,63,63,0,0],"gold":182,"neow_bonus":"THREE_ENEMY_KILL","is_daily":false,"chose_seed":false,"campfire_upgraded":3,"win_rate":0.0,"timestamp":1610031796,"path_taken":["M","?","$","M","?","E","R","M","T","R","?","E","?","E","R","BOSS"],"items_purchased_type":["Card"],"build_version":"2020-12-22","purchased_purges":0,"victory":false,"max_hp_per_floor":[80,80,80,83,83,83,83,87,87,87,87,87,91,91,91,91,91],"card_choices":[{"not_picked":["Thunderclap","Heavy Blade"],"picked":"Pommel Strike","floor":1.0},{"not_picked":["Clothesline","Perfected Strike"],"picked":"Hemokinesis","floor":4.0},{"not_picked":["Havoc","Warcry"],"picked":"Brutality","floor":6.0},{"not_picked":["Perfected Strike","Heavy Blade","Cleave"],"picked":"SKIP","floor":8.0},{"not_picked":["Flex","Twin Strike"],"picked":"Offering","floor":12},{"not_picked":["Iron Wave","Cleave","Pommel Strike"],"picked":"SKIP","floor":13},{"not_picked":["Intimidate","Evolve"],"picked":"Reaper","floor":14}],"player_experience":300294,"relics_obtained":[{"floor":6.0,"key":"Pocketwatch"},{"floor":9.0,"key":"FossilizedHelix"},{"floor":12,"key":"Omamori"},{"floor":14,"key":"Gremlin Horn"}],"event_choices":[{"damage_healed":0.0,"max_hp_gain":0.0,"max_hp_loss":0.0,"gold_gain":0.0,"event_name":"Upgrade Shrine","player_choice":"Upgraded","floor":2.0,"gold_loss":0.0,"damage_taken":0.0,"cards_upgraded":["Pommel Strike"]},{"damage_healed":0.0,"max_hp_gain":0.0,"max_hp_loss":0.0,"gold_gain":0.0,"event_name":"Upgrade Shrine","player_choice":"Upgraded","floor":11.0,"gold_loss":0.0,"damage_taken":0.0,"cards_upgraded":["Bash"]}],"is_beta":false,"boss_relics":[],"items_purged_floors":[],"is_endless":false,"potions_floor_spawned":[1,4,13],"killed_by":"The Guardian","ascension_level":12}}