{"host":"kn32u0f2pym5bozc","time":1610023884,"event":{"mods":["2.2 Compatiblity","BaseMod","Better Third Choice","Minty Spire (QoL Compilation)","Permanent Neow","Relic Stats","StSLib","The Animator"],"gold_per_floor":[116,156,156,172,194,194,221,221,245,245,258,258,273,273,273,351,351,364,395,395,107,138,138,171,185,185,215,232,232,232,132,132,223,223,233,19,35,53,69,69,98,98,98,131,131,131,131,175,175,175],"floor_reached":51,"playtime":2861,"items_purged":[],"score":1301,"play_id":"eb297c99-1021-4c0b-86d2-6bb4a02ce0e4","local_time":"20210107075124","is_ascension_mode":true,"campfire_choices":[{"data":"animator:Guren","floor":6.0,"key":"SMITH"},{"floor":8.0,"key":"REST"},{"data":"animator:Mikaela","floor":10.0,"key":"SMITH"},{"data":"animator:Mitsuba","floor":12.0,"key":"SMITH"},{"data":"animator:Konayuki","floor":15.0,"key":"SMITH"},{"floor":23.0,"key":"REST"},{"data":"animator:Kaijin","floor":29,"key":"SMITH"},{"data":"animator:Sloth","floor":32,"key":"SMITH"},{"data":"animator:Shinoa","floor":40,"key":"SMITH"},{"floor":42,"key":"REST"},{"floor":47,"key":"REST"},{"data":"animator:Berserker","floor":49,"key":"SMITH"}],"circlet_count":0,"master_deck":["AscendersBane","animator:Defend_OwariNoSeraph","animator:Strike","animator:Strike","animator:Strike+1","animator:Defend","animator:Defend","animator:Defend","animator:Shinoa+1","animator:Mikaela+1","animator:Spearman","animator:RinTohsaka","animator:Guren+1","animator:Mitsuba+1","animator:ZankiKiguchi","animator:Konayuki+1","animator:Togame","animator:Biyorigo","animator:Emonzaemon","animator:CrowleyEusford","animator:Berserker+1","animator:Sloth+1","animator:Yuuichirou","animator:Kaijin+1","animator:Guy","animator:MumenRider","animator:DolaStephanie+1","animator:Shimakaze","animator:Kyubey","animator:Shichika+1","animator:Mikaela","animator:Lelouch","animator:Raven+1","Parasite","animator:HiiragiShinya","animator:Eris","animator:Kuribayashi+1","animator:Sebas+1","animator:RinTohsaka+1","animator:MadokaKaname+1","animator:Yoichi+1"],"relics":["animator:LivingPicture","animator:TheMissingPiece","animator:PurgingStone","Charon\u0027s Ashes","Dream Catcher","Bag of Marbles","animator:CursedBlade","Bronze Scales","CloakClasp","Bottled Flame","Mercury Hourglass","Matryoshka","Sozu","Molten Egg 2","Ancient Tea Set","Frozen Egg 2","Toxic Egg 2","Vajra","Paper Crane"],"acts_visited":["Exordium","TheCity","TheBeyond"],"potions_floor_usage":[25,27,44],"damage_taken":[{"damage":2.0,"enemies":"Cultist","floor":1.0,"turns":5.0},{"damage":2.0,"enemies":"Small Slimes","floor":4.0,"turns":4.0},{"damage":2.0,"enemies":"Jaw Worm","floor":5.0,"turns":4.0},{"damage":19.0,"enemies":"Lagavulin","floor":7.0,"turns":11.0},{"damage":0.0,"enemies":"Exordium Wildlife","floor":11.0,"turns":2.0},{"damage":1.0,"enemies":"2 Fungi Beasts","floor":13.0,"turns":3.0},{"damage":20.0,"enemies":"Slime Boss","floor":16.0,"turns":8.0},{"damage":0.0,"enemies":"Chosen","floor":18.0,"turns":4.0},{"damage":12.0,"enemies":"Shell Parasite","floor":19.0,"turns":3.0},{"damage":2.0,"enemies":"Shelled Parasite and Fungi","floor":22.0,"turns":2.0},{"damage":8.0,"enemies":"Slavers","floor":24.0,"turns":4.0},{"damage":1,"enemies":"3 Cultists","floor":25,"turns":5},{"damage":2,"enemies":"Book of Stabbing","floor":27,"turns":5},{"damage":1,"enemies":"Centurion and Healer","floor":28,"turns":5},{"damage":38,"enemies":"Collector","floor":33,"turns":7},{"damage":0,"enemies":"3 Shapes","floor":35,"turns":3},{"damage":0,"enemies":"3 Darklings","floor":37,"turns":3},{"damage":3,"enemies":"Writhing Mass","floor":38,"turns":5},{"damage":8,"enemies":"Sphere and 2 Shapes","floor":39,"turns":3},{"damage":18,"enemies":"Nemesis","floor":41,"turns":3},{"damage":13,"enemies":"Reptomancer","floor":44,"turns":5},{"damage":0,"enemies":"4 Shapes","floor":48,"turns":2},{"damage":58,"enemies":"Awakened One","floor":50,"turns":8}],"seed_played":"7068347885217296379","potions_obtained":[{"floor":1.0,"key":"Dexterity Potion"},{"floor":3.0,"key":"FairyPotion"},{"floor":18.0,"key":"SteroidPotion"},{"floor":25,"key":"Block Potion"},{"floor":27,"key":"LiquidBronze"},{"floor":28,"key":"Block Potion"}],"is_trial":false,"path_per_floor":["M","?","?","M","M","R","E","R","T","R","M","R","M","?","R","B",null,"M","M","?","$","M","R","E","M","T","E","M","R","T","$","R","B",null,"M","$","M","M","M","R","E","R","T","E","?","T","R","M","R","B",null],"character_chosen":"THE_ANIMATOR","items_purchased":["animator:HiiragiShinya","animator:Berserker","Bronze Scales","animator:Shimakaze","animator:Mikaela","animator:Lelouch"],"campfire_rested":4,"item_purchase_floors":[21,21,21,31,36,36],"current_hp_per_floor":[37,37,37,35,33,33,15,33,33,33,33,33,32,52,52,32,54,54,42,26,26,24,44,36,35,35,33,32,32,32,32,32,20,55,55,55,55,52,44,44,26,46,46,36,36,36,57,60,60,5],"gold":175,"neow_bonus":"ONE_RARE_RELIC","is_daily":false,"chose_seed":false,"campfire_upgraded":8,"win_rate":0.0,"timestamp":1610023884,"path_taken":["M","?","?","M","M","R","E","R","T","R","?","R","M","?","R","BOSS","M","M","?","$","M","R","E","M","T","E","M","R","?","?","R","BOSS","M","$","M","M","M","R","E","R","T","E","?","?","R","?","R","BOSS"],"items_purchased_type":["Card","Card","Relic","Card","Card","Card"],"build_version":"2020-12-22","purchased_purges":0,"victory":true,"max_hp_per_floor":[60,60,60,60,60,60,61,61,61,61,61,61,61,61,61,61,61,61,61,66,66,66,67,67,67,67,67,67,67,67,67,67,67,67,67,67,67,67,67,67,67,67,67,67,67,67,68,68,68,68],"relic_stats":{"Sozu":3,"Dream Catcher":4,"counters":[23,104],"Bronze Scales":[168],"Charon\u0027s Ashes":[317],"CloakClasp":[149],"obtain_stats":[{"animator:TheMissingPiece":0,"Vajra":46,"Charon\u0027s Ashes":0,"CloakClasp":24,"Frozen Egg 2":43,"Paper Crane":46,"Ancient Tea Set":43,"Mercury Hourglass":27,"Sozu":34,"Dream Catcher":7,"Bottled Flame":26,"animator:CursedBlade":17,"Matryoshka":30,"animator:PurgingStone":0,"Bronze Scales":21,"Molten Egg 2":41,"animator:LivingPicture":0,"Bag of Marbles":9,"Toxic Egg 2":44},{"animator:TheMissingPiece":0,"Vajra":21,"Charon\u0027s Ashes":0,"CloakClasp":11,"Frozen Egg 2":20,"Paper Crane":21,"Ancient Tea Set":20,"Mercury Hourglass":13,"Sozu":15,"Dream Catcher":4,"Bottled Flame":12,"animator:CursedBlade":7,"Matryoshka":14,"animator:PurgingStone":0,"Bronze Scales":9,"Molten Egg 2":20,"animator:LivingPicture":0,"Bag of Marbles":4,"Toxic Egg 2":21},{"animator:TheMissingPiece":0,"Vajra":94,"Charon\u0027s Ashes":0,"CloakClasp":50,"Frozen Egg 2":89,"Paper Crane":94,"Ancient Tea Set":89,"Mercury Hourglass":60,"Sozu":72,"Dream Catcher":24,"Bottled Flame":55,"animator:CursedBlade":37,"Matryoshka":65,"animator:PurgingStone":0,"Bronze Scales":44,"Molten Egg 2":89,"animator:LivingPicture":0,"Bag of Marbles":24,"Toxic Egg 2":94}],"Mercury Hourglass":[193]},"card_choices":[{"not_picked":["animator:ZankiKiguchi","animator:Raven"],"picked":"animator:Spearman","floor":1.0},{"not_picked":["animator:Berserker","animator:Raven"],"picked":"animator:RinTohsaka","floor":4.0},{"not_picked":["animator:Berserker","animator:Kuribayashi"],"picked":"animator:Guren","floor":5.0},{"not_picked":["animator:KrulTepes","animator:Shinoa"],"picked":"animator:Mitsuba","floor":7.0},{"not_picked":["animator:DolaRiku","animator:Chris"],"picked":"animator:ZankiKiguchi","floor":8.0},{"not_picked":["animator:Sloth","animator:RoryMercury"],"picked":"animator:Konayuki","floor":11.0},{"not_picked":["animator:Aqua","animator:Guy"],"picked":"animator:Togame","floor":13.0},{"not_picked":["animator:Hans","animator:Shizu"],"picked":"animator:Biyorigo","floor":16.0},{"not_picked":["animator:Konayuki","animator:RinTohsaka"],"picked":"animator:Emonzaemon","floor":18.0},{"not_picked":["animator:Yoichi","animator:Shinoa"],"picked":"animator:CrowleyEusford","floor":19.0},{"not_picked":["animator:Greed","animator:Kazuma"],"picked":"animator:Sloth","floor":22.0},{"not_picked":["animator:YachiyoNanami","animator:Verdia"],"picked":"animator:Yuuichirou","floor":23.0},{"not_picked":["animator:Shuna","animator:Illya"],"picked":"animator:Kaijin","floor":24.0},{"not_picked":["animator:ZankiKiguchi","animator:EmiyaShirou"],"picked":"animator:Guy","floor":25},{"not_picked":["animator:MetalKnight","animator:Tatsumaki"],"picked":"animator:MumenRider","floor":27},{"not_picked":["animator:Guren","animator:Raven"],"picked":"animator:DolaStephanie+1","floor":28},{"not_picked":["animator:Hans","animator:Eve"],"picked":"animator:Kyubey","floor":33},{"not_picked":["animator:Shinoa","animator:RinTohsaka"],"picked":"animator:Shichika+1","floor":35},{"not_picked":["animator:PandorasActor","animator:Kazuma"],"picked":"animator:Raven+1","floor":37},{"not_picked":["animator:Mikaela","animator:KrulTepes"],"picked":"animator:HiiragiShinya","floor":38},{"not_picked":["animator:Elsword","animator:YaoHaDucy"],"picked":"animator:Eris","floor":39},{"not_picked":["animator:Gillette+1","animator:Aqua+1"],"picked":"animator:Kuribayashi+1","floor":41},{"not_picked":["animator:Ara+1","animator:ChaikaBohdan+1"],"picked":"animator:Sebas+1","floor":42},{"not_picked":["animator:Togame+1","animator:Spearman+1"],"picked":"animator:RinTohsaka+1","floor":44},{"not_picked":["animator:HighElfArcher+1","animator:Kuribayashi+1"],"picked":"animator:MadokaKaname+1","floor":47},{"not_picked":["animator:Yuuichirou+1","animator:Shigure+1"],"picked":"animator:Yoichi+1","floor":48}],"player_experience":805542,"relics_obtained":[{"floor":7.0,"key":"Dream Catcher"},{"floor":9.0,"key":"Bag of Marbles"},{"floor":24.0,"key":"CloakClasp"},{"floor":26,"key":"Bottled Flame"},{"floor":27,"key":"Mercury Hourglass"},{"floor":30,"key":"Matryoshka"},{"floor":41,"key":"Molten Egg 2"},{"floor":43,"key":"Ancient Tea Set"},{"floor":43,"key":"Frozen Egg 2"},{"floor":44,"key":"Toxic Egg 2"},{"floor":46,"key":"Vajra"},{"floor":46,"key":"Paper Crane"}],"event_choices":[{"damage_healed":0.0,"max_hp_gain":0.0,"max_hp_loss":0.0,"gold_gain":0.0,"event_name":"Lab","player_choice":"Got Potions","floor":3.0,"gold_loss":0.0,"damage_taken":0.0},{"damage_healed":20.0,"max_hp_gain":0.0,"max_hp_loss":0.0,"gold_gain":0.0,"event_name":"Big Fish","player_choice":"Banana","floor":14.0,"gold_loss":0.0,"damage_taken":0.0},{"damage_healed":0.0,"max_hp_gain":5.0,"max_hp_loss":0.0,"gold_gain":0.0,"event_name":"Forgotten Altar","player_choice":"Shed Blood","floor":20.0,"gold_loss":0.0,"damage_taken":21.0},{"cards_removed":["animator:HiiragiShinya"],"damage_healed":0,"gold_gain":0,"player_choice":"Removed Skill","damage_taken":0,"max_hp_gain":0,"max_hp_loss":0,"event_name":"Falling","floor":45,"gold_loss":0}],"is_beta":false,"boss_relics":[{"not_picked":["Black Star","Pandora\u0027s Box"],"picked":"animator:CursedBlade"},{"not_picked":["SlaversCollar","Astrolabe"],"picked":"Sozu"}],"items_purged_floors":[],"is_endless":false,"potions_floor_spawned":[1,4,7,18,25,27,28,35,38,41],"ascension_level":16}}