{"host":"zdhcon9z6t4xbcdl","time":1610054208,"event":{"mods":["BaseMod","Minty Spire (QoL Compilation)"],"gold_per_floor":[117,117,192,192,192,217,142,142,167,181,181,195,145,165,165,270,270,283,283,158,171,185,185,185],"floor_reached":23,"playtime":2449,"items_purged":["Strike_B","Strike_B"],"score":189,"play_id":"72651336-101c-4caa-8f23-cc55710621f6","local_time":"20210107211648","is_ascension_mode":false,"campfire_choices":[{"data":"Lockon","floor":8,"key":"SMITH"},{"data":"Sweeping Beam","floor":11,"key":"SMITH"},{"data":"White Noise","floor":15,"key":"SMITH"}],"circlet_count":0,"master_deck":["Defend_B","Defend_B","Defend_B","Defend_B","Zap","Dualcast","Sweeping Beam+1","Lockon+1","Ball Lightning","White Noise+1","Redo","Rainbow","Auto Shields+1","Gash","Leap","Redo+1","Hologram+1"],"relics":["Cracked Core","Ornamental Fan","Potion Belt","Tiny Chest","SlaversCollar"],"acts_visited":["Exordium","TheCity"],"potions_floor_usage":[16,16],"damage_taken":[{"damage":0,"enemies":"2 Louse","floor":1,"turns":3},{"damage":44,"enemies":"Lagavulin","floor":6,"turns":6},{"damage":0,"enemies":"Cultist","floor":10,"turns":2},{"damage":0,"enemies":"Small Slimes","floor":12,"turns":2},{"damage":8,"enemies":"Blue Slaver","floor":14,"turns":2},{"damage":13,"enemies":"Hexaghost","floor":16,"turns":8},{"damage":0,"enemies":"Chosen","floor":18,"turns":4},{"damage":5,"enemies":"3 Byrds","floor":21,"turns":2},{"damage":36,"enemies":"Shelled Parasite and Fungi","floor":22,"turns":4},{"damage":52,"enemies":"Gremlin Leader","floor":23,"turns":5}],"seed_played":"5760049282696239837","potions_obtained":[{"floor":1,"key":"Explosive Potion"},{"floor":10,"key":"SpeedPotion"},{"floor":16,"key":"FocusPotion"},{"floor":18,"key":"Strength Potion"},{"floor":21,"key":"Fire Potion"}],"is_trial":false,"path_per_floor":["M","?","?","?","T","E","$","R","T","M","R","M","?","M","R","B",null,"M","?","$","M","M","E"],"character_chosen":"DEFECT","items_purchased":["Leap"],"campfire_rested":0,"item_purchase_floors":[20],"current_hp_per_floor":[82,82,71,71,71,27,27,27,27,27,27,27,27,19,19,6,82,82,82,82,77,41,0,0],"gold":185,"neow_bonus":"TEN_PERCENT_HP_BONUS","is_daily":false,"chose_seed":false,"campfire_upgraded":3,"win_rate":0.0,"timestamp":1610054208,"path_taken":["M","?","?","?","?","E","$","R","T","M","R","?","?","M","R","BOSS","M","?","$","M","M","E"],"items_purchased_type":["Card"],"build_version":"2020-12-22","purchased_purges":2,"victory":false,"max_hp_per_floor":[82,82,82,82,82,82,82,82,82,82,82,82,82,82,82,82,82,82,82,82,82,82,82,82],"card_choices":[{"not_picked":["Scrape","Compile Driver"],"picked":"Sweeping Beam","floor":1},{"not_picked":["BootSequence","Streamline"],"picked":"Lockon","floor":6},{"not_picked":["BootSequence","Compile Driver"],"picked":"Ball Lightning","floor":10},{"not_picked":["Auto Shields","Aggregate"],"picked":"White Noise","floor":12},{"not_picked":["Coolheaded","Tempest"],"picked":"Redo","floor":14},{"not_picked":["Reboot","All For One"],"picked":"Rainbow","floor":16},{"not_picked":["Go for the Eyes","Sweeping Beam"],"picked":"Auto Shields+1","floor":18},{"not_picked":["Beam Cell+1","Loop+1"],"picked":"Redo+1","floor":21},{"not_picked":["Aggregate+1","Stack"],"picked":"Hologram+1","floor":22}],"player_experience":23187,"relics_obtained":[{"floor":5,"key":"Ornamental Fan"},{"floor":6,"key":"Potion Belt"},{"floor":9,"key":"Tiny Chest"}],"event_choices":[{"cards_removed":["Strike_B"],"damage_healed":0,"gold_gain":0,"player_choice":"Forget","damage_taken":0,"max_hp_gain":0,"max_hp_loss":0,"event_name":"Living Wall","floor":2,"gold_loss":0},{"damage_healed":0,"gold_gain":75,"player_choice":"Gather Gold","damage_taken":11,"max_hp_gain":0,"max_hp_loss":0,"event_name":"World of Goop","floor":3,"gold_loss":0},{"damage_healed":0,"gold_gain":0,"player_choice":"Ignored","damage_taken":0,"max_hp_gain":0,"max_hp_loss":0,"event_name":"Liars Game","floor":4,"gold_loss":0},{"cards_removed":["Strike_B"],"damage_healed":0,"gold_gain":0,"player_choice":"Card Removal","damage_taken":0,"max_hp_gain":0,"max_hp_loss":0,"event_name":"The Cleric","floor":13,"gold_loss":50},{"damage_healed":0,"gold_gain":0,"player_choice":"Read","damage_taken":0,"max_hp_gain":0,"max_hp_loss":0,"event_name":"The Library","floor":19,"gold_loss":0,"cards_obtained":["Gash"]}],"is_beta":false,"boss_relics":[{"not_picked":["Cursed Key","Ectoplasm"],"picked":"SlaversCollar"}],"items_purged_floors":[7,20],"is_endless":false,"potions_floor_spawned":[1,10,16,18,21],"killed_by":"Gremlin Leader","ascension_level":0}}