{"host":"wwpfn8dnr1liindi","time":1610043971,"event":{"mods":["BaseMod","Minty Spire (QoL Compilation)","Permanent Neow","[IsaacMod]ÒÔÈö¼âËþ"],"gold_per_floor":[115,126,140,140,152,152,168,210,210,239,238,247,241,256,256,382,382,399,415,415,415],"floor_reached":20,"playtime":925,"items_purged":[],"score":209,"play_id":"25553c10-2ae7-48a1-b291-af3c519caa59","local_time":"20210108022611","daily_mods":["Vintage"],"is_ascension_mode":false,"campfire_choices":[{"floor":6,"key":"REST"},{"floor":15,"key":"REST"}],"circlet_count":0,"master_deck":["Strike_R","Strike_R","Strike_R","Strike_R","Defend_R","Defend_R","Defend_R","Defend_R","Bash","BettingIsNotGood","Feed+1","Limit Break"],"relics":["Burning Blood","HushsDoor","D6","Smiling Mask","Torii","Molten Egg 2","PreservedInsect","CeramicFish","Prayer Wheel","Gremlin Horn","Art of War","TuHaoJin","Regal Pillow","InkBottle","DoctorsRemote","SlaversCollar","GuppysPaw","Darkstone Periapt"],"acts_visited":["Exordium","TheCity"],"potions_floor_usage":[8,8,11,18,19,19,19,19,19,19,19],"damage_taken":[{"damage":11,"enemies":"Jaw Worm","floor":1,"turns":2},{"damage":15,"enemies":"Cultist","floor":2,"turns":4},{"damage":14,"enemies":"Small Slimes","floor":3,"turns":5},{"damage":28,"enemies":"Red Slaver","floor":5,"turns":5},{"damage":18,"enemies":"3 Louse","floor":7,"turns":7},{"damage":36,"enemies":"Lagavulin","floor":8,"turns":4},{"damage":14,"enemies":"Large Slime","floor":10,"turns":11},{"damage":22,"enemies":"Exordium Thugs","floor":11,"turns":4},{"damage":8,"enemies":"Red Slaver","floor":12,"turns":4},{"damage":0,"enemies":"Exordium Wildlife","floor":13,"turns":1},{"damage":0,"enemies":"Looter","floor":14,"turns":3},{"damage":66,"enemies":"Slime Boss","floor":16,"turns":22},{"damage":83,"enemies":"Shell Parasite","floor":18,"turns":15},{"damage":45,"enemies":"Spheric Guardian","floor":19,"turns":6},{"damage":21,"enemies":"Centurion and Healer","floor":20,"turns":2}],"seed_played":"1752185658183694618","potions_obtained":[{"floor":1,"key":"SkillPotion"},{"floor":2,"key":"FearPotion"},{"floor":8,"key":"SteroidPotion"},{"floor":10,"key":"ElixirPotion"},{"floor":12,"key":"BloodPotion"},{"floor":14,"key":"EntropicBrew"},{"floor":18,"key":"DuplicationPotion"}],"is_trial":true,"path_per_floor":["M","M","M","?","M","R","M","E","T","M","M","M","M","M","R","B",null,"M","M","M"],"character_chosen":"IRONCLAD","items_purchased":[],"campfire_rested":2,"item_purchase_floors":[],"current_hp_per_floor":[75,71,63,63,46,70,58,28,28,24,12,19,34,49,94,38,104,47,13,0,0],"gold":415,"neow_bonus":"","is_daily":false,"chose_seed":false,"campfire_upgraded":0,"win_rate":0.0,"timestamp":1610043971,"path_taken":["M","M","M","?","M","R","M","E","T","M","M","M","M","M","R","BOSS","M","M","M"],"items_purchased_type":[],"build_version":"2020-12-22","purchased_purges":0,"victory":false,"max_hp_per_floor":[80,80,80,80,80,80,80,80,80,84,88,92,96,100,100,104,104,104,104,102,102],"card_choices":[{"not_picked":[],"picked":"BettingIsNotGood","floor":0},{"not_picked":["Clash+1","Anger+1"],"picked":"Feed+1","floor":8},{"not_picked":["Offering","Fiend Fire+1"],"picked":"Limit Break","floor":16}],"player_experience":72163,"relics_obtained":[{"floor":1,"key":"Smiling Mask"},{"floor":2,"key":"Torii"},{"floor":3,"key":"Molten Egg 2"},{"floor":5,"key":"PreservedInsect"},{"floor":7,"key":"CeramicFish"},{"floor":8,"key":"Prayer Wheel"},{"floor":9,"key":"Gremlin Horn"},{"floor":10,"key":"Art of War"},{"floor":11,"key":"TuHaoJin"},{"floor":12,"key":"Regal Pillow"},{"floor":13,"key":"InkBottle"},{"floor":14,"key":"DoctorsRemote"},{"floor":18,"key":"GuppysPaw"},{"floor":19,"key":"Darkstone Periapt"}],"event_choices":[{"cards_removed":["Strike_R"],"damage_healed":0,"gold_gain":0,"player_choice":"Purged","damage_taken":0,"max_hp_gain":0,"max_hp_loss":0,"event_name":"Purifier","floor":4,"gold_loss":0}],"is_beta":false,"boss_relics":[{"not_picked":["Snecko Eye","Empty Cage"],"picked":"SlaversCollar"},{"not_picked":[]}],"items_purged_floors":[],"is_endless":false,"potions_floor_spawned":[1,2,8,10,12,14,18],"killed_by":"Centurion and Healer","ascension_level":0}}