{"host":"qq27suot6m8koe0b","time":1610004219,"event":{"mods":["Act Like it!","BaseMod","CapriCore","GifTheSpireLib","Lobotomy","Minty Spire (QoL Compilation)","StSLib","Waifu the Spire"],"gold_per_floor":[110,110,131,131,131,131,14,14,37,37,37,60,81,105,105,235,235,250,266,266,266,266,266],"floor_reached":20,"playtime":733,"items_purged":[],"score":164,"play_id":"7445dbb3-23e5-4ad1-8eab-919b6f2862b3","local_time":"20210107152339","is_ascension_mode":false,"campfire_choices":[{"floor":6,"key":"REST"},{"data":"Static Discharge","floor":8,"key":"SMITH"},{"floor":11,"key":"REST"},{"data":"Dualcast","floor":15,"key":"SMITH"}],"circlet_count":0,"master_deck":["Strike_B","Strike_B","Strike_B","Strike_B","Defend_B","Defend_B","Defend_B","Defend_B+1","Zap+1","Dualcast+1","MHz","Static Discharge+1","NakedNest","Conserve Battery","Heatsinks","SingingMachine","Sunder","SpiderBud","Ball Lightning","DreamingCurrent","Conserve Battery","Electrodynamics","Wellcheers","CrumblingArmor","GreedKing","Hologram+1"],"relics":["Cracked Core","CogitoBucket","Golden Idol","Lizard Tail","Orichalcum","Busted Crown","ResearcherNote"],"acts_visited":[],"potions_floor_usage":[20],"damage_taken":[{"damage":1,"enemies":"2 Louse","floor":1,"turns":2},{"damage":1,"enemies":"Jaw Worm","floor":3,"turns":3},{"damage":0,"enemies":"Cultist","floor":12,"turns":4},{"damage":6,"enemies":"2 Fungi Beasts","floor":13,"turns":3},{"damage":4,"enemies":"Exordium Thugs","floor":14,"turns":3},{"damage":58,"enemies":"Hexaghost","floor":16,"turns":8},{"damage":59,"enemies":"Spheric Guardian","floor":18,"turns":4},{"damage":15,"enemies":"3 Byrds","floor":19,"turns":2},{"damage":50,"enemies":"3 Cultists","floor":20,"turns":5},{"damage":62,"enemies":"3 Cultists","floor":20,"turns":5}],"seed_played":"-3427582382865969956","potions_obtained":[{"floor":12,"key":"LiquidMemories"},{"floor":16,"key":"DistilledChaos"},{"floor":18,"key":"Fire Potion"}],"is_trial":false,"path_per_floor":["M","?","M","?","?","R","$","R","T","$","R","M","M","M","R","B",null,"M","M","M"],"character_chosen":"DEFECT","items_purchased":["Conserve Battery","Heatsinks"],"campfire_rested":2,"item_purchase_floors":[7,7],"current_hp_per_floor":[74,56,55,40,15,37,37,37,37,37,59,59,53,49,49,33,75,22,13,1,1,0,0],"gold":266,"neow_bonus":"","is_daily":false,"chose_seed":false,"campfire_upgraded":2,"win_rate":0.0,"timestamp":1610004219,"path_taken":["M","?","M","?","?","R","$","R","T","?","R","?","M","M","R","BOSS","M","M","M"],"items_purchased_type":["Card","Card"],"build_version":"2020-12-22","purchased_purges":0,"victory":false,"max_hp_per_floor":[75,75,75,75,75,75,75,75,75,75,75,75,75,75,75,75,75,75,75,75,75,75,75],"card_choices":[{"not_picked":["Funeral","Bloodbath","CherryBlossoms"],"picked":"Singing Bowl","floor":1},{"not_picked":["Rudolta","MeatLantern"],"picked":"MHz","floor":1},{"not_picked":["Redo","BootSequence"],"picked":"Static Discharge","floor":1},{"not_picked":["CherryBlossoms","MeatLantern"],"picked":"NakedNest","floor":3},{"not_picked":["Aggregate","Hologram","Sweeping Beam"],"picked":"SKIP","floor":3},{"not_picked":["Bloodbath","PunishingBird","Alriune"],"picked":"Singing Bowl","floor":12},{"not_picked":["OldLady","ShyLook"],"picked":"SingingMachine","floor":12},{"not_picked":["Turbo","Coolheaded"],"picked":"Sunder","floor":12},{"not_picked":["LittleHelper","PunishingBird"],"picked":"SpiderBud","floor":13},{"not_picked":["Turbo","Stack"],"picked":"Ball Lightning","floor":13},{"not_picked":["Scorched","WallGazer","FairyFestival"],"picked":"Singing Bowl","floor":14},{"not_picked":["RedShoes","OSAHOGD"],"picked":"DreamingCurrent","floor":14},{"not_picked":["Lockon","Skim"],"picked":"Conserve Battery","floor":14},{"not_picked":["Reboot","Biased Cognition"],"picked":"Electrodynamics","floor":16},{"not_picked":["Variant","MeatLantern","Scorched"],"picked":"Singing Bowl","floor":16},{"not_picked":["Alriune","Mercenary"],"picked":"Wellcheers","floor":16},{"not_picked":["Porccubus","LittlePrince"],"picked":"CrumblingArmor","floor":18},{"not_picked":["Leap"],"picked":"SKIP","floor":18},{"not_picked":["CherryBlossoms","Murderer","MeatLantern"],"picked":"Singing Bowl","floor":19},{"not_picked":["LaLuna","UniverseFragment"],"picked":"GreedKing","floor":19},{"not_picked":[],"picked":"Hologram+1","floor":19}],"player_experience":247885,"relics_obtained":[{"floor":9,"key":"Orichalcum"}],"event_choices":[{"damage_healed":0,"gold_gain":0,"player_choice":"Take Damage","damage_taken":18,"relics_obtained":["Golden Idol"],"max_hp_gain":0,"max_hp_loss":0,"event_name":"Golden Idol","floor":2,"gold_loss":0},{"damage_healed":0,"gold_gain":0,"player_choice":"Entered Light","damage_taken":15,"max_hp_gain":0,"max_hp_loss":0,"event_name":"Shining Light","floor":4,"gold_loss":0,"cards_upgraded":["Zap","Defend_B"]},{"damage_healed":0,"gold_gain":0,"player_choice":"Success","damage_taken":25,"relics_obtained":["Lizard Tail"],"max_hp_gain":0,"max_hp_loss":0,"event_name":"Scrap Ooze","floor":5,"gold_loss":0}],"is_beta":false,"boss_relics":[{"not_picked":["Snecko Eye","FrozenCore"],"picked":"Busted Crown"}],"items_purged_floors":[],"is_endless":false,"potions_floor_spawned":[12,16,18],"killed_by":"3 Cultists","ascension_level":0}}