{"host":"2n2g1vowfllvjtvi","time":1610039926,"event":{"mods":["AchievementEnabler","BaseMod","Custom Start","GifTheSpireLib","Keyboard Shortcuts","Minty Spire (QoL Compilation)","Quick Restart","Rare Cards Sparkle","StSLib","SuperFastMode"],"gold_per_floor":[112,112,112,22,22,22,40,67,118,118,148,167,182,182,182,255,255,271,0,0],"floor_reached":19,"playtime":271,"items_purged":[],"score":350,"play_id":"240d6c74-2f13-4a1a-8c8a-45d885422e34","local_time":"20210108021846","is_ascension_mode":true,"campfire_choices":[{"data":"Fire Breathing","floor":6,"key":"SMITH"},{"data":"Bash","floor":10,"key":"SMITH"},{"data":"Wild Strike","floor":15,"key":"SMITH"}],"circlet_count":0,"master_deck":["AscendersBane","Bash+1","Armaments+1","Fire Breathing+1","Wild Strike+1","Feed+1","Carnage+1","Offering","Ghostly Armor","Reckless Charge+1","Iron Wave+1","Limit Break","Iron Wave+1","Rupture","Feed+1","Hemokinesis+1","Seeing Red"],"relics":["Burning Blood","NeowsBlessing","Pear","Molten Egg 2","MealTicket","Red Skull","Pandora\u0027s Box"],"acts_visited":["Exordium","TheCity"],"potions_floor_usage":[12,13],"damage_taken":[{"damage":0,"enemies":"Cultist","floor":1,"turns":1},{"damage":0,"enemies":"2 Louse","floor":7,"turns":2},{"damage":0,"enemies":"Lagavulin","floor":8,"turns":1},{"damage":47,"enemies":"Gremlin Nob","floor":11,"turns":6},{"damage":0,"enemies":"Jaw Worm","floor":12,"turns":3},{"damage":14,"enemies":"Exordium Thugs","floor":13,"turns":4},{"damage":21,"enemies":"Hexaghost","floor":16,"turns":7},{"damage":28,"enemies":"2 Thieves","floor":18,"turns":4},{"damage":0,"enemies":"2 Thieves","floor":19,"turns":1}],"seed_played":"-6934248434153709783","potions_obtained":[{"floor":1,"key":"DuplicationPotion"},{"floor":11,"key":"DistilledChaos"}],"is_trial":false,"path_per_floor":["M","T","?","$","$","R","M","E","T","R","E","M","M","?","R","B",null,"M","?"],"character_chosen":"IRONCLAD","items_purchased":["Fire Breathing","Wild Strike"],"campfire_rested":0,"item_purchase_floors":[4,4],"current_hp_per_floor":[74,84,58,58,58,58,64,70,70,70,29,35,31,31,31,16,71,49,49,49],"gold":0,"neow_bonus":"THREE_ENEMY_KILL","is_daily":false,"chose_seed":false,"campfire_upgraded":3,"win_rate":0.0,"timestamp":1610039926,"path_taken":["M","?","?","?","$","R","M","E","T","R","E","M","?","?","R","BOSS","M","?"],"items_purchased_type":["Card","Card"],"build_version":"2020-12-22","purchased_purges":0,"victory":false,"max_hp_per_floor":[75,85,85,85,85,85,85,85,85,85,85,85,89,89,89,89,89,89,89,89],"card_choices":[{"not_picked":["Combust","Pommel Strike"],"picked":"Armaments","floor":1},{"not_picked":["Warcry","Havoc","Anger"],"picked":"SKIP","floor":7},{"not_picked":["Sentinel","Carnage+1"],"picked":"Feed+1","floor":8},{"not_picked":["Cleave+1","Wild Strike+1","Rampage+1"],"picked":"SKIP","floor":11},{"not_picked":["Clothesline+1","Entrench"],"picked":"Carnage+1","floor":12},{"not_picked":["Searing Blow+1","Iron Wave+1","Pommel Strike+1"],"picked":"SKIP","floor":13},{"not_picked":["Corruption","Feed+1"],"picked":"Offering","floor":16},{"not_picked":["Headbutt+1","Cleave+1"],"picked":"Seeing Red","floor":18}],"player_experience":425689,"relics_obtained":[{"floor":2,"key":"Pear"},{"floor":8,"key":"Molten Egg 2"},{"floor":9,"key":"MealTicket"},{"floor":11,"key":"Red Skull"}],"event_choices":[{"damage_healed":0,"gold_gain":0,"player_choice":"Entered Light","damage_taken":26,"max_hp_gain":0,"max_hp_loss":0,"event_name":"Shining Light","floor":3,"gold_loss":0,"cards_upgraded":["Armaments","Defend_R"]},{"cards_removed":["Strike_R"],"damage_healed":0,"gold_gain":0,"player_choice":"Forget","damage_taken":0,"max_hp_gain":0,"max_hp_loss":0,"event_name":"Living Wall","floor":14,"gold_loss":0},{"damage_healed":0,"gold_gain":0,"player_choice":"Paid Fearfully","damage_taken":0,"max_hp_gain":0,"max_hp_loss":0,"event_name":"Masked Bandits","floor":19,"gold_loss":271}],"is_beta":false,"boss_relics":[{"not_picked":["Cursed Key","Snecko Eye"],"picked":"Pandora\u0027s Box"}],"items_purged_floors":[],"is_endless":false,"potions_floor_spawned":[1,11],"killed_by":"2 Thieves","ascension_level":15}}