{"host":"u4pncpybdtxxvw4r","time":1610039672,"event":{"mods":["AchievementEnabler","BaseMod","Block Reminder","Colored Powertips","Downfall","Marisa£®ÏF”Í°°ƒß¿Ì…≥£©","Minty Spire (QoL Compilation)","Permanent Neow","Potion Indicator Mod","Rare Cards Sparkle","StSLib","SuperFastMode"],"gold_per_floor":[115,290,12,12,24,52,52,52,106,206,15,30,61,77,77,177,177,197,211,211,226,47,75,75,75,75,75,75,100,114,114,114,210,210,227,51,66,66,77,77,77,37,63,63,63],"floor_reached":44,"playtime":2343,"items_purged":["Doubt","Strike_G","Defend_G"],"score":477,"play_id":"291d1879-7d73-448f-a240-4de0e0a55f46","local_time":"20210108011432","is_ascension_mode":false,"campfire_choices":[{"data":"Calculated Gamble","floor":7.0,"key":"SMITH"},{"floor":15.0,"key":"REST"},{"floor":24,"key":"REST"},{"floor":28,"key":"REST"},{"data":"Calculated Gamble","floor":32,"key":"SMITH"},{"floor":40,"key":"RECALL"}],"circlet_count":0,"master_deck":["Defend_G","Defend_G","Defend_G","Defend_G","Survivor","Neutralize","Deadly Poison","Footwork+1","Backflip","Underhanded Strike","Calculated Gamble+1","Reflex","Eviscerate","Acrobatics","Tactician","Blur","Calculated Gamble+1","Bullet Time","Dagger Throw","Eviscerate","Bite","Bite","Bite","Bite","Bite","Eviscerate+1","Wraith Form v2+1","Prepared","Prepared+1","Parasite","expansioncontent:DefensiveMode","expansioncontent:DonusPower","Madness"],"relics":["Snecko Eye","Pantograph","Bag of Preparation","TheAbacus","Pen Nib","Runic Pyramid","Bottled Flame","Happy Flower","Ginger","Bottled Lightning","Fusion Hammer","Omamori"],"acts_visited":["Exordium","TheCity","TheBeyond"],"potions_floor_usage":[21,33,33],"damage_taken":[{"damage":0.0,"enemies":"2 Louse","floor":1.0,"turns":3.0},{"damage":0.0,"enemies":"Jaw Worm","floor":5.0,"turns":3.0},{"damage":31.0,"enemies":"Gremlin Nob","floor":6.0,"turns":5.0},{"damage":0.0,"enemies":"Cultist","floor":12.0,"turns":3.0},{"damage":6.0,"enemies":"Lagavulin","floor":13.0,"turns":5.0},{"damage":4.0,"enemies":"Exordium Thugs","floor":14.0,"turns":5.0},{"damage":57.0,"enemies":"Slime Boss","floor":16.0,"turns":17.0},{"damage":5.0,"enemies":"3 Byrds","floor":18.0,"turns":4.0},{"damage":0.0,"enemies":"2 Thieves","floor":19.0,"turns":3.0},{"damage":16,"enemies":"Shelled Parasite and Fungi","floor":21,"turns":4},{"damage":7,"enemies":"Book of Stabbing","floor":23,"turns":6},{"damage":16,"enemies":"Slavers","floor":29,"turns":6},{"damage":0,"enemies":"Centurion and Healer","floor":30,"turns":4},{"damage":38,"enemies":"Collector","floor":33,"turns":6},{"damage":1,"enemies":"Orb Walker","floor":35,"turns":2},{"damage":14,"enemies":"3 Shapes","floor":37,"turns":3},{"damage":1,"enemies":"Writhing Mass","floor":39,"turns":5},{"damage":53,"enemies":"Sphere and 2 Shapes","floor":44,"turns":7}],"seed_played":"5458814429269596193","potions_obtained":[{"floor":6.0,"key":"SkillPotion"},{"floor":12.0,"key":"FearPotion"},{"floor":14.0,"key":"LiquidMemories"},{"floor":19.0,"key":"ColorlessPotion"},{"floor":23,"key":"Guardian:BlockOnCardUsePotion"},{"floor":30,"key":"Swift Potion"},{"floor":33,"key":"Fire Potion"},{"floor":39,"key":"Strength Potion"}],"is_trial":false,"path_per_floor":["M","?","$","?","M","E","R","T","T","?","$","M","E","M","R","B",null,"M","M","?","M","$","E","R","?","T","?","R","E","M","T","R","B",null,"M","$","M","$","M","R","?","?","T","M"],"character_chosen":"THE_SILENT","items_purchased":["Footwork","Backflip","Underhanded Strike","Calculated Gamble","TheAbacus","Acrobatics","Eviscerate","Prepared"],"campfire_rested":3,"item_purchase_floors":[3,3,3,3,11,11,22,36],"current_hp_per_floor":[70,70,70,70,70,39,39,39,39,39,39,39,33,29,50,13,70,65,65,56,40,40,33,54,41,41,41,52,48,52,52,52,26,52,52,52,42,42,52,52,42,42,42,0,0],"gold":63,"neow_bonus":"BOSS_RELIC","is_daily":false,"chose_seed":false,"campfire_upgraded":2,"win_rate":0.0,"timestamp":1610039672,"path_taken":["M","?","$","?","?","E","R","?","T","?","$","M","E","?","R","BOSS","M","M","?","M","$","E","R","?","T","?","R","E","M","?","R","BOSS","M","$","M","$","M","R","?","?","T","M"],"items_purchased_type":["Card","Card","Card","Card","Relic","Card","Card","Card"],"build_version":"2020-12-22","purchased_purges":3,"victory":false,"max_hp_per_floor":[70,70,70,70,70,70,70,70,70,70,70,70,70,70,70,70,70,70,70,70,70,70,70,70,75,75,52,52,52,52,52,52,52,52,52,52,52,52,52,52,52,52,52,52,52],"card_choices":[{"not_picked":["Bane","Prepared"],"picked":"Deadly Poison","floor":1.0},{"not_picked":["Accuracy","Escape Plan"],"picked":"Reflex","floor":5.0},{"not_picked":["Poisoned Stab","Flying Knee"],"picked":"Eviscerate","floor":6.0},{"not_picked":["Deadly Poison","Flying Knee"],"picked":"Tactician","floor":12.0},{"not_picked":["Caltrops","Skewer"],"picked":"Blur","floor":13.0},{"not_picked":["Crippling Poison","Dagger Spray"],"picked":"Calculated Gamble","floor":14.0},{"not_picked":["Unload","Glass Knife"],"picked":"Bullet Time","floor":16.0},{"not_picked":["Slice","Cloak And Dagger","Choke"],"picked":"SKIP","floor":18.0},{"not_picked":["Accuracy","Flying Knee+1"],"picked":"Dagger Throw","floor":19.0},{"not_picked":["Slice","Cloak And Dagger","Deflect"],"picked":"SKIP","floor":21},{"not_picked":["Blade Dance","Crippling Poison","Dash+1"],"picked":"SKIP","floor":23},{"not_picked":["Poisoned Stab","Backflip"],"picked":"Eviscerate+1","floor":29},{"not_picked":["Underhanded Strike","Crippling Poison","Riddle With Holes"],"picked":"SKIP","floor":30},{"not_picked":["Storm of Steel","Venomology"],"picked":"Wraith Form v2","floor":33},{"not_picked":["Quick Slash","Dagger Throw","Blade Dance+1"],"picked":"SKIP","floor":35},{"not_picked":["Expertise+1","Malaise"],"picked":"Prepared+1","floor":37},{"not_picked":["Underhanded Strike+1","Terror","Bane+1"],"picked":"SKIP","floor":39},{"not_picked":["expansioncontent:BronzeBeam","expansioncontent:TimeRipple"],"picked":"expansioncontent:DefensiveMode","floor":41},{"not_picked":["expansioncontent:Torchfire","expansioncontent:ManipulateTime"],"picked":"expansioncontent:DonusPower","floor":41},{"not_picked":["expansioncontent:Flail","expansioncontent:Torchfire"],"picked":"Madness","floor":41}],"player_experience":48184,"relics_obtained":[{"floor":6.0,"key":"Pantograph"},{"floor":9.0,"key":"Bag of Preparation"},{"floor":13.0,"key":"Pen Nib"},{"floor":23,"key":"Bottled Flame"},{"floor":26,"key":"Happy Flower"},{"floor":29,"key":"Ginger"},{"floor":31,"key":"Bottled Lightning"},{"floor":43,"key":"Omamori"}],"event_choices":[{"damage_healed":0.0,"max_hp_gain":0.0,"max_hp_loss":0.0,"gold_gain":175.0,"event_name":"Liars Game","player_choice":"AGREE","floor":2.0,"gold_loss":0.0,"damage_taken":0.0,"cards_obtained":["Doubt"]},{"damage_healed":0.0,"max_hp_gain":0.0,"max_hp_loss":0.0,"gold_gain":0.0,"event_name":"Upgrade Shrine","player_choice":"Upgraded","floor":4.0,"gold_loss":0.0,"damage_taken":0.0,"cards_upgraded":["Footwork"]},{"damage_healed":0.0,"max_hp_gain":0.0,"max_hp_loss":0.0,"gold_gain":100.0,"event_name":"Golden Shrine","player_choice":"Pray","floor":10.0,"gold_loss":0.0,"damage_taken":0.0},{"damage_healed":0.0,"max_hp_gain":0.0,"max_hp_loss":0.0,"gold_gain":0.0,"event_name":"Cursed Tome","player_choice":"Stopped","floor":20.0,"gold_loss":0.0,"damage_taken":9.0},{"damage_healed":0,"gold_gain":0,"player_choice":"Shed Blood","damage_taken":18,"max_hp_gain":5,"max_hp_loss":0,"event_name":"Forgotten Altar","floor":25,"gold_loss":0},{"damage_healed":0,"gold_gain":0,"player_choice":"Became a vampire","damage_taken":0,"max_hp_gain":0,"max_hp_loss":23,"event_name":"Vampires","floor":27,"gold_loss":0,"cards_obtained":["Bite","Bite","Bite","Bite","Bite"]},{"damage_healed":0,"gold_gain":0,"player_choice":"Memory 3","damage_taken":10,"max_hp_gain":0,"max_hp_loss":0,"event_name":"SensoryStone","floor":41,"gold_loss":0},{"damage_healed":0,"gold_gain":0,"player_choice":"Upgrade","damage_taken":0,"max_hp_gain":0,"max_hp_loss":0,"event_name":"Designer","floor":42,"gold_loss":40,"cards_upgraded":["Wraith Form v2"]}],"is_beta":false,"boss_relics":[{"not_picked":["Black Star","HoveringKite"],"picked":"Runic Pyramid"},{"not_picked":["SacredBark","Cursed Key"],"picked":"Fusion Hammer"}],"items_purged_floors":[3,22,36],"is_endless":false,"potions_floor_spawned":[6,12,14,19,23,30,33,39],"killed_by":"Sphere and 2 Shapes","ascension_level":0}}