{"host":"ggy1mjjy92c62u6a","time":1610031399,"event":{"mods":["10 clothes from DAL","Act Like it!","BaseMod","Colored Powertips","GifTheSpireLib","Library of Ruina","Minty Spire (QoL Compilation)","Pale of the Ancients","Quick Restart","Relic Stats","Shop Mod","Spicy Shops","StSLib","¡¾ÒÅÎï¿¨ÅÆ¡¿REMEMod"],"gold_per_floor":[120,120,133,133,158,178,209,209,209,228,228,268,268,281,281,404,404,439,139,160,179,195,195,230,230,230,230,246,279,279,299,299,420,420,443,443,466,491,554,554,572,572,599,639,662,662,676,701,701,701,745,770,770,286,286,305,305,4,4,4],"floor_reached":61,"playtime":1575,"items_purged":["DegradedFairy","DegradedFairy","DegradedPillar","Clumsy","EnergyConversion+1"],"score":1759,"play_id":"9d039137-2ac8-4f94-af1f-06c262ecb6d5","local_time":"20210107225639","is_ascension_mode":false,"campfire_choices":[{"data":"Mayhem","floor":8.0,"key":"SMITH"},{"data":"FrontalAssault","floor":11.0,"key":"SMITH"},{"data":"HandlingWork","floor":15.0,"key":"SMITH"},{"data":"Faith","floor":23,"key":"SMITH"},{"data":"FrontalAssault","floor":25,"key":"SMITH"},{"data":"DegradedChain","floor":27,"key":"SMITH"},{"data":"AGoldenOpportunity","floor":32,"key":"SMITH"},{"data":"ClassAndRespect","floor":40,"key":"SMITH"},{"data":"WillProduceFineSilk","floor":42,"key":"SMITH"},{"data":"DegradedShockwave","floor":49,"key":"SMITH"},{"data":"Faith","floor":55,"key":"SMITH"},{"data":"DegradedChain","floor":57,"key":"SMITH"}],"circlet_count":0,"master_deck":["DegradedChain+1","DegradedChain+1","DegradedLock+1","DegradedPillar","DegradedShockwave+1","WillProduceFineSilk+1","Mayhem+1","AGoldenOpportunity+1","HandlingWork+1","FrontalAssault+1","ClassAndRespect+1","FrontalAssault+1","Faith+1","FierceCharge+1","RushDown+1","Quickness+1","FrontalAssault+1","FrontalAssault+1","Faith+1"],"relics":["PageOfLibrarian","REME_ComplimentaryCards","Golden Idol","Tiny Chest","DALC_NINE","DALC_TEN","Membership Card","MerchantsRug","Happy Flower","REME_HandOfSuture","PageOfLaetitia","Molten Egg 2","Eternal Feather","SlaversCollar","DALC_SIX","War Paint","Letter Opener","paleoftheancients:Timepiece","Gremlin Horn","CultistMask","PageOfSingingMachine","PageOfBloodbath","PageOfGreed","PageOfAlriune","paleoftheancients:SoulOfTheVixen","PageOfPorccubus","PageOfUniverseFragment","Medical Kit"],"acts_visited":["Exordium","TheCity","TheBeyond","paleoftheancients:PaleOfTheAncients"],"potions_floor_usage":[18,51],"damage_taken":[{"damage":0.0,"enemies":"Jaw Worm","floor":1.0,"turns":1.0},{"damage":0.0,"enemies":"Small Slimes","floor":3.0,"turns":1.0},{"damage":0.0,"enemies":"Cultist","floor":5.0,"turns":1.0},{"damage":0.0,"enemies":"Gremlin Gang","floor":6.0,"turns":2.0},{"damage":0.0,"enemies":"Lagavulin","floor":7.0,"turns":3.0},{"damage":0.0,"enemies":"2 Fungi Beasts","floor":10.0,"turns":3.0},{"damage":0.0,"enemies":"Gremlin Nob","floor":12.0,"turns":3.0},{"damage":0.0,"enemies":"3 Louse","floor":14.0,"turns":1.0},{"damage":0.0,"enemies":"The Guardian","floor":16.0,"turns":3.0},{"damage":0,"enemies":"2 Thieves","floor":18,"turns":2},{"damage":0,"enemies":"Chosen","floor":20,"turns":1},{"damage":0,"enemies":"Shelled Parasite and Fungi","floor":21,"turns":2},{"damage":0,"enemies":"Centurion and Healer","floor":22,"turns":2},{"damage":41,"enemies":"REME_1_Revenger","floor":24,"turns":4},{"damage":4,"enemies":"3 Cultists","floor":28,"turns":3},{"damage":0,"enemies":"Book of Stabbing","floor":29,"turns":1},{"damage":0,"enemies":"Cultist and Chosen","floor":31,"turns":1},{"damage":8,"enemies":"Champ","floor":33,"turns":3},{"damage":0,"enemies":"3 Shapes","floor":35,"turns":1},{"damage":0,"enemies":"3 Darklings","floor":37,"turns":1},{"damage":4,"enemies":"Spire Growth","floor":38,"turns":2},{"damage":3,"enemies":"Mind Bloom Boss Battle","floor":39,"turns":2},{"damage":4,"enemies":"Maw","floor":41,"turns":2},{"damage":0,"enemies":"Nemesis","floor":44,"turns":1},{"damage":4,"enemies":"3 Darklings","floor":45,"turns":2},{"damage":0,"enemies":"4 Shapes","floor":47,"turns":1},{"damage":6,"enemies":"Sphere and 2 Shapes","floor":48,"turns":2},{"damage":4,"enemies":"Donu and Deca","floor":50,"turns":4},{"damage":48,"enemies":"Donu and Deca","floor":51,"turns":4},{"damage":119,"enemies":"Donu and Deca","floor":52,"turns":8},{"damage":12,"enemies":"Donu and Deca","floor":56,"turns":5},{"damage":16,"enemies":"paleoftheancients:N","floor":60,"turns":6}],"seed_played":"-4403294867689504259","potions_obtained":[{"floor":5.0,"key":"Energy Potion"},{"floor":6.0,"key":"FairyPotion"},{"floor":16.0,"key":"Weak Potion"},{"floor":18,"key":"Fruit Juice"},{"floor":29,"key":"Explosive Potion"},{"floor":48,"key":"REME_GoldPotion"}],"is_trial":false,"path_per_floor":["M","?","M","?","M","M","E","R","T","M","R","E","?","M","R","B",null,"M","$","M","M","M","R","E","R","T","R","M","E","T","M","R","B",null,"M","?","M","M","?","R","M","R","T","E","M","T","M","M","R","B","M","M","?","$","R","M","R","$","?","B",null],"character_chosen":"Librarian","items_purchased":["Membership Card","MerchantsRug","Happy Flower","Faith","PageOfSingingMachine","PageOfBloodbath","PageOfGreed","PageOfAlriune","PageOfPorccubus","PageOfUniverseFragment","Medical Kit"],"campfire_rested":0,"item_purchase_floors":[19,19,19,54,54,54,54,54,58,58,58],"current_hp_per_floor":[60,38,38,38,38,38,38,38,38,38,38,38,52,52,52,52,104,109,109,109,109,109,109,68,68,68,68,64,64,64,64,73,65,109,109,109,109,105,102,109,105,109,109,109,105,105,105,99,109,109,85,71,71,71,83,90,102,102,102,102],"gold":4,"neow_bonus":"ONE_RANDOM_RARE_CARD","is_daily":false,"chose_seed":false,"campfire_upgraded":12,"win_rate":0.0,"timestamp":1610031399,"path_taken":["M","?","M","?","M","M","E","R","T","M","R","E","?","?","R","BOSS","M","$","M","M","M","R","E","R","T","R","?","E","?","M","R","BOSS","M","?","?","M","?","R","M","R","T","E","M","?","M","?","R","BOSS","M","M","?","$","R","M","R","$","?","BOSS"],"items_purchased_type":["Relic","Relic","Relic","Card","Relic","Relic","Relic","Relic","Relic","Relic","Relic"],"build_version":"2020-12-22","purchased_purges":5,"victory":true,"max_hp_per_floor":[90,90,90,90,90,90,90,90,90,90,90,90,104,104,104,104,104,109,109,109,109,109,109,109,109,109,109,109,109,109,109,109,109,109,109,109,109,109,109,109,109,109,109,109,109,109,109,109,109,109,109,109,109,109,109,109,109,109,109,109],"relic_stats":{"Happy Flower":[19],"Gremlin Horn":[8,8],"counters":[32,77],"Golden Idol":231,"Tiny Chest":2,"Eternal Feather":54,"Letter Opener":[81],"War Paint":[],"Medical Kit":[0],"obtain_stats":[{"Gremlin Horn":50,"Mango":13,"PageOfAlriune":54,"PageOfSingingMachine":54,"PageOfGreed":54,"Tiny Chest":7,"MerchantsRug":19,"DALC_TEN":17,"Happy Flower":19,"Golden Idol":2,"DALC_SIX":39,"Eternal Feather":30,"PageOfBloodbath":54,"paleoftheancients:SoulOfTheVixen":56,"Letter Opener":44,"War Paint":43,"Medical Kit":58,"White Beast Statue":46,"PageOfLibrarian":0,"paleoftheancients:Timepiece":50,"SlaversCollar":34,"Bottled Flame":9,"PageOfLaetitia":26,"Molten Egg 2":29,"REME_HandOfSuture":24,"CultistMask":50,"DALC_NINE":12,"Membership Card":19,"PageOfPorccubus":58,"REME_ComplimentaryCards":0,"PageOfUniverseFragment":58},{"Gremlin Horn":28,"Mango":7,"PageOfAlriune":30,"PageOfSingingMachine":30,"PageOfGreed":30,"Tiny Chest":5,"MerchantsRug":10,"DALC_TEN":9,"Happy Flower":10,"Golden Idol":1,"DALC_SIX":22,"Eternal Feather":16,"PageOfBloodbath":30,"paleoftheancients:SoulOfTheVixen":31,"Letter Opener":24,"War Paint":23,"Medical Kit":31,"White Beast Statue":25,"PageOfLibrarian":0,"paleoftheancients:Timepiece":28,"SlaversCollar":18,"Bottled Flame":5,"PageOfLaetitia":14,"Molten Egg 2":16,"REME_HandOfSuture":14,"CultistMask":28,"DALC_NINE":7,"Membership Card":10,"PageOfPorccubus":31,"REME_ComplimentaryCards":0,"PageOfUniverseFragment":31},{"Gremlin Horn":54,"Mango":13,"PageOfAlriune":66,"PageOfSingingMachine":66,"PageOfGreed":66,"Tiny Chest":8,"MerchantsRug":19,"DALC_TEN":17,"Happy Flower":19,"Golden Idol":1,"DALC_SIX":42,"Eternal Feather":32,"PageOfBloodbath":66,"paleoftheancients:SoulOfTheVixen":71,"Letter Opener":45,"War Paint":44,"Medical Kit":71,"White Beast Statue":47,"PageOfLibrarian":0,"paleoftheancients:Timepiece":54,"SlaversCollar":36,"Bottled Flame":8,"PageOfLaetitia":28,"Molten Egg 2":32,"REME_HandOfSuture":28,"CultistMask":54,"DALC_NINE":13,"Membership Card":19,"PageOfPorccubus":71,"REME_ComplimentaryCards":0,"PageOfUniverseFragment":71}]},"card_choices":[{"not_picked":["SearingSword","GuidanceOfTheGears","DesperateStruggle","GrazeTheGrass","MultiBlock","IllEndYou","DevastatingThrash","StrongStrike"],"picked":"Rewind","floor":1.0},{"not_picked":["EnergyStrike","ShockingBlow","ExtremeEdge","MultiBlock","IronWall","HighKick","Clone","IngredientHunt","DimensionalRift"],"picked":"SKIP","floor":3.0},{"not_picked":["NightInTheBackstreets","QuickSuppression","CookingPrep","FeatherShield","HiddenBlade","CutIn","UpbeatPerformance","SpearedSweep","SinglePointStab"],"picked":"SKIP","floor":5.0},{"not_picked":["SpearedSweep","WillProduceFineSilk","Multislash","SuppressingShot","BayonetCombat","DarkCloud","Leap_lor","ClassAndRespect"],"picked":"AGoldenOpportunity","floor":6.0},{"not_picked":["RhinoRam","Wallop_lor","PreparedMind","Guardian_lor","PuppetBlockade","FocusFire","FleshFillet","DimensionalRift"],"picked":"HandlingWork","floor":7.0},{"not_picked":["EnergyStrike","SweepTheBackstreets","WaitUp","Bvapour","Slice_lor","Quickness","SinglePointStab","DarkCloud"],"picked":"FrontalAssault","floor":10.0},{"not_picked":["Rewind","InkOver","AsThePrescriptOrders","HardRehearsal","ProselytesBlade","Transpierce","YourShield","SunsetBlade","PinpointShot"],"picked":"SKIP","floor":12.0},{"not_picked":["NightInTheBackstreets","Fence","ChopItOff","WillOfThePrescript","SmokingPipe","Eliminate","HiddenBlade","InhaleSmoke"],"picked":"ClassAndRespect","floor":14.0},{"not_picked":["StrongStrike","InnerArdor","Pound","NightInTheBackstreets","Parry","Rewind","SturdyDefense","Reload"],"picked":"FrontalAssault","floor":18},{"not_picked":["DimensionalRift","Bvapour+1","Outburst","Tttonst","HiddenBlade+1","FaintMemories","PinpointShot+1","Leap_lor"],"picked":"Faith","floor":20},{"not_picked":["YoureAHindrance","PreemptiveStrike+1","BindingArms+1","HiddenBlade","EnergyStrike","Rewind+1","ProselytesBlade","SharpSwipe","EnergyBeam"],"picked":"SKIP","floor":21},{"not_picked":["SweepTheBackstreets+1","HandleRequest","StructuralAnalysis","UpbeatPerformance","FeatherShield+1","SuppressingShot","NightInTheBackstreets","EnergyStrike"],"picked":"FierceCharge+1","floor":22},{"not_picked":["Clone","NonstopAssault","GuidanceOfTheGears","GutHarvesting","GuardingStance","PinpointShot+1","FormingStorm","FleetFootsteps"],"picked":"RushDown+1","floor":24},{"not_picked":["FocusFire+1","MultiHit","SunsetBlade","PinpointShot+1","Marionette","QuickAttack","NightInTheBackstreets+1","FierceCharge+1","Unlock1"],"picked":"SKIP","floor":28},{"not_picked":["BladeWhirl+1","PreparedMind","RhinoRam+1","IronWall","SenseQuarry","DefenseOrder+1","AutonomousRush+1","Parry+1"],"picked":"EnergyConversion+1","floor":29},{"not_picked":["SpearedSweep+1","UpbeatPerformance+1","Track+1","BattleCommand","Tailoring+1","SmokingPipe","BulkyImpact+1","ShockingBlow+1"],"picked":"Quickness+1","floor":31},{"not_picked":["Marionette","EnergyStrike+1","Reload","Pound+1","DesperateStruggle+1","Decapitation+1","HandleRequest+1","Unlock1+1","TrimTheIngredients+1"],"picked":"SKIP","floor":35},{"not_picked":["StrongStrike+1","EnergyShield","FleetEdge+1","Wallop_lor+1","EnergyStrike+1","WrathOfTorment+1","Pound+1","Diversion+1","QuickSuppression+1"],"picked":"SKIP","floor":37},{"not_picked":["ClassAndRespect+1","GuidanceOfTheGears+1","SuppressingShot+1","SunsetBlade","QuickSuppression+1","TimeForALittleTest+1","Guardian_lor+1","QuickAttack+1"],"picked":"FrontalAssault+1","floor":38},{"not_picked":["Pound+1","HiddenBlade+1","Concentration+1","HighSpeedStabbing+1","Leap_lor+1","DarkCloud+1","Diversion+1","Retaliate+1","MindWhip+1"],"picked":"SKIP","floor":41},{"not_picked":["SavageMode+1","IngredientHunt+1","Parry+1","Diversion+1","SilentMist","SharpSwipe+1","HandleRequest+1","Multislash+1","HighKick+1"],"picked":"SKIP","floor":44},{"not_picked":["MultiBlock","SilentMist","LossOfSenses+1","EndlessBattle+1","YoureAHindrance+1","Eliminate+1","Diversion+1","FleetFootsteps","Creak"],"picked":"SKIP","floor":45},{"not_picked":["Standoff+1","SmokingPipe+1","Pound+1","GrazeTheGrass+1","PinpointShot+1","ReadyUp+1","MultiBlock","StrongStrike+1","HardRehearsal+1"],"picked":"SKIP","floor":47},{"not_picked":["Disposal+1","Parry+1","FierceCharge+1","Feast+1","Multislash+1","FeatherShield+1","UpbeatPerformance+1","GoinFirst+1","PreparedMind"],"picked":"SKIP","floor":48},{"not_picked":["NightInTheBackstreets+1","Diversion+1","AsThePrescriptOrders+1","Wallop_lor+1","EndlessBattle+1","QuickSuppression+1","Unlock1+1","WillOfThePrescript","Standoff+1"],"picked":"SKIP","floor":51},{"not_picked":["QuickSuppression+1","IngredientHunt+1","BulkyImpact+1","Parry+1","UnavoidableGaze+1","WillOfThePrescript+1","SkyClearingCut+1","TieShanKao+1"],"picked":"FrontalAssault+1","floor":52},{"not_picked":["SinglePointStab+1","HandlingWork+1","HighKick+1","FleetEdge+1","ButterflySlash+1","DefenseOrder","SmokingPipe","InnerArdor","SunsetBlade+1"],"picked":"SKIP","floor":56}],"player_experience":42766,"relics_obtained":[{"floor":7.0,"key":"Tiny Chest"},{"floor":9.0,"key":"Bottled Flame"},{"floor":12.0,"key":"DALC_NINE"},{"floor":24,"key":"REME_HandOfSuture"},{"floor":26,"key":"PageOfLaetitia"},{"floor":29,"key":"Molten Egg 2"},{"floor":30,"key":"Eternal Feather"},{"floor":39,"key":"DALC_SIX"},{"floor":43,"key":"War Paint"},{"floor":44,"key":"Letter Opener"},{"floor":46,"key":"White Beast Statue"},{"floor":56,"key":"paleoftheancients:SoulOfTheVixen"}],"event_choices":[{"damage_healed":0.0,"max_hp_gain":0.0,"max_hp_loss":0.0,"gold_gain":0.0,"event_name":"Golden Idol","player_choice":"Take Damage","floor":2.0,"gold_loss":0.0,"damage_taken":22.0,"relics_obtained":["Golden Idol"]},{"damage_healed":0.0,"max_hp_gain":0.0,"max_hp_loss":0.0,"gold_gain":0.0,"event_name":"Living Wall","player_choice":"Grow","floor":4.0,"gold_loss":0.0,"damage_taken":0.0,"cards_upgraded":["DegradedLock"]},{"cards_removed":["Rewind"],"damage_healed":0.0,"max_hp_gain":0.0,"max_hp_loss":0.0,"gold_gain":0.0,"event_name":"WeMeetAgain","player_choice":"Gave Card","floor":13.0,"gold_loss":0.0,"damage_taken":0.0,"relics_obtained":["Mango"]},{"damage_healed":0,"gold_gain":0,"player_choice":"Bought 0 Potions","damage_taken":0,"max_hp_gain":0,"max_hp_loss":0,"event_name":"The Woman in Blue","floor":36,"gold_loss":0},{"damage_healed":0,"gold_gain":0,"player_choice":"Fight","damage_taken":0,"max_hp_gain":0,"max_hp_loss":0,"event_name":"MindBloom","floor":39,"gold_loss":0},{"cards_removed":["DegradedFairy"],"damage_healed":0,"gold_gain":0,"player_choice":"Purged","damage_taken":0,"max_hp_gain":0,"max_hp_loss":0,"event_name":"Purifier","floor":53,"gold_loss":0}],"is_beta":false,"boss_relics":[{"not_picked":["Busted Crown","Velvet Choker"],"picked":"DALC_TEN"},{"not_picked":["REME_ChargedStone","REME_DuelDisc"],"picked":"SlaversCollar"}],"items_purged_floors":[19,19,54,58,58],"is_endless":false,"potions_floor_spawned":[5,6,14,16,18,21,29,37,39,47,48,51,52,56],"ascension_level":0}}