{"host":"g01l53quoe6lrer0","time":1610012790,"event":{"mods":["2.2 Compatiblity","AchievementEnabler","BaseMod","Colored Map","Highlight Path","Keyboard Shortcuts","Minty Spire (QoL Compilation)","Permanent Neow","StSLib","SuperFastMode","everything is the same but u backflip on backflip"],"gold_per_floor":[110,126,141,160,176,190,222,222,222,242,242,252,281,246,246,348,348,359,374,374,374,224,224,254,254,254,254,272,197,208,123,123,226,235,256,272,192,251,265,265,265,265,288,288,67,67,84,96,96,96],"floor_reached":51,"playtime":2727,"items_purged":["Deadly Poison","Strike_G+1","Strike_G+1"],"score":939,"play_id":"7dc2a13a-358b-45b2-9051-d9b17367b5c6","local_time":"20210107184630","is_ascension_mode":true,"campfire_choices":[{"data":"Neutralize","floor":11.0,"key":"SMITH"},{"data":"Well Laid Plans","floor":15.0,"key":"SMITH"},{"floor":23.0,"key":"REST"},{"data":"Calculated Gamble","floor":27.0,"key":"SMITH"},{"floor":32.0,"key":"REST"},{"data":"Tactician","floor":40.0,"key":"SMITH"},{"data":"Footwork","floor":42.0,"key":"SMITH"},{"data":"Reflex","floor":44.0,"key":"SMITH"},{"data":"Backflip","floor":46.0,"key":"SMITH"},{"data":"Grand Finale","floor":49,"key":"SMITH"}],"circlet_count":0,"master_deck":["Strike_G+1","Strike_G+1","Defend_G+1","Defend_G+1","Defend_G+1","Defend_G+1","Defend_G+1","Survivor","Neutralize+1","Unload","Backflip+1","Footwork+1","Tactician+1","Reflex+1","Acrobatics","Underhanded Strike","Well Laid Plans+1","Grand Finale+1","Reflex+1","Tactician+1","Calculated Gamble+1","CurseOfTheBell","Acrobatics+1","Setup+1"],"relics":["Ring of the Snake","Darkstone Periapt","Ancient Tea Set","Odd Mushroom","Turnip","Sozu","CeramicFish","Sundial","Shuriken","Calling Bell","Pen Nib","The Courier","Thread and Needle","Du-Vu Doll","Blood Vial","Frozen Eye"],"acts_visited":["Exordium","TheCity","TheBeyond","TheBeyond"],"potions_floor_usage":[],"damage_taken":[{"damage":0.0,"enemies":"Cultist","floor":1.0,"turns":4.0},{"damage":0.0,"enemies":"2 Louse","floor":2.0,"turns":3.0},{"damage":0.0,"enemies":"Small Slimes","floor":3.0,"turns":3.0},{"damage":0.0,"enemies":"3 Louse","floor":4.0,"turns":4.0},{"damage":1.0,"enemies":"2 Fungi Beasts","floor":5.0,"turns":5.0},{"damage":12.0,"enemies":"Large Slime","floor":6.0,"turns":12.0},{"damage":9.0,"enemies":"Lagavulin","floor":7.0,"turns":7.0},{"damage":0.0,"enemies":"The Mushroom Lair","floor":10.0,"turns":4.0},{"damage":0.0,"enemies":"3 Louse","floor":12.0,"turns":3.0},{"damage":17.0,"enemies":"3 Sentries","floor":13.0,"turns":9.0},{"damage":13.0,"enemies":"Hexaghost","floor":16.0,"turns":9.0},{"damage":18.0,"enemies":"2 Thieves","floor":18.0,"turns":3.0},{"damage":0.0,"enemies":"Chosen","floor":19.0,"turns":3.0},{"damage":0.0,"enemies":"Gremlin Leader","floor":24.0,"turns":5.0},{"damage":0.0,"enemies":"Sentry and Sphere","floor":28.0,"turns":4.0},{"damage":9.0,"enemies":"Snecko","floor":30.0,"turns":6.0},{"damage":19.0,"enemies":"Collector","floor":33.0,"turns":9.0},{"damage":0.0,"enemies":"Orb Walker","floor":35.0,"turns":3.0},{"damage":0.0,"enemies":"3 Shapes","floor":36.0,"turns":5.0},{"damage":0.0,"enemies":"Mind Bloom Boss Battle","floor":38.0,"turns":4.0},{"damage":3.0,"enemies":"Sphere and 2 Shapes","floor":39.0,"turns":3.0},{"damage":0.0,"enemies":"3 Darklings","floor":47.0,"turns":4.0},{"damage":0,"enemies":"Spire Growth","floor":48,"turns":4},{"damage":15,"enemies":"Donu and Deca","floor":50,"turns":9}],"seed_played":"-2542054337997089108","potions_obtained":[{"floor":2.0,"key":"Swift Potion"},{"floor":3.0,"key":"Fire Potion"},{"floor":4.0,"key":"ColorlessPotion"},{"floor":7.0,"key":"CunningPotion"},{"floor":13.0,"key":"SkillPotion"},{"floor":16.0,"key":"SpeedPotion"}],"is_trial":false,"path_per_floor":["M","M","M","M","M","M","E","?","T","?","R","M","E","?","R","B",null,"M","M","?","?","$","R","E","?","T","R","M","?","M","?","R","B",null,"M","M","$","?","M","R","?","R","T","R","$","R","M","M","R","B",null],"character_chosen":"THE_SILENT","items_purchased":["Calculated Gamble","Frozen Eye"],"campfire_rested":2,"item_purchase_floors":[22,45],"current_hp_per_floor":[63,63,63,63,62,50,41,41,41,41,41,41,24,41,41,28,60,42,42,42,29,29,51,51,51,51,51,51,51,42,42,64,45,79,79,79,79,79,76,76,76,76,76,76,76,76,78,80,80,66],"gold":96,"neow_bonus":"ONE_RANDOM_RARE_CARD","is_daily":false,"chose_seed":false,"campfire_upgraded":8,"win_rate":0.0,"timestamp":1610012790,"path_taken":["M","M","?","M","M","M","E","?","T","?","R","M","E","?","R","BOSS","M","M","?","?","$","R","E","?","T","R","M","?","M","?","R","BOSS","M","M","$","?","M","R","?","R","T","R","$","R","M","M","R","BOSS"],"items_purchased_type":["Card","Relic"],"build_version":"2020-12-22","purchased_purges":3,"victory":true,"max_hp_per_floor":[70,70,70,70,70,70,70,70,70,70,70,70,70,70,70,70,70,70,70,70,75,75,75,75,75,75,75,75,75,75,75,75,75,81,81,81,81,81,81,81,81,81,81,81,81,81,81,81,81,81],"card_choices":[{"not_picked":["Endless Agony","Expertise"],"picked":"Backflip","floor":1.0},{"not_picked":["Quick Slash","Endless Agony"],"picked":"Deadly Poison","floor":2.0},{"not_picked":["Caltrops","Bouncing Flask"],"picked":"Footwork","floor":3.0},{"not_picked":["Outmaneuver","Blade Dance"],"picked":"Tactician","floor":4.0},{"not_picked":["Riddle With Holes","Prepared","Concentrate"],"picked":"SKIP","floor":5.0},{"not_picked":["Poisoned Stab","Eviscerate"],"picked":"Reflex","floor":6.0},{"not_picked":["Sucker Punch","Deadly Poison"],"picked":"Acrobatics","floor":7.0},{"not_picked":["Caltrops","Slice"],"picked":"Dagger Throw","floor":10.0},{"not_picked":["Escape Plan","Prepared"],"picked":"Underhanded Strike","floor":12.0},{"not_picked":["Dagger Throw","Envenom"],"picked":"Well Laid Plans","floor":13.0},{"not_picked":["Unload","Die Die Die"],"picked":"Grand Finale","floor":16.0},{"not_picked":["Cloak And Dagger+1","Blade Dance+1"],"picked":"Reflex+1","floor":18.0},{"not_picked":["Bane","Deflect+1"],"picked":"Tactician+1","floor":19.0},{"not_picked":["Sucker Punch","Quick Slash","All Out Attack"],"picked":"SKIP","floor":24.0},{"not_picked":["Blade Dance","Accuracy+1","Dagger Throw"],"picked":"SKIP","floor":28.0},{"not_picked":["Noxious Fumes+1","Distraction","Endless Agony"],"picked":"SKIP","floor":30.0},{"not_picked":["Noxious Fumes+1","Flying Knee"],"picked":"Acrobatics+1","floor":35.0},{"not_picked":["Outmaneuver","Deadly Poison+1","Dodge and Roll"],"picked":"SKIP","floor":36.0},{"not_picked":["Tools of the Trade","Sucker Punch"],"picked":"Setup+1","floor":38.0},{"not_picked":["Dagger Spray+1","All Out Attack","Deflect"],"picked":"SKIP","floor":39.0},{"not_picked":["Deadly Poison+1","Slice+1","Blade Dance"],"picked":"SKIP","floor":47.0},{"not_picked":["Flying Knee+1","Bane+1","Poisoned Stab+1"],"picked":"SKIP","floor":48}],"player_experience":49921,"relics_obtained":[{"floor":7.0,"key":"Darkstone Periapt"},{"floor":9.0,"key":"Ancient Tea Set"},{"floor":10.0,"key":"Odd Mushroom"},{"floor":13.0,"key":"Turnip"},{"floor":24.0,"key":"CeramicFish"},{"floor":26.0,"key":"Sundial"},{"floor":34.0,"key":"Pen Nib"},{"floor":34.0,"key":"The Courier"},{"floor":34.0,"key":"Thread and Needle"},{"floor":38.0,"key":"Du-Vu Doll"},{"floor":43.0,"key":"Blood Vial"}],"event_choices":[{"damage_healed":0.0,"max_hp_gain":0.0,"max_hp_loss":0.0,"gold_gain":0.0,"event_name":"Scrap Ooze","player_choice":"Fled","floor":8.0,"gold_loss":0.0,"damage_taken":0.0},{"damage_healed":0.0,"max_hp_gain":0.0,"max_hp_loss":0.0,"gold_gain":0.0,"event_name":"Mushrooms","player_choice":"Fought Mushrooms","floor":10.0,"gold_loss":0.0,"damage_taken":0.0},{"damage_healed":17.0,"max_hp_gain":0.0,"max_hp_loss":0.0,"gold_gain":0.0,"event_name":"The Cleric","player_choice":"Healed","floor":14.0,"gold_loss":35.0,"damage_taken":0.0},{"damage_healed":0.0,"max_hp_gain":0.0,"max_hp_loss":0.0,"gold_gain":0.0,"event_name":"Back to Basics","player_choice":"Simplicity","floor":20.0,"gold_loss":0.0,"damage_taken":0.0,"cards_upgraded":["Strike_G","Strike_G","Strike_G","Strike_G","Strike_G","Defend_G","Defend_G","Defend_G","Defend_G","Defend_G"]},{"damage_healed":0.0,"max_hp_gain":5.0,"max_hp_loss":0.0,"gold_gain":0.0,"event_name":"Forgotten Altar","player_choice":"Shed Blood","floor":21.0,"gold_loss":0.0,"damage_taken":18.0},{"damage_healed":0.0,"max_hp_gain":0.0,"max_hp_loss":0.0,"gold_gain":0.0,"event_name":"Ghosts","player_choice":"Ignored","floor":25.0,"gold_loss":0.0,"damage_taken":0.0},{"cards_removed":["Strike_G"],"damage_healed":0.0,"max_hp_gain":0.0,"max_hp_loss":0.0,"gold_gain":0.0,"event_name":"Beggar","player_choice":"Gave Gold","floor":29.0,"gold_loss":75.0,"damage_taken":0.0},{"damage_healed":0.0,"max_hp_gain":0.0,"max_hp_loss":0.0,"gold_gain":0.0,"event_name":"Addict","player_choice":"Obtained Relic","floor":31.0,"gold_loss":85.0,"damage_taken":0.0,"relics_obtained":["Shuriken"]},{"damage_healed":0.0,"max_hp_gain":0.0,"max_hp_loss":0.0,"gold_gain":0.0,"event_name":"MindBloom","player_choice":"Fight","floor":38.0,"gold_loss":0.0,"damage_taken":0.0},{"cards_removed":["Dagger Throw"],"damage_healed":0.0,"max_hp_gain":0.0,"max_hp_loss":0.0,"gold_gain":0.0,"event_name":"Falling","player_choice":"Removed Attack","floor":41.0,"gold_loss":0.0,"damage_taken":0.0}],"is_beta":false,"boss_relics":[{"not_picked":["WristBlade","Black Star"],"picked":"Sozu"},{"not_picked":["Philosopher\u0027s Stone","Runic Dome"],"picked":"Calling Bell"}],"items_purged_floors":[22,37,45],"is_endless":false,"potions_floor_spawned":[2,3,4,7,13,16,24,28,35,47],"ascension_level":7}}