{"host":"xrbutm0tzv4qwo7u","time":1610047632,"event":{"mods":["AchievementEnabler","BaseMod","Colored Powertips","Hermit","Minty Spire (QoL Compilation)","StSLib","The Cursed","The Marked"],"gold_per_floor":[114,124,124,124,399,424,436,447,447,447,54,64,64,80,80,80,80],"floor_reached":16,"playtime":663,"items_purged":["Regret"],"score":152,"play_id":"8cd198c2-694d-419e-b02f-583b4a6e36a9","local_time":"20210107132712","is_ascension_mode":false,"campfire_choices":[{"data":"Footwork","floor":10,"key":"SMITH"},{"floor":13,"key":"REST"},{"floor":15,"key":"REST"}],"circlet_count":0,"master_deck":["Strike_G","Strike_G","Strike_G","Strike_G","Defend_G","Defend_G","Defend_G","Defend_G","Defend_G","Survivor","Neutralize","Prepared","Prepared","Prepared","Finisher","Footwork+1","Prepared","Backflip","Deflect","Endless Agony","Underhanded Strike"],"relics":["Ring of the Snake","NeowsBlessing","InkBottle","Pantograph","Prayer Wheel"],"acts_visited":["Exordium"],"potions_floor_usage":[16,16,16],"damage_taken":[{"damage":0,"enemies":"2 Louse","floor":1,"turns":1},{"damage":0,"enemies":"Small Slimes","floor":2,"turns":1},{"damage":0,"enemies":"Lagavulin","floor":6,"turns":1},{"damage":5,"enemies":"Cultist","floor":7,"turns":5},{"damage":12,"enemies":"Looter","floor":8,"turns":4},{"damage":33,"enemies":"Gremlin Gang","floor":12,"turns":7},{"damage":2,"enemies":"2 Fungi Beasts","floor":14,"turns":6},{"damage":75,"enemies":"Slime Boss","floor":16,"turns":19}],"seed_played":"-92331388235557473","potions_obtained":[{"floor":1,"key":"GamblersBrew"},{"floor":6,"key":"AttackPotion"},{"floor":7,"key":"DistilledChaos"},{"floor":12,"key":"Strength Potion"},{"floor":14,"key":"BlessingOfTheForge"}],"is_trial":false,"path_per_floor":["M","M","?","?","?","E","M","M","T","R","$","M","R","M","R","B"],"character_chosen":"THE_SILENT","items_purchased":["Prayer Wheel","Prepared"],"campfire_rested":2,"item_purchase_floors":[11,11],"current_hp_per_floor":[70,70,70,63,63,63,58,46,46,46,46,13,34,32,53,0,0],"gold":80,"neow_bonus":"THREE_ENEMY_KILL","is_daily":false,"chose_seed":false,"campfire_upgraded":1,"win_rate":0.0,"timestamp":1610047632,"path_taken":["M","M","?","?","?","E","M","M","T","R","$","M","R","?","R","BOSS"],"items_purchased_type":["Relic","Card"],"build_version":"2020-12-22","purchased_purges":1,"victory":false,"max_hp_per_floor":[70,70,70,70,70,70,70,70,70,70,70,70,70,70,70,70,70],"card_choices":[{"not_picked":["Catalyst","Finisher"],"picked":"Prepared","floor":1},{"not_picked":["Slice","Backflip"],"picked":"Prepared","floor":2},{"not_picked":["Distraction","Dagger Spray"],"picked":"Prepared","floor":6},{"not_picked":["Bane","Masterful Stab"],"picked":"Finisher","floor":7},{"not_picked":["Poisoned Stab","Sucker Punch"],"picked":"Footwork","floor":8},{"not_picked":["Infinite Blades","Prepared"],"picked":"Backflip","floor":12},{"not_picked":["Terror","Infinite Blades"],"picked":"Deflect","floor":12},{"not_picked":["Outmaneuver","Deflect"],"picked":"Endless Agony","floor":14},{"not_picked":["Blade Dance","Die Die Die"],"picked":"Underhanded Strike","floor":14}],"player_experience":28482,"relics_obtained":[{"floor":6,"key":"InkBottle"},{"floor":9,"key":"Pantograph"}],"event_choices":[{"damage_healed":0,"gold_gain":0,"player_choice":"Leave","damage_taken":0,"max_hp_gain":0,"max_hp_loss":0,"event_name":"The Cleric","floor":3,"gold_loss":0},{"cards_removed":["Strike_G"],"damage_healed":0,"gold_gain":0,"player_choice":"Card Removal","damage_taken":7,"max_hp_gain":0,"max_hp_loss":0,"event_name":"Golden Wing","floor":4,"gold_loss":0},{"damage_healed":0,"gold_gain":275,"player_choice":"Desecrate","damage_taken":0,"max_hp_gain":0,"max_hp_loss":0,"event_name":"Golden Shrine","floor":5,"gold_loss":0,"cards_obtained":["Regret"]}],"is_beta":false,"boss_relics":[],"items_purged_floors":[11],"is_endless":false,"potions_floor_spawned":[1,6,7,12,14],"killed_by":"Slime Boss","ascension_level":0}}