{"host":"j4g6ia6asvpyu2b0","time":1610043352,"event":{"mods":["BaseMod","Colored Map","Minty Spire (QoL Compilation)","Permanent Neow","Quick Restart","Relic Stats","StSLib","Unceasing Turn Reminder"],"gold_per_floor":[13,13,68,83,108,143,143,174,174,198,198,198],"floor_reached":11,"playtime":274,"items_purged":[],"score":112,"play_id":"7a873d50-aafe-437d-9fe6-6e112e27e6c9","local_time":"20210107111552","is_ascension_mode":true,"campfire_choices":[{"floor":7,"key":"REST"}],"circlet_count":0,"master_deck":["Strike_B","Strike_B","Strike_B","Strike_B","Defend_B","Defend_B","Defend_B","Defend_B","Zap","Dualcast","All For One","Coolheaded","Streamline","Go for the Eyes","Conserve Battery","Sweeping Beam"],"relics":["Cracked Core","Golden Idol","Ancient Tea Set","Question Card","Bag of Preparation"],"acts_visited":["Exordium"],"potions_floor_usage":[],"damage_taken":[{"damage":1.0,"enemies":"Cultist","floor":1.0,"turns":3.0},{"damage":4.0,"enemies":"2 Louse","floor":4.0,"turns":3.0},{"damage":5.0,"enemies":"Jaw Worm","floor":5.0,"turns":3.0},{"damage":32.0,"enemies":"Gremlin Nob","floor":6.0,"turns":5.0},{"damage":26,"enemies":"Lagavulin","floor":8,"turns":7},{"damage":3,"enemies":"2 Fungi Beasts","floor":10,"turns":3},{"damage":0,"enemies":"Gremlin Nob","floor":11,"turns":1}],"seed_played":"-8987106905337520903","potions_obtained":[{"floor":1.0,"key":"Ancient Potion"},{"floor":10,"key":"FearPotion"}],"is_trial":false,"path_per_floor":["M","?","?","M","M","E","R","E","T","M","E"],"character_chosen":"DEFECT","items_purchased":[],"campfire_rested":1,"item_purchase_floors":[],"current_hp_per_floor":[67,49,49,45,40,8,30,4,4,1,1,1],"gold":198,"neow_bonus":"THREE_RARE_CARDS","is_daily":false,"chose_seed":false,"campfire_upgraded":0,"win_rate":0.0,"timestamp":1610043352,"path_taken":["M","?","?","M","M","E","R","E","T","M","E"],"items_purchased_type":[],"build_version":"2020-12-22","purchased_purges":0,"victory":false,"max_hp_per_floor":[75,75,75,75,75,75,75,75,75,75,75,75],"relic_stats":{"counters":[7,25],"Golden Idol":26,"Bag of Preparation":[4],"Question Card":1,"obtain_stats":[{"Golden Idol":2,"Bag of Preparation":9,"Cracked Core":0,"Ancient Tea Set":6,"Question Card":8},{"Golden Idol":1,"Bag of Preparation":5,"Cracked Core":0,"Ancient Tea Set":4,"Question Card":5},{"Golden Idol":3,"Bag of Preparation":21,"Cracked Core":0,"Ancient Tea Set":14,"Question Card":21}]},"card_choices":[{"not_picked":["Hyperbeam","Echo Form"],"picked":"All For One","floor":0.0},{"not_picked":["Aggregate","Redo","Fusion"],"picked":"SKIP","floor":1.0},{"not_picked":["Barrage","Rebound"],"picked":"Coolheaded","floor":4.0},{"not_picked":["FTL","Turbo"],"picked":"Streamline","floor":5.0},{"not_picked":["Amplify","Turbo"],"picked":"Go for the Eyes","floor":6.0},{"not_picked":["Loop","Capacitor"],"picked":"Conserve Battery","floor":8},{"not_picked":["Barrage","Steam","Skim"],"picked":"Sweeping Beam","floor":10}],"player_experience":749590,"relics_obtained":[{"floor":6.0,"key":"Ancient Tea Set"},{"floor":8,"key":"Question Card"},{"floor":9,"key":"Bag of Preparation"}],"event_choices":[{"damage_healed":0.0,"max_hp_gain":0.0,"max_hp_loss":0.0,"gold_gain":0.0,"event_name":"Golden Idol","player_choice":"Take Damage","floor":2.0,"gold_loss":0.0,"damage_taken":18.0,"relics_obtained":["Golden Idol"]},{"damage_healed":0.0,"max_hp_gain":0.0,"max_hp_loss":0.0,"gold_gain":55.0,"event_name":"Golden Wing","player_choice":"Gained Gold","floor":3.0,"gold_loss":0.0,"damage_taken":0.0}],"is_beta":false,"boss_relics":[],"items_purged_floors":[],"is_endless":false,"potions_floor_spawned":[1,10],"killed_by":"Gremlin Nob","ascension_level":7}}