{"host":"6hzrz31j95f2y1pa","time":1610021834,"event":{"mods":["BaseMod","Colored Map","Downfall","Minty Spire (QoL Compilation)","StSLib"],"gold_per_floor":[199,210,222,239,254,268,268,287,315,165,199,199,227,59,79,152,152,152,164,164,2,18,48,48,148,164,187,212,224,149,159,159,159,159],"floor_reached":32,"playtime":1206,"items_purged":["hexamod:Defend","hexamod:Defend"],"score":532,"play_id":"9babf034-a2cb-41c7-99e1-dcfe0f46f6c2","local_time":"20210107071714","is_ascension_mode":true,"campfire_choices":[{"floor":1.0,"key":"RECALL"},{"data":"hexamod:NightmareStrike","floor":10.0,"key":"SMITH"},{"data":"hexamod:Again","floor":18.0,"key":"SMITH"},{"floor":30,"key":"REST"}],"circlet_count":0,"master_deck":["AscendersBane","hexamod:Strike","hexamod:Strike","hexamod:Strike","hexamod:Defend","hexamod:Defend","hexamod:Sear","hexamod:Float","hexamod:InspiringFlames","hexamod:StepThrough","hexamod:Firestarter","hexamod:PhantomFireball","hexamod:SpectersWail","hexamod:NightmareStrike+1","hexamod:GhostLash","hexamod:Again+1","hexamod:CatchUp","hexamod:HauntingEcho","hexamod:GhostShield","hexamod:AdvancingGuard","hexamod:ApocalypticArmor","hexamod:GhostShield+1","hexamod:FastForward","hexamod:SpectralAdrenaline"],"relics":["hexamod:SpiritBrand","Anchor","downfall:HeartBlessingRed","downfall:HeartBlessingBlue","Lizard Tail","Tiny Chest","hexamod:IceCube","Incense Burner","Kunai","Ice Cream","The Courier","hexamod:BolsterEngine","Letter Opener","downfall:HeartBlessingGreen"],"acts_visited":["Exordium","TheCity"],"potions_floor_usage":[25,26,28],"damage_taken":[{"damage":4.0,"enemies":"2 Louse","floor":2.0,"turns":3.0},{"damage":0.0,"enemies":"Cultist","floor":3.0,"turns":3.0},{"damage":0.0,"enemies":"Jaw Worm","floor":4.0,"turns":3.0},{"damage":0.0,"enemies":"2 Fungi Beasts","floor":5.0,"turns":5.0},{"damage":0.0,"enemies":"Large Slime","floor":6.0,"turns":5.0},{"damage":7.0,"enemies":"Exordium Wildlife","floor":8.0,"turns":4.0},{"damage":9.0,"enemies":"3 Sentries","floor":9.0,"turns":6.0},{"damage":15.0,"enemies":"Gremlin Nob","floor":11.0,"turns":3.0},{"damage":13.0,"enemies":"Lagavulin","floor":13.0,"turns":5.0},{"damage":4.0,"enemies":"downfall:FleeingMerchant","floor":14.0,"turns":4.0},{"damage":0.0,"enemies":"Blue Slaver","floor":15.0,"turns":2.0},{"damage":26.0,"enemies":"downfall:Silent","floor":16.0,"turns":6.0},{"damage":24.0,"enemies":"Shell Parasite","floor":19.0,"turns":5.0},{"damage":0.0,"enemies":"downfall:FleeingMerchant","floor":21.0,"turns":4.0},{"damage":0.0,"enemies":"Chosen","floor":22.0,"turns":4.0},{"damage":1.0,"enemies":"Book of Stabbing","floor":23.0,"turns":5.0},{"damage":24,"enemies":"Colosseum Nobs","floor":25,"turns":6},{"damage":6,"enemies":"Snake Plant","floor":26,"turns":4},{"damage":1,"enemies":"Slavers","floor":28,"turns":5},{"damage":1,"enemies":"Centurion and Healer","floor":29,"turns":6},{"damage":17,"enemies":"Chosen and Byrds","floor":31,"turns":6},{"damage":38,"enemies":"Cultist and Chosen","floor":32,"turns":6}],"seed_played":"2748807805818262155","potions_obtained":[{"floor":3.0,"key":"FearPotion"},{"floor":4.0,"key":"AttackPotion"},{"floor":15.0,"key":"LiquidBronze"},{"floor":16.0,"key":"hexamod:DoubleChargePotion"},{"floor":19.0,"key":"Dexterity Potion"},{"floor":23.0,"key":"AttackPotion"},{"floor":25,"key":"LiquidMemories"},{"floor":29,"key":"Ancient Potion"}],"is_trial":false,"path_per_floor":["R","M","M","M","M","M","T","M","E","R","E","?","E","$","M","B",null,"R","M","?","$","M","E","T","?","M","T","E","M","R","M","M"],"character_chosen":"THE_SPIRIT","items_purchased":["hexamod:HauntingEcho","hexamod:GhostShield","hexamod:FastForward"],"campfire_rested":1,"item_purchase_floors":[14,14,21],"current_hp_per_floor":[57,53,53,53,53,53,53,46,37,47,32,32,19,15,15,29,62,62,38,53,53,53,52,52,28,22,22,21,20,41,24,0,0,0],"gold":159,"neow_bonus":"HUNDRED_GOLD","is_daily":false,"chose_seed":false,"campfire_upgraded":2,"win_rate":0.0,"timestamp":1610021834,"path_taken":["R","M","M","M","M","M","T","M","E","R","E","?","E","$","M","BOSS","R","M","?","$","M","E","T","?","?","?","E","M","R","M","M"],"items_purchased_type":["Card","Card","Card"],"build_version":"2020-12-22","purchased_purges":2,"victory":false,"max_hp_per_floor":[63,63,63,63,63,63,63,63,63,73,73,73,73,73,73,73,73,73,73,73,73,73,73,73,73,73,73,73,73,73,73,73,73,73],"card_choices":[{"not_picked":["hexamod:FlamesFromBeyond","hexamod:PowerFromBeyond"],"picked":"hexamod:InspiringFlames","floor":2.0},{"not_picked":["hexamod:BacktrackSmack","hexamod:RecurringNightmare"],"picked":"hexamod:StepThrough","floor":3.0},{"not_picked":["hexamod:EtherealExpedition","hexamod:GhostShield","hexamod:FlamesFromBeyond"],"picked":"SKIP","floor":4.0},{"not_picked":["hexamod:TurnItUp","hexamod:GhostLash"],"picked":"hexamod:Firestarter","floor":5.0},{"not_picked":["hexamod:SwordOfDarkness","hexamod:NightmareGuise"],"picked":"hexamod:PhantomFireball","floor":6.0},{"not_picked":["hexamod:NightmareGuise","hexamod:BacktrackSmack"],"picked":"hexamod:SpectersWail","floor":8.0},{"not_picked":["hexamod:ThirdSeal","hexamod:BacktrackSmack"],"picked":"hexamod:NightmareStrike","floor":9.0},{"not_picked":["hexamod:VolcanoVisage","hexamod:ChargedBarrage"],"picked":"hexamod:GhostLash","floor":11.0},{"not_picked":["hexamod:PowerFromBeyond","hexamod:GhostOfSpirePresent"],"picked":"hexamod:Again","floor":13.0},{"not_picked":["hexamod:BurningTouch","hexamod:NightmareStrike"],"picked":"hexamod:CatchUp","floor":14.0},{"not_picked":["hexamod:RecurringNightmare","hexamod:SoulSteal"],"picked":"hexamod:AdvancingGuard","floor":15.0},{"not_picked":["hexamod:HexaLevel","hexamod:UnlimitedPower"],"picked":"hexamod:ApocalypticArmor","floor":16.0},{"not_picked":["hexamod:Firestarter","hexamod:NightmareStrike"],"picked":"hexamod:GhostShield+1","floor":19.0},{"not_picked":["hexamod:AdvancingGuard","hexamod:SpectersWail","hexamod:RainOfEmbers"],"picked":"SKIP","floor":21.0},{"not_picked":["hexamod:ThirdSeal","hexamod:CatchUp+1","hexamod:FastForward"],"picked":"SKIP","floor":22.0},{"not_picked":["hexamod:ApocalypticArmor","hexamod:Toasty","hexamod:Hexaguard"],"picked":"SKIP","floor":23.0},{"not_picked":["hexamod:SpectralSpark+1","hexamod:Firestarter"],"picked":"hexamod:SpectralAdrenaline","floor":26},{"not_picked":["hexamod:InspiringFlames","hexamod:SecondSeal","hexamod:RainOfEmbers"],"picked":"SKIP","floor":28},{"not_picked":["hexamod:ShieldOfDarkness+1","hexamod:BurningTouch","hexamod:SpectersWail+1"],"picked":"SKIP","floor":29},{"not_picked":["hexamod:BurningTouch","hexamod:ExtraCrispy","hexamod:Hexaguard"],"picked":"SKIP","floor":31}],"player_experience":1290911,"relics_obtained":[{"floor":9.0,"key":"Anchor"},{"floor":11.0,"key":"Lizard Tail"},{"floor":13.0,"key":"Tiny Chest"},{"floor":23.0,"key":"Incense Burner"},{"floor":24.0,"key":"Kunai"},{"floor":25,"key":"Ice Cream"},{"floor":25,"key":"The Courier"},{"floor":27,"key":"hexamod:BolsterEngine"},{"floor":28,"key":"Letter Opener"}],"event_choices":[{"cards_removed":["hexamod:Strike"],"damage_healed":0.0,"max_hp_gain":0.0,"max_hp_loss":0.0,"gold_gain":0.0,"event_name":"Bonfire Elementals","player_choice":"Offered Basic","floor":12.0,"gold_loss":0.0,"damage_taken":0.0},{"damage_healed":15.0,"max_hp_gain":0.0,"max_hp_loss":0.0,"gold_gain":0.0,"event_name":"The Library","player_choice":"Heal","floor":20.0,"gold_loss":0.0,"damage_taken":0.0}],"is_beta":false,"boss_relics":[{"not_picked":["Fusion Hammer","Astrolabe"],"picked":"hexamod:IceCube"}],"items_purged_floors":[14,21],"is_endless":false,"potions_floor_spawned":[3,4,5,8,15,16,19,23,25,29],"killed_by":"Cultist and Chosen","ascension_level":15}}