{"host":"wonp23fsqqcu31ie","time":1610023542,"event":{"mods":["2.2 Compatiblity","AchievementEnabler","Aspiration","BaseMod","Bestiary","Better Altar","Better Match","Better Sensory Stone","Better Skull","Better Third Choice","BetterRewards","Block Reminder","Colored Map","Colored Powertips","Conspire","Curses Come First","DeckTracker","Displayed Cursed Tome","Downfall","Evolution","Hermit","Highlight Path","Hubris","Marisa????????","Minty Spire (QoL Compilation)","Permanent Neow","Prisma Mod","Quick Restart","Rare Cards Sparkle","Relic Stats","Replay The Spire","Robot Space Explorer","Shade Mod","Shop Mod","StSLib","SuperFastMode","The Animator","The Bug Knight","The Construct","The Cursed","The Dragon Tamer","The Gatherer","The Marked","The Necromancer","The Runesmith","The Servant 0.9.4"],"gold_per_floor":[109,123,140,156,56,56,68,103,149,183,183,194,194,194,194,290,290,303,0,20,132,34,60,60,78,156,168,168,168,168],"floor_reached":29,"playtime":766,"items_purged":[],"score":466,"play_id":"b4c14f6f-14ec-4f60-a33c-922ead3ac411","local_time":"20210107234542","is_ascension_mode":true,"campfire_choices":[{"data":"Ghostly","floor":6,"key":"SMITH"},{"floor":13,"key":"REST"},{"floor":15,"key":"REST"},{"floor":24,"key":"RECALL"},{"floor":28,"key":"REST"}],"circlet_count":0,"master_deck":["Flying Knee","Flying Knee","Flying Knee","Strike_G","Strike_G","Defend_G","Defend_G","Defend_G","Defend_G","Defend_G","Survivor","Neutralize","Endless Agony","Bane","conspire:PoisonWeapons+1","Blade Dance","Ghostly+1","ReplayTheSpireMod:Tripwire","Finisher","Terror","ReplayTheSpireMod:Tripwire","A Thousand Cuts","Catalyst","Bane","Cloak And Dagger","PiercingWail","Masterful Stab+1","Dagger Spray","Malaise"],"relics":["Ring of the Snake","EVO:Axolotl","Durian","Mercury Hourglass","hubris:MedicalManual","Replay:Bottled Steam","construct:WeddingRing","Toolbox","Tiny Chest","Happy Flower","Replay:Rubber Ducky","Paper Crane"],"acts_visited":["Exordium","TheCity"],"potions_floor_usage":[4,16,20],"damage_taken":[{"damage":0,"enemies":"Cultist","floor":1,"turns":3},{"damage":9,"enemies":"Small Slimes","floor":2,"turns":3},{"damage":0,"enemies":"Jaw Worm","floor":3,"turns":3},{"damage":4,"enemies":"Lots of Slimes","floor":4,"turns":3},{"damage":18,"enemies":"Exordium Wildlife","floor":7,"turns":2},{"damage":2,"enemies":"Gremlin Nob","floor":8,"turns":4},{"damage":12,"enemies":"3 Sentries","floor":10,"turns":7},{"damage":0,"enemies":"2 Fungi Beasts","floor":12,"turns":2},{"damage":12,"enemies":"Slime Boss","floor":16,"turns":6},{"damage":2,"enemies":"Chosen","floor":18,"turns":4},{"damage":10,"enemies":"Shell Parasite","floor":20,"turns":3},{"damage":0,"enemies":"Gremlin Leader","floor":23,"turns":9},{"damage":25,"enemies":"Sentry and Sphere","floor":25,"turns":6},{"damage":12,"enemies":"Snake Plant","floor":27,"turns":3},{"damage":40,"enemies":"Centurion and Healer","floor":29,"turns":3}],"seed_played":"-2068604198966738377","potions_obtained":[{"floor":2,"key":"CunningPotion"},{"floor":7,"key":"DuplicationPotion"},{"floor":12,"key":"Milkshake"},{"floor":16,"key":"EssenceOfSteel"},{"floor":18,"key":"Strength Potion"}],"is_trial":false,"path_per_floor":["M","M","M","M","?","R","M","E","T","E","?","M","R","?","R","B",null,"M","$","M","?","$","E","R","M","T","M","R","M"],"character_chosen":"THE_SILENT","items_purchased":["Toolbox","Tiny Chest","Cloak And Dagger","PiercingWail"],"campfire_rested":3,"item_purchase_floors":[19,19,22,22],"current_hp_per_floor":[65,56,56,52,52,52,34,32,32,20,20,20,42,42,64,52,75,73,73,63,38,38,38,38,13,13,1,23,0,0],"gold":168,"neow_bonus":"","is_daily":false,"chose_seed":false,"campfire_upgraded":1,"win_rate":0.0,"timestamp":1610023542,"path_taken":["M","?","M","M","?","R","M","E","T","E","?","?","R","?","R","BOSS","M","?","M","?","$","E","R","M","T","M","R","?"],"items_purchased_type":["Relic","Relic","Card","Card"],"build_version":"2020-12-22","purchased_purges":0,"victory":false,"max_hp_per_floor":[75,75,75,75,75,75,75,75,75,75,75,75,75,75,75,75,75,75,75,75,75,75,75,75,75,75,75,75,75,75],"relic_stats":{"Happy Flower":[7],"counters":[49,226],"Tiny Chest":0,"obtain_stats":[{"aspiration:Lifesprig":10,"Regal Pillow":25,"Tiny House":0,"SacredBark":17,"Vajra":3,"Blue Doll":9,"conspire:SpecialSausage":34,"Juzu Bracelet":23,"EVO:Axolotl":0,"Ancient Tea Set":5,"Replay:Rubber Ducky":23,"Dream Catcher":11,"hubris:Stopwatch":17,"Toolbox":19,"Tiny Chest":19,"HollowMod:PaleOreRelic":5,"Ring of the Snake":0,"Replay:Bottled Steam":14,"MerchantsRug":22,"construct:WeddingRing":17,"Happy Flower":21,"aspiration:FetidBarrel":6,"Golden Idol":2,"Eternal Feather":26,"hubris:MedicalManual":10,"Orichalcum":0,"Paper Crane":26,"Mercury Hourglass":8,"MutagenicStrength":31,"Durian":0,"Membership Card":38,"TungstenRod":0},{"aspiration:Lifesprig":6,"Regal Pillow":15,"Tiny House":0,"SacredBark":29,"Vajra":1,"Blue Doll":5,"conspire:SpecialSausage":19,"Juzu Bracelet":13,"EVO:Axolotl":0,"Ancient Tea Set":25,"Replay:Rubber Ducky":46,"Dream Catcher":26,"hubris:Stopwatch":10,"Toolbox":44,"Tiny Chest":44,"HollowMod:PaleOreRelic":25,"Ring of the Snake":0,"Replay:Bottled Steam":28,"MerchantsRug":12,"construct:WeddingRing":43,"Happy Flower":45,"aspiration:FetidBarrel":4,"Golden Idol":25,"Eternal Feather":15,"hubris:MedicalManual":41,"Orichalcum":24,"Paper Crane":47,"Mercury Hourglass":40,"MutagenicStrength":18,"Durian":34,"Membership Card":21,"TungstenRod":24},{"aspiration:Lifesprig":27,"Regal Pillow":73,"Tiny House":0,"SacredBark":141,"Vajra":5,"Blue Doll":22,"conspire:SpecialSausage":91,"Juzu Bracelet":61,"EVO:Axolotl":0,"Ancient Tea Set":116,"Replay:Rubber Ducky":214,"Dream Catcher":119,"hubris:Stopwatch":47,"Toolbox":202,"Tiny Chest":202,"HollowMod:PaleOreRelic":116,"Ring of the Snake":0,"Replay:Bottled Steam":130,"MerchantsRug":55,"construct:WeddingRing":198,"Happy Flower":205,"aspiration:FetidBarrel":18,"Golden Idol":116,"Eternal Feather":73,"hubris:MedicalManual":190,"Orichalcum":111,"Paper Crane":220,"Mercury Hourglass":184,"MutagenicStrength":86,"Durian":166,"Membership Card":97,"TungstenRod":111}],"Ring of the Snake":[52],"Mercury Hourglass":[198]},"card_choices":[{"not_picked":["Poisoned Stab","ReplayTheSpireMod:Speed Training"],"picked":"Endless Agony","floor":1},{"not_picked":["hubris:SlightOfHand","Deadly Poison"],"picked":"Bane","floor":2},{"not_picked":["ReplayTheSpireMod:Speed Training","Blade Dance"],"picked":"conspire:PoisonWeapons","floor":3},{"not_picked":["hubris:Counter","Quick Slash"],"picked":"Blade Dance","floor":4},{"not_picked":["PiercingWail","Crippling Poison"],"picked":"ReplayTheSpireMod:Tripwire","floor":7},{"not_picked":["Deadly Poison","ReplayTheSpireMod:Speed Training"],"picked":"Finisher","floor":8},{"not_picked":["Dodge and Roll","Flying Knee"],"picked":"Terror","floor":10},{"not_picked":["Quick Slash","Underhanded Strike"],"picked":"ReplayTheSpireMod:Tripwire","floor":12},{"not_picked":["Replay:Bag of Tricks","After Image"],"picked":"A Thousand Cuts","floor":16},{"not_picked":["Eviscerate","Quick Slash"],"picked":"Catalyst","floor":18},{"not_picked":["PiercingWail","Hidden Blade"],"picked":"Bane","floor":20},{"not_picked":["Blur+1","Cloak And Dagger"],"picked":"Masterful Stab+1","floor":23},{"not_picked":["Finisher+1","Cloak And Dagger"],"picked":"Dagger Spray","floor":25},{"not_picked":["Backflip+1","Acrobatics+1"],"picked":"Malaise","floor":27}],"player_experience":481492,"relics_obtained":[{"floor":8,"key":"Mercury Hourglass"},{"floor":10,"key":"hubris:MedicalManual"},{"floor":23,"key":"Replay:Rubber Ducky"},{"floor":26,"key":"Paper Crane"}],"event_choices":[{"damage_healed":0,"gold_gain":0,"player_choice":"Argue","damage_taken":0,"max_hp_gain":0,"max_hp_loss":0,"event_name":"conspire:LoneGhost","floor":5,"gold_loss":0},{"damage_healed":0,"gold_gain":0,"player_choice":"Upgraded","damage_taken":0,"max_hp_gain":0,"max_hp_loss":0,"event_name":"Upgrade Shrine","floor":11,"gold_loss":0,"cards_upgraded":["conspire:PoisonWeapons"]},{"damage_healed":0,"gold_gain":0,"player_choice":"Gave Potion","damage_taken":0,"relics_obtained":["Replay:Bottled Steam"],"max_hp_gain":0,"max_hp_loss":0,"event_name":"WeMeetAgain","floor":14,"gold_loss":0},{"damage_healed":0,"gold_gain":112,"player_choice":"RE GO ","damage_taken":28,"relics_obtained":["Happy Flower"],"max_hp_gain":0,"max_hp_loss":0,"event_name":"betterSkull:BetterSkull","floor":21,"gold_loss":0,"cards_upgraded":[]}],"is_beta":false,"boss_relics":[{"not_picked":["Runic Dome","aspiration:FutureDiary"],"picked":"construct:WeddingRing"}],"items_purged_floors":[],"is_endless":false,"potions_floor_spawned":[2,7,12,16,18],"killed_by":"Centurion and Healer","ascension_level":3}}