{"host":"hwrdjx5eod2cxh09","time":1610036512,"event":{"mods":["AchievementEnabler","BaseMod","Bestiary","Minty Spire (QoL Compilation)","Relic Stats"],"gold_per_floor":[112,124,143,157,157,191,191,216,216,244,244,264,292,242,242,242,242],"floor_reached":16,"playtime":711,"items_purged":[],"score":137,"play_id":"f899e1bb-5d3d-4454-8fbe-5201eb9abdd0","local_time":"20210108012152","is_ascension_mode":true,"campfire_choices":[{"floor":7,"key":"REST"},{"floor":11,"key":"REST"},{"floor":15,"key":"REST"}],"circlet_count":0,"master_deck":["Strike_R","Strike_R","Strike_R","Strike_R","Defend_R","Defend_R","Defend_R","Defend_R","Bash","Inflame","Pommel Strike+1","Flex","Battle Trance","Shrug It Off","Ghostly Armor","Pommel Strike","Limit Break"],"relics":["Burning Blood","The Courier","Letter Opener","Kunai","Frozen Egg 2","Du-Vu Doll"],"acts_visited":["Exordium"],"potions_floor_usage":[],"damage_taken":[{"damage":6,"enemies":"2 Louse","floor":1,"turns":3},{"damage":1,"enemies":"Jaw Worm","floor":2,"turns":5},{"damage":5,"enemies":"Small Slimes","floor":3,"turns":4},{"damage":8,"enemies":"Red Slaver","floor":4,"turns":3},{"damage":35,"enemies":"Lagavulin","floor":6,"turns":6},{"damage":31,"enemies":"3 Sentries","floor":8,"turns":10},{"damage":47,"enemies":"Lagavulin","floor":10,"turns":8},{"damage":3,"enemies":"Lots of Slimes","floor":12,"turns":5},{"damage":21,"enemies":"Gremlin Nob","floor":13,"turns":4},{"damage":44,"enemies":"Hexaghost","floor":16,"turns":12}],"seed_played":"307017279707454391","potions_obtained":[{"floor":3,"key":"SmokeBomb"},{"floor":12,"key":"Fire Potion"}],"is_trial":false,"path_per_floor":["M","M","M","M","?","E","R","E","T","E","R","M","E","?","R","B"],"character_chosen":"IRONCLAD","items_purchased":[],"campfire_rested":3,"item_purchase_floors":[],"current_hp_per_floor":[80,80,80,78,78,49,73,48,48,7,31,34,19,19,43,0,0],"gold":242,"neow_bonus":"THREE_CARDS","is_daily":false,"chose_seed":false,"campfire_upgraded":0,"win_rate":0.0,"timestamp":1610036512,"path_taken":["M","M","M","M","?","E","R","E","T","E","R","M","E","?","R","BOSS"],"items_purchased_type":[],"build_version":"2020-12-22","purchased_purges":0,"victory":false,"max_hp_per_floor":[80,80,80,80,80,80,80,80,80,80,80,80,80,80,80,80,80],"relic_stats":{"counters":[10,60],"Letter Opener":[20],"Kunai":[1],"obtain_stats":[{"Du-Vu Doll":13,"The Courier":6,"Letter Opener":8,"Kunai":9,"Frozen Egg 2":10,"Burning Blood":0},{"Du-Vu Doll":9,"The Courier":5,"Letter Opener":6,"Kunai":6,"Frozen Egg 2":7,"Burning Blood":0},{"Du-Vu Doll":48,"The Courier":21,"Letter Opener":31,"Kunai":31,"Frozen Egg 2":39,"Burning Blood":0}],"Burning Blood":48},"card_choices":[{"not_picked":["Twin Strike","Iron Wave"],"picked":"Inflame","floor":0},{"not_picked":["Body Slam","Second Wind","Dual Wield"],"picked":"SKIP","floor":1},{"not_picked":["Metallicize","Headbutt"],"picked":"Pommel Strike","floor":2},{"not_picked":["Iron Wave","Havoc"],"picked":"Flex","floor":3},{"not_picked":["Havoc","Feed"],"picked":"Battle Trance","floor":4},{"not_picked":["Sword Boomerang","Heavy Blade"],"picked":"Shrug It Off","floor":6},{"not_picked":["Reckless Charge","Infernal Blade"],"picked":"Ghostly Armor","floor":8},{"not_picked":["True Grit","Shrug It Off"],"picked":"Pommel Strike","floor":10},{"not_picked":["Wild Strike","Thunderclap","Searing Blow"],"picked":"SKIP","floor":12},{"not_picked":["Shockwave","Uppercut"],"picked":"Limit Break","floor":13}],"player_experience":194396,"relics_obtained":[{"floor":6,"key":"The Courier"},{"floor":8,"key":"Letter Opener"},{"floor":9,"key":"Kunai"},{"floor":10,"key":"Frozen Egg 2"},{"floor":13,"key":"Du-Vu Doll"}],"event_choices":[{"damage_healed":0,"gold_gain":0,"player_choice":"Grow","damage_taken":0,"max_hp_gain":0,"max_hp_loss":0,"event_name":"Living Wall","floor":5,"gold_loss":0,"cards_upgraded":["Pommel Strike"]},{"cards_removed":["Strike_R"],"damage_healed":0,"gold_gain":0,"player_choice":"Card Removal","damage_taken":0,"max_hp_gain":0,"max_hp_loss":0,"event_name":"The Cleric","floor":14,"gold_loss":50}],"is_beta":false,"boss_relics":[],"items_purged_floors":[],"is_endless":false,"potions_floor_spawned":[3,12],"killed_by":"Hexaghost","ascension_level":1}}