{"host":"709gjpjg43u3i5a8","time":1610019650,"event":{"mods":["Act Like it!","BaseMod","Colored Map","Colored Powertips","Downfall","Duelist Mod","Gensokyo","GifTheSpireLib","Hallownest","Hermit","Hubris","Infinite Spire","Koishi","Marisa????????","Minty Spire (QoL Compilation)","Remilia??????","Shop Mod","StSLib","Td1madao Mod","The Administrix","The Animator","The Bug Knight","The Construct","The Cursed","The Disciple","The Hierophant","The Jungle","The Necromancer","The Poker Player","The Runesmith","The Servant 0.9.4"],"gold_per_floor":[115,115,0,13,13,42,34,34,80,80,106,143,30,59,59,154,154,166,338,41,41,41,70,70,101,101,101,130,169,64,91,91,201,201,201,201],"floor_reached":35,"playtime":2693,"items_purged":[],"score":453,"play_id":"a8ce7209-a3b3-4e96-b1c1-0db7a85dd33a","local_time":"20210107044050","is_ascension_mode":true,"campfire_choices":[{"floor":10,"key":"REST"},{"floor":15,"key":"REST"},{"data":"HollowMod:SharpenedShadows","floor":24,"key":"SMITH"},{"data":"HollowMod:SiblingsSouls","floor":27,"key":"SMITH"},{"data":"HollowMod:SiblingsSouls","floor":32,"key":"SMITH"}],"circlet_count":0,"master_deck":["HollowMod:VoidDash+1","HollowMod:NailStrikeStart+1","HollowMod:NailStrikeStart","HollowMod:NailStrikeStart","HollowMod:QuickDashStart+1","HollowMod:QuickDashStart","HollowMod:QuickDashStart","HollowMod:PogoStrike+1","HollowMod:SiblingsSouls","HollowMod:ShadowDash+1","HollowMod:ZotesMagnificence","HollowMod:VengefulVoid","HollowMod:SiblingsSouls+1","HollowMod:CycloneSlash","HollowMod:SharpenedShadows+1","HollowMod:CloakDash","HollowMod:SiblingsSouls+1","HollowMod:BlackTendrils+1","HollowMod:ShadowDash+1","HollowMod:SlysStrikes"],"relics":["HollowMod:VesselMask","Hallownest:BankAccountRelic","Whetstone","CeramicFish","Lizard Tail","Omamori","hubris:RunicObelisk","hubris:64BitClover","Ancient Tea Set","HollowMod:IsmasTear","Blood Vial","Molten Egg 2","Meat on the Bone","Lee\u0027s Waffle","Calling Bell","Pen Nib","hubris:BottledRain","construct:BoolHorns"],"acts_visited":["Exordium","Hallownest:Greenpath","Hallownest:CityofTears"],"potions_floor_usage":[12,16,16,29,31,35],"damage_taken":[{"damage":0,"enemies":"Hallownest:monsterHuskWarrior","floor":1,"turns":3},{"damage":0,"enemies":"2_ Uuma","floor":4,"turns":3},{"damage":18,"enemies":"Hallownest:eliteCrystalGuardian","floor":6,"turns":8},{"damage":0,"enemies":"Hallownest:2_Tiktiks_and_1_Crawlid","floor":11,"turns":3},{"damage":3,"enemies":"Hallownest:eliteVengeflyKing","floor":12,"turns":7},{"damage":0,"enemies":"Hallownest:monsterFoolEater","floor":14,"turns":2},{"damage":10,"enemies":"Hallownest:BossFalseKnight","floor":16,"turns":8},{"damage":0,"enemies":"Hallownest:3_Youths","floor":18,"turns":5},{"damage":4,"enemies":"Hallownest:eliteSoulWarrior","floor":23,"turns":9},{"damage":14,"enemies":"Nightmare","floor":25,"turns":9},{"damage":4,"enemies":"Hallownest:2_Mistakes","floor":28,"turns":3},{"damage":9,"enemies":"Hallownest:eliteSoulWarrior","floor":29,"turns":8},{"damage":45,"enemies":"Hallownest:monsterMisterMushroom","floor":31,"turns":8},{"damage":36,"enemies":"Hallownest:BossSoulMaster","floor":33,"turns":14},{"damage":39,"enemies":"Hallownest:3_Siblings","floor":35,"turns":5}],"seed_played":"4793088068117665582","potions_obtained":[{"floor":4,"key":"SkillPotion"},{"floor":6,"key":"sneckomod:MuddlingPotion"},{"floor":11,"key":"BlessingOfTheForge"},{"floor":18,"key":"Guardian:BlockOnCardUsePotion"},{"floor":25,"key":"LiquidBronze"},{"floor":33,"key":"LiquidBronze"}],"is_trial":false,"path_per_floor":["M","?","?","M","?","E","$","?","T","R","M","E","$","M","R","B",null,"M","?","$","?","AVR","E","R","NM","T","R","M","E","$","M","R","B",null,"M"],"character_chosen":"THE_BUGKNIGHT","items_purchased":["HollowMod:VengefulVoid","Omamori","hubris:64BitClover","HollowMod:CloakDash","Lee\u0027s Waffle"],"campfire_rested":2,"item_purchase_floors":[7,13,20,20,30],"current_hp_per_floor":[54,45,45,45,45,27,27,27,27,49,49,46,46,46,68,58,75,75,75,75,75,75,71,71,57,57,57,55,48,82,51,51,34,82,43,43],"gold":201,"neow_bonus":"REMOVE_TWO","is_daily":false,"chose_seed":false,"campfire_upgraded":3,"win_rate":0.0,"timestamp":1610019650,"path_taken":["M","?","?","M","?","E","$","?","T","R","M","E","?","M","R","BOSS","M","?","$","?","AVR","E","R","NM","T","R","M","E","$","?","R","BOSS","M"],"items_purchased_type":["Card","Relic","Relic","Card","Relic"],"build_version":"2020-12-22","purchased_purges":0,"victory":false,"max_hp_per_floor":[75,75,75,75,75,75,75,75,75,75,75,75,75,75,75,75,75,75,75,75,75,75,75,75,75,75,75,75,75,82,82,82,82,82,82,82],"card_choices":[{"not_picked":["HollowMod:SharpenedNail","HollowMod:InfectedAttack"],"picked":"HollowMod:SiblingsSouls","floor":1},{"not_picked":["HollowMod:CornifersMapStart","HollowMod:HowlingWraiths"],"picked":"HollowMod:ShadowDash","floor":4},{"not_picked":["HollowMod:SoulStrike","HollowMod:HeavyBlow"],"picked":"HollowMod:ZotesMagnificence","floor":6},{"not_picked":["HollowMod:HowlingWraiths","HollowMod:SoulSplash"],"picked":"HollowMod:SiblingsSouls","floor":11},{"not_picked":["HollowMod:SoulSplash","HollowMod:SoulShaman"],"picked":"HollowMod:CycloneSlash","floor":12},{"not_picked":["HollowMod:HuntersJournal","HollowMod:HeavyBlow"],"picked":"HollowMod:SharpenedShadows","floor":14},{"not_picked":["HollowMod:SoulStrike+1","HollowMod:HowlingWraiths","HollowMod:ChannelNail"],"picked":"SKIP","floor":18},{"not_picked":["HollowMod:ChannelNail","HollowMod:DungDefenderAura+1","HollowMod:CornifersMapStart+1"],"picked":"SKIP","floor":23},{"not_picked":["HollowMod:Grubsong","HollowMod:FastStrike","HollowMod:InfectedAttack"],"picked":"SKIP","floor":25},{"not_picked":["HollowMod:NewLittleFool+1","HollowMod:VengefulSpirit+1"],"picked":"HollowMod:SiblingsSouls","floor":28},{"not_picked":["HollowMod:theNailsmith","HollowMod:CornifersMapStart"],"picked":"HollowMod:BlackTendrils+1","floor":29},{"not_picked":["HollowMod:VengefulVoid+1","HollowMod:SiblingsSouls+1"],"picked":"HollowMod:ShadowDash+1","floor":31},{"not_picked":["HollowMod:SoulMaster","HollowMod:PureVessel"],"picked":"HollowMod:SlysStrikes","floor":33}],"player_experience":471631,"relics_obtained":[{"floor":6,"key":"Whetstone"},{"floor":9,"key":"CeramicFish"},{"floor":12,"key":"Lizard Tail"},{"floor":23,"key":"HollowMod:IsmasTear"},{"floor":25,"key":"Blood Vial"},{"floor":26,"key":"Molten Egg 2"},{"floor":29,"key":"Meat on the Bone"},{"floor":34,"key":"Pen Nib"},{"floor":34,"key":"hubris:BottledRain"},{"floor":34,"key":"construct:BoolHorns"}],"event_choices":[],"is_beta":false,"boss_relics":[{"not_picked":["Fusion Hammer","Runic Dome"],"picked":"hubris:RunicObelisk"},{"not_picked":["hubris:TerracottaHorce","hubris:CrackedHourglass"],"picked":"Calling Bell"}],"items_purged_floors":[],"is_endless":true,"potions_floor_spawned":[4,6,11,18,25,33],"killed_by":"Hallownest:3_Siblings","ascension_level":2}}