{"host":"htqwg582tjjtn9p7","time":1610043158,"event":{"mods":["2.2 Compatiblity","AchievementEnabler","Act Like it!","Aspiration","BaseMod","Better Third Choice","Colored Map","Conspire","Curses Come First","Displayed Cursed Tome","Energized Spire","Force Act Four","GifTheSpireLib","Hermit","Highlight Path","JesterMod","Mad Scientist","Minty Spire (QoL Compilation)","Pale of the Ancients","Permanent Neow","Random Character Button","Relic Stats","Replay The Spire","Robot Space Explorer","Somnambulant","Spicy Shops","Spikes Relics","StSLib","Stuff the Spire","The Blue Laboratory","The Disciple","The Dragon Tamer","The Forsaken","The Gatherer","The Judge","The Jungle","The Marked","The Runesmith","The Servant 0.9.4","Uncapped"],"gold_per_floor":[119,119,133,133,149,178,178,208,208,233,233,193,209,59,59,59,59],"floor_reached":16,"playtime":542,"items_purged":[],"score":207,"play_id":"6fda9dec-ba38-411d-9254-11d269238015","local_time":"20210107191238","is_ascension_mode":true,"campfire_choices":[{"data":"jesterMod:Disposophobia","floor":7,"key":"SMITH"},{"floor":11,"key":"REST"},{"floor":15,"key":"REST"}],"circlet_count":0,"master_deck":["AscendersBane","jesterMod:Strike","jesterMod:Sickle","jesterMod:Defend","jesterMod:Defend","jesterMod:Defend","jesterMod:Defend","jesterMod:Dodge","jesterMod:Disposophobia+1","jesterMod:JackInTheBox","ShadowRift","Grand Finale","Grand Finale","jesterMod:BouncingKnife","jesterMod:Prankster","jesterMod:Placebo","jesterMod:JackInTheBox","jesterMod:Disposophobia","jesterMod:Haste","jesterMod:BouncingKnife","jesterMod:Inspiration"],"relics":["Philosopher\u0027s Stone","Juzu Bracelet","Akabeko","ReplayTheSpireMod:Lightbulb","Garlic","betterThird:SlimedRelic","Orrery"],"acts_visited":["Exordium"],"potions_floor_usage":[6,8,10,16],"damage_taken":[{"damage":0,"enemies":"2 Louse","floor":1,"turns":3},{"damage":2,"enemies":"Cultist","floor":3,"turns":4},{"damage":6,"enemies":"Small Slimes","floor":5,"turns":4},{"damage":21,"enemies":"3 Sentries","floor":6,"turns":5},{"damage":3,"enemies":"Lagavulin","floor":8,"turns":5},{"damage":28,"enemies":"3 Sentries","floor":10,"turns":9},{"damage":12,"enemies":"Red Slaver","floor":13,"turns":3},{"damage":0,"enemies":"The Guardian","floor":16,"turns":2}],"seed_played":"8762344626015689934","potions_obtained":[{"floor":3,"key":"blueLaboratory:PyrophylliteBrew"},{"floor":5,"key":"blueLaboratory:BottleOfRum"},{"floor":6,"key":"Weak Potion"},{"floor":13,"key":"blueLaboratory:Moonshine"}],"is_trial":false,"path_per_floor":["M","?","M","?","M","E","R","E","T","E","R","?","M","$","R","B"],"character_chosen":"THE_JESTER","items_purchased":["Orrery"],"campfire_rested":2,"item_purchase_floors":[14],"current_hp_per_floor":[63,70,68,68,62,41,41,38,38,10,31,20,8,8,29,29,29],"gold":59,"neow_bonus":"BOSS_RELIC","is_daily":false,"chose_seed":false,"campfire_upgraded":1,"win_rate":0.0,"timestamp":1610043158,"path_taken":["M","?","?","?","M","E","R","E","T","E","R","?","M","$","R","BOSS"],"items_purchased_type":["Relic"],"build_version":"2020-12-22","purchased_purges":0,"victory":false,"max_hp_per_floor":[70,70,70,70,70,70,70,70,70,70,70,70,70,70,70,70,70],"relic_stats":{"counters":[8,35],"Juzu Bracelet":0,"obtain_stats":[{"betterThird:SlimedRelic":12,"Orrery":14,"Philosopher\u0027s Stone":0,"jesterMod:JesterCap":0,"Juzu Bracelet":6,"Garlic":10,"ReplayTheSpireMod:Lightbulb":9,"Akabeko":8},{"betterThird:SlimedRelic":6,"Orrery":7,"Philosopher\u0027s Stone":0,"jesterMod:JesterCap":0,"Juzu Bracelet":4,"Garlic":6,"ReplayTheSpireMod:Lightbulb":5,"Akabeko":5},{"betterThird:SlimedRelic":30,"Orrery":33,"Philosopher\u0027s Stone":0,"jesterMod:JesterCap":0,"Juzu Bracelet":16,"Garlic":30,"ReplayTheSpireMod:Lightbulb":21,"Akabeko":21}]},"card_choices":[{"not_picked":["jesterMod:ButterKnife","jesterMod:HitAndRun"],"picked":"jesterMod:Disposophobia","floor":1},{"not_picked":["jesterMod:HitAndRun","jesterMod:Frenzy"],"picked":"jesterMod:JackInTheBox","floor":3},{"not_picked":["jesterMod:Discretion","jesterMod:SmokeScreen"],"picked":"jesterMod:BouncingKnife","floor":5},{"not_picked":["jesterMod:QuickStrike","jesterMod:TrickyDodge"],"picked":"jesterMod:Prankster","floor":6},{"not_picked":["jesterMod:PerfectDodge","jesterMod:TrickyDodge"],"picked":"jesterMod:Placebo","floor":8},{"not_picked":["jesterMod:ButterKnife","jesterMod:TrickyDodge"],"picked":"jesterMod:JackInTheBox","floor":10},{"not_picked":["jesterMod:Contradiction","jesterMod:Feint"],"picked":"jesterMod:Disposophobia","floor":13},{"not_picked":["jesterMod:Hide","jesterMod:SwiftDodge"],"picked":"jesterMod:Haste","floor":14},{"not_picked":["jesterMod:DancingMad","jesterMod:Unleash"],"picked":"jesterMod:BouncingKnife","floor":14},{"not_picked":["jesterMod:QuickStrike","jesterMod:Frustration"],"picked":"jesterMod:Inspiration","floor":14}],"player_experience":1900585,"relics_obtained":[{"floor":6,"key":"Juzu Bracelet"},{"floor":8,"key":"Akabeko"},{"floor":9,"key":"ReplayTheSpireMod:Lightbulb"},{"floor":10,"key":"Garlic"}],"event_choices":[{"damage_healed":7,"gold_gain":0,"player_choice":"Full Heal","damage_taken":0,"max_hp_gain":0,"max_hp_loss":0,"event_name":"Wheel of Change","floor":2,"gold_loss":0},{"damage_healed":0,"gold_gain":0,"player_choice":"Slimed","damage_taken":11,"max_hp_gain":0,"max_hp_loss":0,"event_name":"betterThird:BetterGoop","floor":12,"gold_loss":40}],"is_beta":false,"boss_relics":[],"items_purged_floors":[],"is_endless":false,"potions_floor_spawned":[3,5,6,13],"killed_by":"The Guardian","ascension_level":15}}