{"host":"k2mw1od0xoi9pcfj","time":1610046420,"event":{"mods":["100% Spire Juice","AchievementEnabler","Act Like it!","Aspiration","BaseMod","Better Altar","Better Match","Better Note","Better Sensory Stone","Better Skull","Better Third Choice","Conspire","Defuse TimeMaze Blight","Downfall","Energized Spire","Friendly Minions","Gensokyo","Halation","Hallownest","Hermit","Highlight Path","Infinite Spire","Koishi","Marisa????????","Minty Spire (QoL Compilation)","Permanent Neow","Prisma Mod","Quick Restart","Random Character Button","Relic Sorter","Relic Stats","Remilia??????","Replay The Spire","Shade Mod","Shedinja","Spicy Shops","StSLib","Synergy Search","The Animator","The Bug Knight","The Cursed","The Exalted","The Hierophant","The Necromancer","The Runesmith","The Senshi","The Servant 0.9.4","The Wild Card","Treasure Hunter","WarShipGirlsR/????R mod","everything is the same but u backflip on backflip","slay the spire mod where everything is the same but ironclad has a cowboy hat"],"gold_per_floor":[99,148,248,248,248,248,248,248,266,107,1,11,31,63,78,174,174,174,174,174],"floor_reached":19,"playtime":2179,"items_purged":[],"score":238,"play_id":"a991e8e8-17f3-47ee-b2e6-c6ae2b5c180e","local_time":"20210107130700","is_ascension_mode":false,"campfire_choices":[{"floor":1,"key":"DIG"},{"data":"Shedinja:DoubleTeam","floor":6,"key":"SMITH"},{"floor":18,"key":"DIG"}],"circlet_count":0,"master_deck":["Shedinja:Scratch","Shedinja:Scratch","Shedinja:Scratch","Shedinja:Scratch","Shedinja:Scratch","Shedinja:Endure","Shedinja:Endure","Shedinja:Endure","Shedinja:Endure","Shedinja:Endure","Shedinja:FocusSash","Shedinja:FocusSash","Shedinja:DoubleTeam+1","Shedinja:ShadowClaw","theWildCard:Scathach+1","TH:DeckOfManyThings","TH:ElvenBoots","Shedinja:ConfuseRay+1","Shedinja:RockyHelmet","Shedinja:RockyHelmet","Shedinja:RockyHelmet","Shedinja:SafetyGoggles","TH:BikiniMail","Shedinja:ShadowClaw","Shedinja:Elixir","TH:DeckOfManyThings","Shedinja:LumBerry"],"relics":["Shedinja:WonderGuard","Question Card","Omamori","halation:PromiseList","infinitespire:Satchel","conspire:GlowingRock","War Paint","conspire:SeveredTorchhead","PreservedInsect"],"acts_visited":["Exordium","TheCity"],"potions_floor_usage":[16],"damage_taken":[{"damage":0,"enemies":"conspire:MimicChest","floor":2,"turns":11},{"damage":0,"enemies":"Small Slimes","floor":9,"turns":8},{"damage":0,"enemies":"downfall:FleeingMerchant","floor":10,"turns":4},{"damage":0,"enemies":"downfall:FleeingMerchant","floor":11,"turns":4},{"damage":0,"enemies":"Jaw Worm","floor":12,"turns":6},{"damage":0,"enemies":"2 Louse","floor":13,"turns":5},{"damage":0,"enemies":"HollowMod:MossKnight","floor":14,"turns":14},{"damage":0,"enemies":"2 Fungi Beasts","floor":15,"turns":6},{"damage":0,"enemies":"downfall:Watcher","floor":16,"turns":12},{"damage":0,"enemies":"Spheric Guardian","floor":19,"turns":7}],"seed_played":"139673240791894367","potions_obtained":[{"floor":2,"key":"Toxic Potion"},{"floor":15,"key":"EntropicBrew"},{"floor":16,"key":"EntropicBrew"}],"is_trial":false,"path_per_floor":["R","?","?","?","?","R","T","T","M","$","$","M","M","E","M","B",null,"R","M"],"character_chosen":"THE_DEFAULT","items_purchased":["infinitespire:Satchel","conspire:GlowingRock"],"campfire_rested":0,"item_purchase_floors":[10,11],"current_hp_per_floor":[1,1,1,1,1,1,1,1,1,1,1,1,1,1,1,1,1,1,1,1],"gold":174,"neow_bonus":"ONE_RANDOM_RARE_CARD","is_daily":false,"chose_seed":false,"campfire_upgraded":1,"win_rate":0.0,"timestamp":1610046420,"path_taken":["R","?","?","?","?","R","T","?","M","?","$","M","M","E","M","BOSS","R","M"],"items_purchased_type":["Relic","Relic"],"build_version":"2020-12-22","purchased_purges":0,"victory":false,"max_hp_per_floor":[1,1,1,1,1,1,1,1,1,1,1,1,1,1,1,1,1,1,1,1],"relic_stats":{"counters":[10,77],"PreservedInsect":0,"War Paint":["theWildCard:Scathach","Shedinja:ConfuseRay"],"Question Card":19,"obtain_stats":[{"conspire:SeveredTorchhead":17,"conspire:GlowingRock":11,"infinitespire:Satchel":10,"PreservedInsect":18,"Shedinja:WonderGuard":0,"Omamori":2,"halation:PromiseList":7,"War Paint":14,"Question Card":1},{"conspire:SeveredTorchhead":9,"conspire:GlowingRock":4,"infinitespire:Satchel":3,"PreservedInsect":9,"Shedinja:WonderGuard":0,"Omamori":1,"halation:PromiseList":1,"War Paint":7,"Question Card":0},{"conspire:SeveredTorchhead":70,"conspire:GlowingRock":27,"infinitespire:Satchel":23,"PreservedInsect":70,"Shedinja:WonderGuard":0,"Omamori":11,"halation:PromiseList":11,"War Paint":52,"Question Card":0}]},"card_choices":[{"not_picked":["Shedinja:Absorb","Shedinja:StruggleBug","Shedinja:Facade"],"picked":"Shedinja:ShadowClaw","floor":2},{"not_picked":["TH:TreasureMap","TH:Mimic"],"picked":"TH:DeckOfManyThings","floor":7},{"not_picked":["TH:PixieDust","TH:EnergyPotion"],"picked":"TH:ElvenBoots","floor":8},{"not_picked":["Shedinja:StringShot","Shedinja:ArtifactCard","Shedinja:ShadowClaw"],"picked":"Shedinja:ConfuseRay","floor":9},{"not_picked":["Shedinja:StruggleBug","Shedinja:ShadowBall","Shedinja:SuckerPunch"],"picked":"Shedinja:RockyHelmet","floor":10},{"not_picked":["Shedinja:ArtifactCard","Shedinja:PowerBracer","Shedinja:Elixir"],"picked":"Shedinja:RockyHelmet","floor":11},{"not_picked":["Shedinja:ShadowBall","Shedinja:Ether","Shedinja:Round"],"picked":"Shedinja:RockyHelmet","floor":12},{"not_picked":["Shedinja:RockyHelmet","Shedinja:Trick","Shedinja:Mimic"],"picked":"Shedinja:SafetyGoggles","floor":13},{"not_picked":["TH:ArmorSpikes","TH:ElvenBoots"],"picked":"TH:BikiniMail","floor":14},{"not_picked":["Shedinja:ConfuseRay","Shedinja:WillOWisp","Shedinja:FinalGambit"],"picked":"Shedinja:ShadowClaw","floor":14},{"not_picked":["Shedinja:SuckerPunch","Shedinja:ConfuseRay","Shedinja:StringShot"],"picked":"Shedinja:Elixir","floor":15},{"not_picked":["TH:Mimic","TH:PixieDust"],"picked":"TH:DeckOfManyThings","floor":16},{"not_picked":["Shedinja:HYPERBEAM","Shedinja:PhantomForce","Shedinja:Rest"],"picked":"Shedinja:LumBerry","floor":16}],"player_experience":1575302,"relics_obtained":[{"floor":1,"key":"Question Card"},{"floor":2,"key":"Omamori"},{"floor":7,"key":"halation:PromiseList"},{"floor":14,"key":"War Paint"},{"floor":18,"key":"PreservedInsect"}],"event_choices":[{"damage_healed":0,"gold_gain":0,"player_choice":"Disagree","damage_taken":0,"max_hp_gain":0,"max_hp_loss":0,"event_name":"conspire:LoneGhost","floor":4,"gold_loss":0}],"is_beta":false,"boss_relics":[{"not_picked":["Bromod:ArcaneBarrier","halation:PlatinumPhoenix"],"picked":"conspire:SeveredTorchhead"}],"items_purged_floors":[],"is_endless":false,"potions_floor_spawned":[2,15,16],"killed_by":"Spheric Guardian","ascension_level":0}}