{"host":"x92orqe4der2wm1o","time":1610041219,"event":{"mods":["2.2 Compatiblity","Astrologer","BaseMod","Beaked The Cultist","BetterRewards","Challenge The Spire","Downfall","GifTheSpireLib","Hermit","Infinite Spire","Minty Spire (QoL Compilation)","Relic Stats","Replay The Spire","Shade Mod","Shop Mod","StSLib","everything is the same but u backflip on backflip","slay the spire mod where everything is the same but ironclad has a cowboy hat","vexMod"],"gold_per_floor":[99,99,99,53,67,67,67,67,67,67,87,122,142,161,181,181,181,181],"floor_reached":16,"playtime":511,"items_purged":[],"score":100,"play_id":"db5c1e7e-12c9-4a36-b9bb-b8a83c9f9b30","local_time":"20210107114019","is_ascension_mode":false,"campfire_choices":[{"data":"champ:Taunt","floor":1,"key":"SMITH"},{"data":"champ:ArenaPreparation","floor":6,"key":"SMITH"}],"circlet_count":0,"master_deck":["champ:Strike","champ:Strike","champ:Strike","champ:Strike","champ:Defend","champ:Defend","champ:Defend","champ:Defend","champ:Execute","champ:Taunt+1","champ:FocusedDefense","champ:ArenaPreparation+1","champ:FalseCounter","champ:FlashCut","champ:DeathBlow","champ:DefensiveShout","champ:Circumvent","champ:TornadoPunch","champ:DefensiveStyle"],"relics":["champ:ChampionCrown","downfall:HeartsMalice","vexMod:PlasmaPancake","Oddly Smooth Stone"],"acts_visited":["Exordium"],"potions_floor_usage":[12,16],"damage_taken":[{"damage":0,"enemies":"Cultist","floor":2,"turns":1},{"damage":0,"enemies":"Jaw Worm","floor":3,"turns":1},{"damage":0,"enemies":"downfall:FleeingMerchant","floor":4,"turns":1},{"damage":11,"enemies":"2 Louse","floor":5,"turns":4},{"damage":0,"enemies":"Lots of Slimes","floor":11,"turns":1},{"damage":58,"enemies":"Lagavulin","floor":12,"turns":7},{"damage":8,"enemies":"2 Fungi Beasts","floor":13,"turns":2},{"damage":16,"enemies":"3 Louse","floor":14,"turns":2},{"damage":5,"enemies":"Blue Slaver","floor":15,"turns":2},{"damage":36,"enemies":"downfall:Silent","floor":16,"turns":4}],"seed_played":"-5812326611572824746","potions_obtained":[{"floor":5,"key":"champ:CounterPotion"},{"floor":12,"key":"SpeedPotion"},{"floor":13,"key":"Milkshake"},{"floor":15,"key":"DistilledChaos"}],"is_trial":false,"path_per_floor":["R","M","M","$","M","R","T","?","?","?","M","E","M","M","M","B"],"character_chosen":"THE_CHAMP","items_purchased":["champ:FlashCut"],"campfire_rested":0,"item_purchase_floors":[4],"current_hp_per_floor":[90,90,90,90,84,84,84,89,92,87,87,44,36,30,30,0,0,0],"gold":181,"neow_bonus":"THREE_ENEMY_KILL","is_daily":false,"chose_seed":false,"campfire_upgraded":2,"win_rate":0.0,"timestamp":1610041219,"path_taken":["R","M","M","$","M","R","T","?","?","?","?","E","?","M","M","BOSS"],"items_purchased_type":["Card"],"build_version":"2020-12-22","purchased_purges":0,"victory":false,"max_hp_per_floor":[90,90,90,90,90,90,90,95,101,101,101,101,101,101,101,101,101,101],"relic_stats":{"counters":[10,22],"obtain_stats":[{"vexMod:PlasmaPancake":9,"Oddly Smooth Stone":12,"champ:ChampionCrown":0,"downfall:HeartsMalice":0},{"vexMod:PlasmaPancake":4,"Oddly Smooth Stone":6,"champ:ChampionCrown":0,"downfall:HeartsMalice":0},{"vexMod:PlasmaPancake":4,"Oddly Smooth Stone":12,"champ:ChampionCrown":0,"downfall:HeartsMalice":0}]},"card_choices":[{"not_picked":["champ:FlashCut","champ:GutPunch"],"picked":"champ:FocusedDefense","floor":2},{"not_picked":["champ:Haymaker","champ:PerfectedStrike"],"picked":"champ:ArenaPreparation","floor":3},{"not_picked":["champ:Shatter","champ:CrownThrow"],"picked":"champ:FalseCounter","floor":4},{"not_picked":["champ:Backstep","champ:BerserkersShout"],"picked":"champ:DeathBlow","floor":5},{"not_picked":["champ:PerfectedStrike","champ:Backstep"],"picked":"champ:DefensiveShout","floor":11},{"not_picked":["champ:StanceDance","champ:RapidStrikes"],"picked":"champ:Circumvent","floor":12},{"not_picked":["champ:DefensiveShout","champ:BladeFlurry"],"picked":"champ:TornadoPunch","floor":13},{"not_picked":["champ:Encircle","champ:StanceDance"],"picked":"champ:DefensiveStyle","floor":14},{"not_picked":["champ:Improvising","champ:DefensiveShout","champ:BerserkersShout"],"picked":"SKIP","floor":15}],"player_experience":407965,"relics_obtained":[{"floor":12,"key":"Oddly Smooth Stone"}],"event_choices":[{"damage_healed":0,"gold_gain":0,"player_choice":"Donut","damage_taken":0,"max_hp_gain":5,"max_hp_loss":0,"event_name":"Big Fish","floor":8,"gold_loss":0},{"damage_healed":0,"gold_gain":0,"player_choice":"Success","damage_taken":3,"relics_obtained":["vexMod:PlasmaPancake"],"max_hp_gain":0,"max_hp_loss":0,"event_name":"Scrap Ooze","floor":9,"gold_loss":0}],"is_beta":false,"boss_relics":[],"items_purged_floors":[],"is_endless":false,"potions_floor_spawned":[5,12,13,15],"killed_by":"downfall:Silent","ascension_level":0}}