{"host":"axbb6sj12fvt0d3b","time":1610030793,"event":{"mods":["AchievementEnabler","BaseMod","Better Altar","Better Match","Better Note","Better Sensory Stone","Better Skull","Better Third Choice","BetterRewards","Colored Map","Conspire","Downfall","Hermit","Highlight Path","Infinite Spire","Mimic Mod","Minty Spire (QoL Compilation)","Replay The Spire","Shop Mod","Spicy Shops","StSLib","The Cursed","The Jungle","The Runesmith","The Sage"],"gold_per_floor":[109,109,119,129,0,0,12,45,45,57,57,57,57,87,87,183,233,233,233],"floor_reached":18,"playtime":1436,"items_purged":[],"score":195,"play_id":"f7f2c4ec-99cf-4f3e-b596-e876081517ef","local_time":"20210107084633","is_ascension_mode":false,"campfire_choices":[{"data":"hermit:Snapshot","floor":6.0,"key":"SMITH"},{"floor":13.0,"key":"REST"},{"floor":15.0,"key":"REST"}],"circlet_count":0,"master_deck":["hermit:Strike_Hermit","hermit:Strike_Hermit","hermit:Strike_Hermit","hermit:Defend_Hermit","hermit:Defend_Hermit","hermit:Defend_Hermit","hermit:Defend_Hermit","hermit:Snapshot+1","hermit:Covet","hermit:Dive+1","expansioncontent:Collect","hermit:FlashPowder","hermit:Vantage","hermit:Enervate","hermit:Misfire","hermit:Desperado","hermit:NoHoldsBarred","hermit:Horror","hermit:Magnum","hermit:GhostlyPresence","hermit:Magnum","hermit:Quickdraw"],"relics":["hermit:Momento","Runesmith:AutoHammer","Boot","conspire:BottledYoYo","Tiny House"],"acts_visited":["Exordium","TheCity"],"potions_floor_usage":[],"damage_taken":[{"damage":0.0,"enemies":"conspire:RoseBush","floor":1.0,"turns":3.0},{"damage":0.0,"enemies":"Small Slimes","floor":3.0,"turns":5.0},{"damage":1.0,"enemies":"Jaw Worm","floor":4.0,"turns":4.0},{"damage":0.0,"enemies":"Exordium Thugs","floor":7.0,"turns":3.0},{"damage":0.0,"enemies":"Replay:BlueRogue","floor":8.0,"turns":5.0},{"damage":3.0,"enemies":"conspire:2 RoseBushes","floor":10.0,"turns":6.0},{"damage":23.0,"enemies":"Gremlin Nob","floor":14.0,"turns":4.0},{"damage":54.0,"enemies":"The Guardian","floor":16.0,"turns":12.0},{"damage":0,"enemies":"2 Thieves","floor":18,"turns":1}],"seed_played":"-6100960053655846280","potions_obtained":[{"floor":0.0,"key":"PowerPotion"},{"floor":0.0,"key":"hermit:Eclipse"},{"floor":0.0,"key":"conspire:TimeTravelPotion"},{"floor":1.0,"key":"SpeedPotion"},{"floor":3.0,"key":"Toxic Potion"},{"floor":7.0,"key":"Milkshake"},{"floor":8.0,"key":"Swift Potion"},{"floor":17.0,"key":"SneckoExtractPotion"}],"is_trial":false,"path_per_floor":["M","?","M","M","$","R","M","E","T","M","$","?","R","E","R","B",null,"M"],"character_chosen":"HERMIT","items_purchased":["hermit:Enervate","hermit:Misfire"],"campfire_rested":2,"item_purchase_floors":[5,5],"current_hp_per_floor":[75,75,75,74,74,74,74,74,74,71,71,71,75,52,74,20,80,80,80],"gold":233,"neow_bonus":"THREE_SMALL_POTIONS","is_daily":false,"chose_seed":false,"campfire_upgraded":1,"win_rate":0.0,"timestamp":1610030793,"path_taken":["M","?","M","M","?","R","M","E","T","?","$","?","R","E","R","BOSS","M"],"items_purchased_type":["Card","Card"],"build_version":"2020-12-22","purchased_purges":0,"victory":false,"max_hp_per_floor":[75,75,75,75,75,75,75,75,75,75,75,75,75,75,75,75,80,80,80],"card_choices":[{"not_picked":["hermit:Quickdraw","hermit:Coalescence"],"picked":"hermit:Dive","floor":1.0},{"not_picked":["expansioncontent:AwakenDeath","Secret Technique"],"picked":"expansioncontent:Collect","floor":2.0},{"not_picked":["hermit:HoleUp","hermit:BodyArmor"],"picked":"hermit:FlashPowder","floor":3.0},{"not_picked":["hermit:Snipe","hermit:BodyArmor"],"picked":"hermit:Vantage","floor":4.0},{"not_picked":["hermit:LuckOfTheDraw","hermit:HighCaliber"],"picked":"hermit:Desperado","floor":7.0},{"not_picked":["hermit:Coalescence","hermit:Virtue"],"picked":"hermit:NoHoldsBarred","floor":8.0},{"not_picked":["hermit:Spite","hermit:Gestalt"],"picked":"hermit:Horror","floor":10.0},{"not_picked":["hermit:Coalescence","hermit:WideOpen"],"picked":"hermit:GhostlyPresence","floor":14.0},{"not_picked":["hermit:Gambit","hermit:BlackWind"],"picked":"hermit:Magnum","floor":16.0},{"not_picked":["hermit:HoleUp","hermit:Glare"],"picked":"hermit:Quickdraw","floor":17.0}],"player_experience":109168,"relics_obtained":[{"floor":8.0,"key":"Runesmith:AutoHammer"},{"floor":9.0,"key":"Boot"},{"floor":14.0,"key":"conspire:BottledYoYo"}],"event_choices":[{"damage_healed":0.0,"max_hp_gain":0.0,"max_hp_loss":0.0,"gold_gain":1.0,"event_name":"betterStone:BetterStone","player_choice":"1","floor":2.0,"gold_loss":0.0,"damage_taken":0.0},{"damage_healed":0.0,"max_hp_gain":0.0,"max_hp_loss":0.0,"gold_gain":0.0,"cards_transformed":["hermit:Strike_Hermit"],"event_name":"Living Wall","player_choice":"Change","floor":12.0,"gold_loss":0.0,"damage_taken":0.0,"cards_obtained":["hermit:Magnum"]}],"is_beta":false,"boss_relics":[{"not_picked":["Replay:Bronze Core","Runic Dome"],"picked":"Tiny House"}],"items_purged_floors":[],"is_endless":false,"potions_floor_spawned":[1,3,7,8],"killed_by":"2 Thieves","ascension_level":0}}