{"host":"crjmoxe2wwb87pm5","time":1610043838,"event":{"mods":["BaseMod","Colored Map","GifTheSpireLib","Infinite Spire","Minty Spire (QoL Compilation)","Replay The Spire","StSLib"],"gold_per_floor":[116,130,130,130,305,305,336,336,405,250,264,290,290,33,33,131,131,143,18,18,127,127,155,85,104,157,180,180,223,148,171,171,175,175],"floor_reached":33,"playtime":2450,"items_purged":["Doubt","Strike_R","Strike_R"],"score":289,"play_id":"d3248617-0bdc-4df9-9ec8-360569103b82","local_time":"20210107132358","is_ascension_mode":false,"campfire_choices":[{"data":"True Grit","floor":6,"key":"SMITH"},{"floor":8,"key":"REST"},{"floor":15,"key":"DIG"},{"floor":32,"key":"REST"}],"circlet_count":0,"master_deck":["Strike_R","Strike_R","Defend_R+1","Defend_R","Defend_R+1","Bash","Rampage","Flex","True Grit+1","Reaper","Body Slam","Flex","Flex","ReplayTheSpireMod:Stacked","Demon Form","Heavy Blade","Shrug It Off+1","Dual Wield+1","Burning Pact","Heavy Blade","Spot Weakness","ReplayTheSpireMod:Strike From Hell","Massacre","Heavy Blade+1"],"relics":["Burning Blood","Ring of Peace","Ring of Fury","Juzu Bracelet","Bottled Lightning","Sundial","Bronze Scales","Vajra","ReplayTheSpireMod:TigerMarble","Replay:Bandana","Simple Rune"],"acts_visited":["Exordium","TheCity"],"potions_floor_usage":[23,29,29,33],"damage_taken":[{"damage":0,"enemies":"2 Louse","floor":1,"turns":4},{"damage":2,"enemies":"Small Slimes","floor":2,"turns":3},{"damage":44,"enemies":"3 Sentries","floor":7,"turns":10},{"damage":0,"enemies":"Cultist","floor":11,"turns":3},{"damage":14,"enemies":"Replay:BlueRogue","floor":12,"turns":6},{"damage":38,"enemies":"The Guardian","floor":16,"turns":11},{"damage":5,"enemies":"Chosen","floor":18,"turns":5},{"damage":56,"enemies":"Slavers","floor":23,"turns":6},{"damage":0,"enemies":"Shell Parasite","floor":25,"turns":4},{"damage":11,"enemies":"Snake Plant","floor":27,"turns":4},{"damage":37,"enemies":"Gremlin Leader","floor":29,"turns":4},{"damage":33,"enemies":"Centurion and Healer","floor":31,"turns":6},{"damage":41,"enemies":"Collector","floor":33,"turns":5}],"seed_played":"-1471918164880684007","potions_obtained":[{"floor":1,"key":"PowerPotion"},{"floor":11,"key":"Elixir"},{"floor":13,"key":"Explosive Potion"},{"floor":18,"key":"DuplicationPotion"},{"floor":27,"key":"Fire Potion"}],"is_trial":false,"path_per_floor":["M","M","?","?","?","R","E","R","T","$","M","E","?","$","R_BF","B",null,"M","$","?","?","?","E","$","M","T","M","?","E","?","M","R","B"],"character_chosen":"IRONCLAD","items_purchased":["Body Slam","Flex","Bronze Scales","Spot Weakness"],"campfire_rested":2,"item_purchase_floors":[10,10,14,24],"current_hp_per_floor":[80,80,80,80,80,80,42,66,66,66,78,70,70,70,70,54,80,80,80,80,80,80,68,68,74,74,69,69,38,38,27,51,43,43],"gold":175,"neow_bonus":"THREE_CARDS","is_daily":false,"chose_seed":false,"campfire_upgraded":1,"win_rate":0.0,"timestamp":1610043838,"path_taken":["M","M","?","?","?","R","E","R","T","?","M","E","?","$","R_BF","BOSS","M","?","?","?","?","E","?","M","T","M","?","E","?","M","R","BOSS"],"items_purchased_type":["Card","Card","Relic","Card"],"build_version":"2020-12-22","purchased_purges":3,"victory":false,"max_hp_per_floor":[80,80,80,80,80,80,80,80,80,80,80,80,80,80,80,80,80,80,80,80,80,80,80,80,80,80,80,80,80,80,80,80,80,80],"card_choices":[{"not_picked":["ReplayTheSpireMod:Corrosion Curse","Run Through"],"picked":"Rampage","floor":0},{"not_picked":["Replay:Undeath\u0027s Touch","Sword Boomerang"],"picked":"Flex","floor":1},{"not_picked":["Battle Trance","Infernal Blade"],"picked":"True Grit","floor":2},{"not_picked":["Cleave","True Grit"],"picked":"Reaper","floor":7},{"not_picked":["Warcry","Power Through"],"picked":"Flex","floor":11},{"not_picked":["Perfected Strike","Pommel Strike"],"picked":"ReplayTheSpireMod:Stacked","floor":12},{"not_picked":["Eclipse","Exhume"],"picked":"Demon Form","floor":16},{"not_picked":["True Grit","Sword Boomerang+1"],"picked":"Heavy Blade","floor":18},{"not_picked":["Headbutt+1","Body Slam"],"picked":"Shrug It Off+1","floor":21},{"not_picked":["Clothesline","Sword Boomerang+1"],"picked":"Dual Wield+1","floor":21},{"not_picked":["Carnage","Searing Blow"],"picked":"Burning Pact","floor":21},{"not_picked":["Fiend Fire","ReplayTheSpireMod:Stacked"],"picked":"Heavy Blade","floor":23},{"not_picked":["Sword Boomerang","Clothesline","Anger+1"],"picked":"SKIP","floor":25},{"not_picked":["Blood for Blood","Twin Strike"],"picked":"ReplayTheSpireMod:Strike From Hell","floor":27},{"not_picked":["Dual Wield","Armaments"],"picked":"Massacre","floor":29},{"not_picked":["Defy Death","Headbutt"],"picked":"Heavy Blade+1","floor":31}],"player_experience":114258,"relics_obtained":[{"floor":3,"key":"Ring of Peace"},{"floor":3,"key":"Ring of Fury"},{"floor":7,"key":"Juzu Bracelet"},{"floor":9,"key":"Bottled Lightning"},{"floor":12,"key":"Sundial"},{"floor":15,"key":"Vajra"},{"floor":23,"key":"ReplayTheSpireMod:TigerMarble"},{"floor":26,"key":"Replay:Bandana"},{"floor":29,"key":"Simple Rune"}],"event_choices":[{"cards_removed":["Hallucinations"],"damage_healed":0,"gold_gain":0,"player_choice":"Forget","damage_taken":0,"max_hp_gain":0,"max_hp_loss":0,"event_name":"Living Wall","floor":4,"gold_loss":0},{"damage_healed":0,"gold_gain":175,"player_choice":"AGREE","damage_taken":0,"max_hp_gain":0,"max_hp_loss":0,"event_name":"Liars Game","floor":5,"gold_loss":0,"cards_obtained":["Doubt"]},{"damage_healed":0,"gold_gain":0,"player_choice":"Got Potions","damage_taken":0,"max_hp_gain":0,"max_hp_loss":0,"event_name":"Lab","floor":13,"gold_loss":0},{"cards_removed":["Strike_R"],"damage_healed":0,"gold_gain":0,"player_choice":"Elegance","damage_taken":0,"max_hp_gain":0,"max_hp_loss":0,"event_name":"Back to Basics","floor":20,"gold_loss":0},{"damage_healed":0,"gold_gain":0,"player_choice":"Bought 0 Potions","damage_taken":0,"max_hp_gain":0,"max_hp_loss":0,"event_name":"The Woman in Blue","floor":22,"gold_loss":0},{"cards_removed":["Defend_R"],"damage_healed":0,"gold_gain":0,"player_choice":"Gave Gold","damage_taken":0,"max_hp_gain":0,"max_hp_loss":0,"event_name":"Beggar","floor":30,"gold_loss":75}],"is_beta":false,"boss_relics":[{"not_picked":["Mark of Pain","Cursed Key","Ectoplasm"]}],"items_purged_floors":[10,14,19],"is_endless":false,"potions_floor_spawned":[1,11,16,18,27],"killed_by":"Collector","ascension_level":0}}