{"host":"0jugj35n0ams2iav","time":1610063737,"event":{"mods":["BaseMod","Downfall","Hubris","Minty Spire (QoL Compilation)","Replay The Spire","StSLib","The Cursed","The Marked"],"gold_per_floor":[109,109,40,40,60,92,92,106,160,180,198,198,198,217,217,316,316,305,319,319,72,89,89,106,117,192,107,132,132,82,97,97,202,202,214,231,245,263,34,34,61,61,140,167,183,183,195,195,195,195],"floor_reached":51,"playtime":4149,"items_purged":["sneckomod:Bewildered","TheCursedMod:Dregs"],"score":854,"play_id":"0fa63b0e-4e8a-48bc-aa0d-c1d856547be1","local_time":"20210107235537","is_ascension_mode":true,"campfire_choices":[{"data":"Inflame","floor":7.0,"key":"SMITH"},{"floor":13.0,"key":"REST"},{"floor":15.0,"key":"REST"},{"data":"ReplayTheSpireMod:Muscle Training","floor":23.0,"key":"SMITH"},{"data":"Entrench","floor":29.0,"key":"SMITH"},{"data":"Double Tap","floor":32.0,"key":"SMITH"},{"data":"Heavy Blade","floor":40.0,"key":"SMITH"},{"floor":42.0,"key":"REST"},{"data":"hubris:ReadiedAction","floor":49,"key":"SMITH"}],"circlet_count":0,"master_deck":["Strike_R+1","Strike_R+1","Strike_R+1","Strike_R+1","Strike_R+1","Defend_R+1","Defend_R+1","Defend_R+1","Defend_R+1","Bash","Shrug It Off","Inflame+1","hubris:ReadiedAction+1","Battle Trance","ReplayTheSpireMod:Muscle Training+1","Twin Strike","Replay:SS_fish_2","Feed","Spot Weakness","Double Tap+1","Master of Strategy+1","Inflame+1","Heavy Blade+1","Entrench+1","Shrug It Off+1","Limit Break+1","Offering","hubris:StunningStrike+1","Slimebound:Icky","Sword Boomerang+1"],"relics":["Cursed Key","hubris:Towel","hubris:IronBody","PreservedInsect","hubris:VirtuousBlindfold","Kunai","Smiling Mask","Ice Cream","SlaversCollar","Membership Card","War Paint","Simple Rune","Iron Hammer","ReplayTheSpireMod:TigerMarble"],"acts_visited":["Exordium","TheCity","TheBeyond"],"potions_floor_usage":[50,50],"damage_taken":[{"damage":12.0,"enemies":"Jaw Worm","floor":1.0,"turns":3.0},{"damage":0.0,"enemies":"Small Slimes","floor":5.0,"turns":2.0},{"damage":17.0,"enemies":"Gremlin Nob","floor":6.0,"turns":4.0},{"damage":0.0,"enemies":"2 Louse","floor":8.0,"turns":3.0},{"damage":15.0,"enemies":"Red Slaver","floor":10.0,"turns":6.0},{"damage":19.0,"enemies":"Gremlin Gang","floor":11.0,"turns":7.0},{"damage":0.0,"enemies":"2 Fungi Beasts","floor":14.0,"turns":2.0},{"damage":5.0,"enemies":"The Guardian","floor":16.0,"turns":9.0},{"damage":22.0,"enemies":"2 Thieves","floor":18.0,"turns":4.0},{"damage":6.0,"enemies":"Shell Parasite","floor":19.0,"turns":4.0},{"damage":7.0,"enemies":"3 Cultists","floor":22.0,"turns":5.0},{"damage":0.0,"enemies":"Snecko","floor":24.0,"turns":3.0},{"damage":6.0,"enemies":"Centurion and Healer","floor":25.0,"turns":6.0},{"damage":15.0,"enemies":"Book of Stabbing","floor":28.0,"turns":3.0},{"damage":0.0,"enemies":"3 Cultists","floor":31.0,"turns":4.0},{"damage":24.0,"enemies":"hubris:MusketHawk","floor":33.0,"turns":7.0},{"damage":1.0,"enemies":"Orb Walker","floor":35.0,"turns":3.0},{"damage":28.0,"enemies":"3 Darklings","floor":36.0,"turns":6.0},{"damage":0.0,"enemies":"Sphere and 2 Shapes","floor":37.0,"turns":5.0},{"damage":17.0,"enemies":"4 Shapes","floor":38.0,"turns":4.0},{"damage":38.0,"enemies":"Nemesis","floor":41.0,"turns":7.0},{"damage":6.0,"enemies":"Reptomancer","floor":44.0,"turns":2.0},{"damage":6,"enemies":"Spire Growth","floor":45,"turns":4},{"damage":3,"enemies":"Sphere and 2 Shapes","floor":47,"turns":5},{"damage":34,"enemies":"Time Eater","floor":50,"turns":8}],"seed_played":"-7861794883508442624","potions_obtained":[{"floor":5.0,"key":"Strength Potion"},{"floor":6.0,"key":"EssenceOfSteel"},{"floor":8.0,"key":"Adrenaline Potion"},{"floor":14.0,"key":"Energy Potion"},{"floor":22.0,"key":"Energy Potion"},{"floor":28.0,"key":"Ancient Potion"},{"floor":31.0,"key":"Swift Potion"},{"floor":37.0,"key":"CultistPotion"},{"floor":38.0,"key":"Elixir"},{"floor":47,"key":"Block Potion"}],"is_trial":false,"path_per_floor":["M","?","$","?","M","E","R","M","T","M","M","?","R","M","R","B",null,"M","M","?","$","M","R","M","M","T","?","E","R","$","M","R","B",null,"M","M","M","M","$","R","E","R","T","E","M","?","M","?","R","B",null],"character_chosen":"IRONCLAD","items_purchased":["Inflame","Master of Strategy","Membership Card","War Paint"],"campfire_rested":3,"item_purchase_floors":[3,21,39,39],"current_hp_per_floor":[68,68,68,52,52,35,35,35,35,20,1,1,25,28,52,50,86,72,74,74,74,78,78,89,94,94,94,82,82,82,82,82,66,98,100,80,91,85,85,85,55,87,87,81,86,86,94,94,94,74],"gold":195,"neow_bonus":"BOSS_RELIC","is_daily":false,"chose_seed":false,"campfire_upgraded":6,"win_rate":0.0,"timestamp":1610063737,"path_taken":["M","?","$","?","M","E","R","M","T","?","M","?","R","?","R","BOSS","M","?","?","$","M","R","M","M","T","?","E","R","$","M","R","BOSS","M","M","M","M","$","R","E","R","T","E","M","?","M","?","R","BOSS"],"items_purchased_type":["Card","Card","Relic","Relic"],"build_version":"2020-12-22","purchased_purges":2,"victory":true,"max_hp_per_floor":[80,80,80,80,80,80,80,80,80,80,80,80,80,83,83,86,86,86,86,86,86,89,89,92,95,95,95,98,98,98,98,98,98,98,101,101,104,107,107,107,107,107,107,107,110,110,113,113,113,113],"card_choices":[{"not_picked":["Armaments","Disarm"],"picked":"Shrug It Off","floor":1.0},{"not_picked":["Headbutt","Sever Soul"],"picked":"hubris:ReadiedAction","floor":5.0},{"not_picked":["Shrug It Off","Iron Wave","Fire Breathing"],"picked":"SKIP","floor":6.0},{"not_picked":["Searing Blow","Thunderclap"],"picked":"Battle Trance","floor":8.0},{"not_picked":["Body Slam","Bloodletting"],"picked":"ReplayTheSpireMod:Muscle Training","floor":10.0},{"not_picked":["Warcry","Whirlwind"],"picked":"Twin Strike","floor":11.0},{"not_picked":["Shrug It Off","Searing Blow"],"picked":"Spot Weakness","floor":14.0},{"not_picked":["Replay:Many Hands","Berserk"],"picked":"Double Tap","floor":16.0},{"not_picked":["Perfected Strike+1","Headbutt","Disarm"],"picked":"SKIP","floor":18.0},{"not_picked":["ReplayTheSpireMod:Strike From Hell","Replay:Undeath\u0027s Touch","hubris:SharpeningStone"],"picked":"SKIP","floor":19.0},{"not_picked":["Hemokinesis","Carnage"],"picked":"Inflame+1","floor":22.0},{"not_picked":["Flex","ReplayTheSpireMod:Stacked"],"picked":"Heavy Blade","floor":24.0},{"not_picked":["Headbutt+1","Wild Strike"],"picked":"Entrench","floor":25.0},{"not_picked":["Pommel Strike","Immolate"],"picked":"Shrug It Off+1","floor":28.0},{"not_picked":["Bludgeon","Run Through","Shrug It Off"],"picked":"SKIP","floor":31.0},{"not_picked":["Bludgeon","Demonic Infusion"],"picked":"Limit Break","floor":33.0},{"not_picked":["Clothesline+1","Clash","Armaments+1"],"picked":"SKIP","floor":35.0},{"not_picked":["Body Slam","Metallicize","Anger+1"],"picked":"SKIP","floor":36.0},{"not_picked":["Pummel","Clash"],"picked":"Offering","floor":37.0},{"not_picked":["Armaments","Uppercut+1","hubris:SharpeningStone"],"picked":"SKIP","floor":38.0},{"not_picked":["Flex","Shrug It Off"],"picked":"hubris:StunningStrike","floor":41.0},{"not_picked":["Replay:Undeath\u0027s Touch","True Grit+1","Barricade"],"picked":"SKIP","floor":44.0},{"not_picked":["Reckless Charge","Shrug It Off","ReplayTheSpireMod:Stacked+1"],"picked":"SKIP","floor":45},{"not_picked":["Flex","Massacre+1"],"picked":"Sword Boomerang+1","floor":47}],"player_experience":142167,"relics_obtained":[{"floor":6.0,"key":"hubris:IronBody"},{"floor":9.0,"key":"PreservedInsect"},{"floor":26.0,"key":"Kunai"},{"floor":28.0,"key":"Ice Cream"},{"floor":41.0,"key":"Simple Rune"},{"floor":43.0,"key":"Iron Hammer"},{"floor":44.0,"key":"ReplayTheSpireMod:TigerMarble"}],"event_choices":[{"damage_healed":0.0,"max_hp_gain":0.0,"max_hp_loss":0.0,"gold_gain":0.0,"event_name":"Shining Light","player_choice":"Entered Light","floor":4.0,"gold_loss":0.0,"damage_taken":16.0,"cards_upgraded":["Defend_R","Defend_R"]},{"damage_healed":0.0,"max_hp_gain":0.0,"max_hp_loss":0.0,"gold_gain":0.0,"event_name":"Match and Keep!","player_choice":"2 cards matched","floor":12.0,"gold_loss":0.0,"damage_taken":0.0,"cards_obtained":["Replay:SS_fish_2","Feed"]},{"damage_healed":0.0,"max_hp_gain":0.0,"max_hp_loss":0.0,"gold_gain":0.0,"event_name":"Back to Basics","player_choice":"Simplicity","floor":20.0,"gold_loss":0.0,"damage_taken":0.0,"cards_upgraded":["Strike_R","Strike_R","Strike_R","Strike_R","Strike_R","Defend_R","Defend_R"]},{"damage_healed":0.0,"max_hp_gain":0.0,"max_hp_loss":0.0,"gold_gain":0.0,"event_name":"Addict","player_choice":"Obtained Relic","floor":27.0,"gold_loss":85.0,"damage_taken":0.0,"relics_obtained":["Smiling Mask"]},{"damage_healed":0,"gold_gain":0,"player_choice":"Ignored","damage_taken":0,"max_hp_gain":0,"max_hp_loss":0,"event_name":"Tomb of Lord Red Mask","floor":46,"gold_loss":0}],"is_beta":false,"boss_relics":[{"not_picked":["Calling Bell","hubris:Backtick"],"picked":"hubris:VirtuousBlindfold"},{"not_picked":["Runic Dome","Replay:Bronze Core"],"picked":"SlaversCollar"}],"items_purged_floors":[21,30],"is_endless":false,"potions_floor_spawned":[5,6,8,14,22,28,31,33,36,37,38,47],"ascension_level":2}}