{"host":"ig7tc0uedzltt2sr","time":1610058094,"event":{"mods":["BaseMod","Better Twitch Integration","Block Reminder","Colored Map","Colored Powertips","Communication Mod","Current Relic Mod","GifTheSpireLib","HexUI Lib","Minty Spire (QoL Compilation)","Quick Restart","Random Character Button","Rare Cards Sparkle","Relic Sorter","Relic Stats","Slay the Relics Exporter","StSLib","SuperFastMode","Synergy Search","Twitch Decklist","Twitch Utils","everything is the same but u backflip on backflip","slay the spire mod where everything is the same but ironclad has a cowboy hat"],"gold_per_floor":[112,124,76,94,109,109,109],"floor_reached":6,"playtime":66,"items_purged":[],"score":38,"play_id":"4fc29643-ec5d-4fa3-ad72-9a44816e1c42","local_time":"20210107142134","is_ascension_mode":false,"campfire_choices":[],"circlet_count":0,"master_deck":["Strike_R","Strike_R","Strike_R","Strike_R","Strike_R","Defend_R","Defend_R","Defend_R","Defend_R","Bash","Combust","Rage","Rage","Hemokinesis"],"relics":["Burning Blood"],"acts_visited":["Exordium"],"potions_floor_usage":[],"damage_taken":[{"damage":59,"enemies":"Cultist","floor":1,"turns":10},{"damage":13,"enemies":"Jaw Worm","floor":2,"turns":7},{"damage":3,"enemies":"2 Louse","floor":4,"turns":2},{"damage":20,"enemies":"Blue Slaver","floor":5,"turns":6},{"damage":28,"enemies":"Lagavulin","floor":6,"turns":4}],"seed_played":"-8545633277229406529","potions_obtained":[{"floor":4,"key":"ColorlessPotion"},{"floor":5,"key":"Dexterity Potion"}],"is_trial":false,"path_per_floor":["M","M","$","M","M","E"],"character_chosen":"IRONCLAD","items_purchased":["SpeedPotion"],"campfire_rested":0,"item_purchase_floors":[3],"current_hp_per_floor":[35,28,28,31,17,0,0],"gold":109,"neow_bonus":"TEN_PERCENT_HP_BONUS","is_daily":false,"chose_seed":false,"campfire_upgraded":0,"win_rate":0.0,"timestamp":1610058094,"path_taken":["M","M","$","M","?","E"],"items_purchased_type":["Potion"],"build_version":"2020-12-22","purchased_purges":0,"victory":false,"max_hp_per_floor":[88,88,88,88,88,88,88],"relic_stats":{"counters":[5,29],"obtain_stats":[{"Burning Blood":0},{"Burning Blood":0},{"Burning Blood":0}],"Burning Blood":24},"card_choices":[{"not_picked":["True Grit","Body Slam"],"picked":"Combust","floor":1},{"not_picked":["Whirlwind","Inflame"],"picked":"Rage","floor":2},{"not_picked":["Burning Pact","Flame Barrier"],"picked":"Rage","floor":4},{"not_picked":["Flame Barrier","Warcry"],"picked":"Hemokinesis","floor":5}],"player_experience":1457802,"relics_obtained":[],"event_choices":[],"is_beta":false,"boss_relics":[],"items_purged_floors":[],"is_endless":false,"potions_floor_spawned":[4,5],"killed_by":"Lagavulin","ascension_level":0}}