{"host":"oy4pyvr762z5n0bb","time":1610004158,"event":{"mods":["AchievementEnabler","BaseMod","Colored Map","Colored Powertips","Googly Eyes","Key Reminder","Minty Spire (QoL Compilation)","Quick Restart","Relic Sorter","StSLib","SuperFastMode","Unceasing Turn Reminder","slay the spire mod where everything is the same but ironclad has a cowboy hat"],"gold_per_floor":[111,111,126,91,116,160,109,153,232,232,232,232,265,340,340,468,468,468,468,97,97,97,97,97,97,97,97,21,21,21,21,21,21,21,21,21,21,21,21,21,21,21,21,21,21,21,21,21,21,21,21],"floor_reached":50,"playtime":1036,"items_purged":["Strike_R"],"score":679,"play_id":"c0361070-1c21-4f9c-bced-cd3e5710c828","local_time":"20210106232238","is_ascension_mode":true,"campfire_choices":[{"floor":12,"key":"REST"},{"data":"Demon Form","floor":15,"key":"SMITH"},{"data":"Reaper","floor":23,"key":"SMITH"},{"data":"Reaper","floor":25,"key":"SMITH"},{"data":"True Grit","floor":27,"key":"SMITH"},{"floor":32,"key":"REST"},{"data":"Demon Form","floor":40,"key":"SMITH"},{"floor":45,"key":"REST"},{"floor":49,"key":"REST"}],"circlet_count":0,"master_deck":["Strike_R","Strike_R","Strike_R","Defend_R","Defend_R","Defend_R","Defend_R","Bash","Double Tap","Clothesline","Clothesline","Carnage","Demon Form+1","True Grit+1","Combust+1","Reaper+1","Reaper+1","Armaments+1","Twin Strike+1","Cleave","Inflame","Disarm","Flex","Demon Form+1","Disarm","Madness","Madness","Flash of Steel"],"relics":["Burning Blood","Golden Idol","TungstenRod","Dream Catcher","Letter Opener","Omamori","Ectoplasm","Red Skull","Art of War","WingedGreaves","Centennial Puzzle","StrikeDummy","Sozu","Darkstone Periapt","Bottled Lightning"],"acts_visited":["Exordium","TheCity","TheBeyond"],"potions_floor_usage":[6,24,33,33,44],"damage_taken":[{"damage":8,"enemies":"Jaw Worm","floor":1,"turns":4},{"damage":0,"enemies":"2 Louse","floor":3,"turns":3},{"damage":5,"enemies":"Small Slimes","floor":5,"turns":3},{"damage":15,"enemies":"Gremlin Nob","floor":6,"turns":4},{"damage":28,"enemies":"Lagavulin","floor":8,"turns":7},{"damage":20,"enemies":"Gremlin Nob","floor":13,"turns":5},{"damage":40,"enemies":"Hexaghost","floor":16,"turns":8},{"damage":23,"enemies":"Shell Parasite","floor":18,"turns":5},{"damage":17,"enemies":"Spheric Guardian","floor":19,"turns":4},{"damage":20,"enemies":"Snake Plant","floor":22,"turns":5},{"damage":18,"enemies":"Gremlin Leader","floor":24,"turns":6},{"damage":0,"enemies":"Centurion and Healer","floor":29,"turns":6},{"damage":56,"enemies":"Book of Stabbing","floor":30,"turns":7},{"damage":55,"enemies":"Champ","floor":33,"turns":8},{"damage":10,"enemies":"Orb Walker","floor":35,"turns":4},{"damage":3,"enemies":"3 Shapes","floor":37,"turns":5},{"damage":30,"enemies":"Writhing Mass","floor":38,"turns":9},{"damage":79,"enemies":"Reptomancer","floor":44,"turns":7},{"damage":37,"enemies":"Transient","floor":47,"turns":5},{"damage":79,"enemies":"Time Eater","floor":50,"turns":6}],"seed_played":"-1180394522529793283","potions_obtained":[{"floor":5,"key":"AttackPotion"},{"floor":13,"key":"DuplicationPotion"},{"floor":18,"key":"GamblersBrew"},{"floor":29,"key":"Block Potion"},{"floor":30,"key":"ColorlessPotion"}],"is_trial":false,"path_per_floor":["M","?","M","?","M","E","$","E","T","?","?","R","E","?","R","B",null,"M","M","$","$","M","R","E","R","T","R","$","M","E","?","R","B",null,"M","?","M","M","?","R","$","$","T","E","R","$","M","?","R","B"],"character_chosen":"IRONCLAD","items_purchased":["True Grit","Red Skull","Art of War","Inflame"],"campfire_rested":4,"item_purchase_floors":[7,20,20,28],"current_hp_per_floor":[70,50,56,76,77,68,68,46,46,46,46,70,56,49,49,48,72,70,59,59,59,53,53,78,78,78,78,78,80,40,40,64,62,76,80,71,74,54,54,54,54,54,54,15,39,39,35,35,59,0,0],"gold":21,"neow_bonus":"ONE_RANDOM_RARE_CARD","is_daily":false,"chose_seed":false,"campfire_upgraded":5,"win_rate":0.0,"timestamp":1610004158,"path_taken":["M","?","M","?","M","E","$","E","T","?","?","R","E","?","R","BOSS","M","M","?","$","M","R","E","R","T","R","$","?","E","?","R","BOSS","M","?","M","M","?","R","?","$","T","E","R","$","M","?","R","BOSS"],"items_purchased_type":["Card","Relic","Relic","Card"],"build_version":"2020-12-22","purchased_purges":1,"victory":false,"max_hp_per_floor":[80,80,80,80,80,80,80,80,80,80,80,80,80,80,80,80,80,80,80,80,80,80,80,80,80,80,80,80,80,80,80,80,80,80,80,80,80,80,80,80,80,80,80,80,80,80,80,80,80,80,80],"card_choices":[{"not_picked":["Thunderclap","Flex"],"picked":"Clothesline","floor":1},{"not_picked":["Havoc","Sword Boomerang"],"picked":"Clothesline","floor":3},{"not_picked":["Havoc","Headbutt"],"picked":"Carnage","floor":5},{"not_picked":["Iron Wave","Havoc"],"picked":"Demon Form","floor":6},{"not_picked":["Twin Strike","True Grit"],"picked":"Combust","floor":8},{"not_picked":["Rage","Carnage"],"picked":"Reaper","floor":13},{"not_picked":["Berserk","Brutality"],"picked":"Reaper","floor":16},{"not_picked":["Havoc","Dark Embrace"],"picked":"Armaments+1","floor":18},{"not_picked":["Ghostly Armor","Dark Embrace+1"],"picked":"Twin Strike+1","floor":19},{"not_picked":["Iron Wave","Thunderclap+1","Carnage+1"],"picked":"SKIP","floor":22},{"not_picked":["Feel No Pain","Exhume"],"picked":"Cleave","floor":24},{"not_picked":["Rupture","Evolve"],"picked":"Disarm","floor":29},{"not_picked":["Anger","Armaments"],"picked":"Flex","floor":30},{"not_picked":["Exhume","Berserk"],"picked":"Demon Form","floor":33},{"not_picked":["Armaments","Cleave+1"],"picked":"Disarm","floor":35},{"not_picked":["Thunderclap+1","Clash+1","Pommel Strike+1"],"picked":"SKIP","floor":37},{"not_picked":["Clash","Perfected Strike+1","Heavy Blade"],"picked":"SKIP","floor":38},{"not_picked":["Magnetism","Enlightenment"],"picked":"Flash of Steel","floor":39},{"not_picked":["Clash","Dark Embrace+1","Iron Wave"],"picked":"SKIP","floor":44},{"not_picked":["Pommel Strike","Pummel","Thunderclap"],"picked":"SKIP","floor":47}],"player_experience":717050,"relics_obtained":[{"floor":6,"key":"TungstenRod"},{"floor":8,"key":"Dream Catcher"},{"floor":9,"key":"Letter Opener"},{"floor":13,"key":"Omamori"},{"floor":24,"key":"WingedGreaves"},{"floor":26,"key":"Centennial Puzzle"},{"floor":30,"key":"StrikeDummy"},{"floor":43,"key":"Darkstone Periapt"},{"floor":44,"key":"Bottled Lightning"}],"event_choices":[{"damage_healed":0,"gold_gain":0,"player_choice":"Take Damage","damage_taken":20,"relics_obtained":["Golden Idol"],"max_hp_gain":0,"max_hp_loss":0,"event_name":"Golden Idol","floor":2,"gold_loss":0},{"damage_healed":20,"gold_gain":0,"player_choice":"Healed","damage_taken":0,"max_hp_gain":0,"max_hp_loss":0,"event_name":"The Cleric","floor":4,"gold_loss":35},{"damage_healed":0,"gold_gain":0,"player_choice":"Grow","damage_taken":0,"max_hp_gain":0,"max_hp_loss":0,"event_name":"Living Wall","floor":10,"gold_loss":0,"cards_upgraded":["Combust"]},{"damage_healed":0,"gold_gain":0,"player_choice":"Ignored","damage_taken":0,"max_hp_gain":0,"max_hp_loss":0,"event_name":"Shining Light","floor":11,"gold_loss":0},{"damage_healed":0,"gold_gain":75,"player_choice":"Touch","damage_taken":8,"max_hp_gain":0,"max_hp_loss":0,"event_name":"FaceTrader","floor":14,"gold_loss":0},{"damage_healed":0,"gold_gain":99,"player_choice":"Stole From Cult","damage_taken":0,"max_hp_gain":0,"max_hp_loss":0,"event_name":"Nest","floor":31,"gold_loss":0},{"damage_healed":0,"gold_gain":0,"player_choice":"Embrace Madness","damage_taken":10,"max_hp_gain":0,"max_hp_loss":0,"event_name":"Winding Halls","floor":36,"gold_loss":0,"cards_obtained":["Madness","Madness"]},{"damage_healed":0,"gold_gain":0,"player_choice":"Memory 1","damage_taken":0,"max_hp_gain":0,"max_hp_loss":0,"event_name":"SensoryStone","floor":39,"gold_loss":0},{"cards_removed":["Strike_R"],"damage_healed":0,"gold_gain":0,"player_choice":"Removed Attack","damage_taken":0,"max_hp_gain":0,"max_hp_loss":0,"event_name":"Falling","floor":48,"gold_loss":0}],"is_beta":false,"boss_relics":[{"not_picked":["SlaversCollar","Runic Pyramid"],"picked":"Ectoplasm"},{"not_picked":["Pandora\u0027s Box","Snecko Eye"],"picked":"Sozu"}],"items_purged_floors":[20],"is_endless":false,"potions_floor_spawned":[5,13,18,29,30,37,38],"killed_by":"Time Eater","ascension_level":6}}