{"host":"12lnwhc48gjtaggg","time":1610031664,"event":{"mods":["Aspiration","BaseMod","BetterRewards","Energized Spire","Gold Saver","GungeonMod","Infinite Spire","Minty Spire (QoL Compilation)","Remove Card Discount Mod","Shop Mod","StSLib","Trackpad","[IsaacMod]????"],"gold_per_floor":[117,113,113,113,127,127,156,133,133,133,144,144,174,139,139,241,241,255,270,218,218,236,262,262,262,262,275,275,311,327,327,327,439,407,433,229,240,240,240,240,273,295,304,119,135,164,164,176,176,176],"floor_reached":51,"playtime":2525,"items_purged":["Strike_G","Defend_G","Envenom","Dagger Throw","Trip+1","Quick Slash","Doppelganger","Darkness","Strike_G","Defend_G","Strike_G","Accuracy","Blade Dance","infinitespire:Pacifist"],"score":1098,"play_id":"1a089f3f-8b66-4d2b-a1bd-b817335ec045","local_time":"20210107150104","is_ascension_mode":true,"campfire_choices":[{"floor":6,"key":"REST"},{"data":"Terror","floor":10,"key":"SMITH"},{"data":"Trip","floor":12,"key":"SMITH"},{"data":"Noxious Fumes","floor":15,"key":"SMITH"},{"floor":25,"key":"REST"},{"floor":28,"key":"REST"},{"data":"Creative AI","floor":32,"key":"SMITH"},{"data":"Footwork","floor":40,"key":"SMITH"},{"floor":47,"key":"REST"},{"data":"Capacitor","floor":49,"key":"SMITH"}],"circlet_count":0,"master_deck":["Strike_G","Strike_G","Strike_G","Defend_G","Defend_G","Defend_G","Survivor","Neutralize","Footwork+1","Footwork","Quick Slash","Noxious Fumes+1","Streamline","Electrodynamics","infinitespire:Execution","Reinforced Body","Creative AI+1","Creative AI","Conserve Battery","White Noise+1","Capacitor+1","Static Discharge","Noxious Fumes","Creative AI"],"relics":["Ring of the Snake","HushsDoor","BFFS","Tingsha","Chemical X","Anchor","trackpad:DisasterInABottle","trackpad:GuardianSpirit","trackpad:BottledTsunami","aspiration:DefectSkillbook","Bag of Marbles","Cursed Key","aspiration:SneckoTail","Gremlin Horn","CeramicFish","energizedSpire:HugeHouse","Membership Card","Paper Crane","DoctorsRemote","Meat on the Bone","Peace Pipe"],"acts_visited":["Exordium","TheCity","TheBeyond"],"potions_floor_usage":[23,27,29,45,50,50],"damage_taken":[{"damage":0,"enemies":"Small Slimes","floor":1,"turns":3},{"damage":0,"enemies":"Cultist","floor":5,"turns":5},{"damage":0,"enemies":"3 Sentries","floor":7,"turns":3},{"damage":0,"enemies":"2 Louse","floor":11,"turns":1},{"damage":16,"enemies":"Gremlin Nob","floor":13,"turns":4},{"damage":38,"enemies":"Slime Boss","floor":16,"turns":9},{"damage":0,"enemies":"Spheric Guardian","floor":18,"turns":4},{"damage":9,"enemies":"3 Byrds","floor":19,"turns":4},{"damage":15,"enemies":"Centurion and Healer","floor":22,"turns":4},{"damage":31,"enemies":"Slavers","floor":23,"turns":3},{"damage":16,"enemies":"Snake Plant","floor":27,"turns":3},{"damage":0,"enemies":"Book of Stabbing","floor":29,"turns":4},{"damage":0,"enemies":"3 Cultists","floor":30,"turns":3},{"damage":0,"enemies":"Collector","floor":33,"turns":5},{"damage":19,"enemies":"3 Darklings","floor":35,"turns":3},{"damage":0,"enemies":"3 Shapes","floor":37,"turns":3},{"damage":0,"enemies":"Giant Head","floor":41,"turns":6},{"damage":3,"enemies":"Jaw Worm Horde","floor":42,"turns":4},{"damage":6,"enemies":"Spire Growth","floor":45,"turns":4},{"damage":5,"enemies":"Writhing Mass","floor":46,"turns":4},{"damage":0,"enemies":"Jaw Worm Horde","floor":48,"turns":4},{"damage":63,"enemies":"Awakened One","floor":50,"turns":9}],"seed_played":"1746908643058403439","potions_obtained":[{"floor":7,"key":"LiquidMemories"},{"floor":23,"key":"Fire Potion"},{"floor":27,"key":"Energy Potion"},{"floor":30,"key":"PowerPotion"},{"floor":35,"key":"Ancient Potion"},{"floor":41,"key":"Fire Potion"},{"floor":46,"key":"Regen Potion"}],"is_trial":false,"path_per_floor":["M","$","?","?","M","R","E","$","T","R","M","R","E","?","R","B",null,"M","M","$","?","M","E","AVR","R","T","M","R","E","M","?","R","B",null,"M","$","M","AVR","?","R","E","M","T","$","M","M","R","M","R","B",null],"character_chosen":"THE_SILENT","items_purchased":["Footwork","Terror","Chemical X","Footwork","Trip","Quick Slash","Streamline","Membership Card","Capacitor","Peace Pipe","Noxious Fumes"],"campfire_rested":4,"item_purchase_floors":[0,0,0,0,0,8,20,36,36,44,44],"current_hp_per_floor":[49,49,49,49,49,70,70,70,70,70,70,70,54,70,70,32,70,70,61,61,61,46,15,15,36,36,20,41,41,41,41,41,41,65,46,46,46,46,46,46,46,43,43,43,37,44,63,63,63,27],"gold":176,"neow_bonus":"","is_daily":false,"chose_seed":false,"campfire_upgraded":6,"win_rate":0.0,"timestamp":1610031664,"path_taken":["M","$","?","?","M","R","E","$","T","R","?","R","E","?","R","BOSS","M","M","$","?","M","E","AVR","R","T","M","R","E","M","?","R","BOSS","M","$","M","AVR","?","R","E","M","T","?","?","M","R","M","R","BOSS"],"items_purchased_type":["Card","Card","Relic","Card","Card","Card","Card","Relic","Card","Relic","Card"],"build_version":"2020-12-22","purchased_purges":14,"victory":true,"max_hp_per_floor":[70,70,70,70,70,70,70,70,70,70,70,70,70,70,70,70,70,70,70,70,70,70,70,70,70,70,70,70,70,70,70,70,70,65,65,65,65,65,65,65,65,65,65,65,65,65,65,65,65,65],"card_choices":[{"not_picked":[],"picked":"Bomb","floor":0},{"not_picked":["Deadly Poison","Dagger Throw"],"picked":"Accuracy","floor":1},{"not_picked":["Deflect","Acrobatics"],"picked":"Dagger Throw","floor":5},{"not_picked":["Concentrate","Caltrops"],"picked":"Envenom","floor":7},{"not_picked":["Concentrate","Eviscerate"],"picked":"Quick Slash","floor":11},{"not_picked":["Acrobatics","Prepared"],"picked":"Noxious Fumes","floor":13},{"not_picked":["Adrenaline","Night Terror"],"picked":"Doppelganger","floor":16},{"not_picked":["Steam","Cloak And Dagger","Rip and Tear"],"picked":"Darkness","floor":18},{"not_picked":["Rebound","Footwork","Blizzard"],"picked":"Blade Dance","floor":19},{"not_picked":["Cloak And Dagger+1","Flying Knee","Outmaneuver"],"picked":"Electrodynamics","floor":22},{"not_picked":["Aggregate","Prepared","Choke","Sucker Punch"],"picked":"SKIP","floor":23},{"not_picked":["Blade Dance","Coolheaded","Stack+1"],"picked":"Reinforced Body","floor":27},{"not_picked":["Conserve Battery+1","Concentrate","Masterful Stab"],"picked":"Creative AI","floor":29},{"not_picked":["Prepared","Ball Lightning","Bane","Catalyst"],"picked":"SKIP","floor":30},{"not_picked":["Phantasmal Killer","Die Die Die","Night Terror"],"picked":"Creative AI","floor":33},{"not_picked":["Setup+1","Dodge and Roll+1","Conserve Battery+1"],"picked":"White Noise+1","floor":35},{"not_picked":["Backflip+1","Prepared+1","Masterful Stab+1","Storm of Steel"],"picked":"SKIP","floor":37},{"not_picked":["Turbo","Calculated Gamble+1","Bane","Prepared+1"],"picked":"SKIP","floor":41},{"not_picked":["Storm","Streamline","Heel Hook+1"],"picked":"Static Discharge","floor":42},{"not_picked":["Slice","Undo","Sweeping Beam","Poisoned Stab"],"picked":"SKIP","floor":45},{"not_picked":["Cancel+1","Ball Lightning+1","Crippling Poison"],"picked":"Creative AI","floor":46},{"not_picked":["Loop+1","Go for the Eyes+1","Slice","Aggregate+1"],"picked":"SKIP","floor":48}],"player_experience":386584,"relics_obtained":[{"floor":4,"key":"Anchor"},{"floor":7,"key":"trackpad:DisasterInABottle"},{"floor":9,"key":"trackpad:GuardianSpirit"},{"floor":13,"key":"trackpad:BottledTsunami"},{"floor":23,"key":"Bag of Marbles"},{"floor":26,"key":"Gremlin Horn"},{"floor":29,"key":"CeramicFish"},{"floor":41,"key":"DoctorsRemote"},{"floor":43,"key":"Meat on the Bone"}],"event_choices":[{"damage_healed":17,"gold_gain":0,"player_choice":"Healed","damage_taken":0,"max_hp_gain":0,"max_hp_loss":0,"event_name":"The Cleric","floor":14,"gold_loss":35},{"damage_healed":0,"gold_gain":0,"player_choice":"Bought 0 Potions","damage_taken":0,"max_hp_gain":0,"max_hp_loss":0,"event_name":"The Woman in Blue","floor":21,"gold_loss":0},{"cards_removed":["Doubt"],"damage_healed":0,"gold_gain":0,"player_choice":"Elegance","damage_taken":0,"max_hp_gain":0,"max_hp_loss":0,"event_name":"Back to Basics","floor":31,"gold_loss":0},{"damage_healed":0,"gold_gain":0,"player_choice":"Ignored","damage_taken":0,"max_hp_gain":0,"max_hp_loss":0,"event_name":"Tomb of Lord Red Mask","floor":39,"gold_loss":0}],"is_beta":false,"boss_relics":[{"not_picked":["ChampionBelt","energizedSpire:RedRose"],"picked":"aspiration:DefectSkillbook"},{"not_picked":[]},{"not_picked":["energizedSpire:SpiderWeb","energizedSpire:EnergizedDie"],"picked":"energizedSpire:HugeHouse"},{"not_picked":[]}],"items_purged_floors":[2,2,20,20,36,36,36,36,36,36,36,36,36,44],"is_endless":false,"potions_floor_spawned":[7,13,22,23,27,30,33,35,41,46],"ascension_level":1}}