{"host":"m1168lp3vv5pgdep","time":1610032510,"event":{"mods":["Act Like it!","Aspiration","BaseMod","Better Altar","Better Match","Better Sensory Stone","Better Skull","Better Third Choice","Block Reminder","CCEM","Curses Come First","Elementarium","Gensokyo","GungeonMod","Hallownest","Hermit","Hubris","Menagerie","Minty Spire (QoL Compilation)","Pale of the Ancients","Permanent Neow","Quick Restart","Small Relic Pack","Spicy Shops","StSLib","The Bug Knight","The Forsaken","The Marked","Wandering Minibosses","WarShipGirlsR/????R mod"],"gold_per_floor":[111,111,131,143,154,154,154],"floor_reached":6,"playtime":791,"items_purged":[],"score":38,"play_id":"02304776-7daf-41e7-ae21-bde4019eebf5","local_time":"20210107151510","is_ascension_mode":false,"campfire_choices":[],"circlet_count":0,"master_deck":["theMarked:Strike","theMarked:Strike","theMarked:Defend","theMarked:Defend","theMarked:Defend","theMarked:Defend","theMarked:SoldierOfQuellstein","theMarked:BanishingStrike","theMarked:Frustration","theMarked:Frustration"],"relics":["theMarked:ArtifactOfAir"],"acts_visited":["Gensokyo:Gensokyo"],"potions_floor_usage":[6],"damage_taken":[{"damage":1.0,"enemies":"Gensokyo:Python","floor":1.0,"turns":3.0},{"damage":4.0,"enemies":"Gensokyo:Gryphon","floor":3.0,"turns":4.0},{"damage":19.0,"enemies":"Gensokyo:2_Kodama","floor":4.0,"turns":6.0},{"damage":14.0,"enemies":"Gensokyo:Kitsune","floor":5.0,"turns":6.0},{"damage":3,"enemies":"Gensokyo:Mamizou","floor":6,"turns":6}],"seed_played":"-2829921568547417859","potions_obtained":[{"floor":3.0,"key":"GamblersBrew"}],"is_trial":false,"path_per_floor":["M","?","M","M","M","E"],"character_chosen":"THE_DEFAULT","items_purchased":[],"campfire_rested":0,"item_purchase_floors":[],"current_hp_per_floor":[76,46,42,23,9,6,6],"gold":154,"neow_bonus":"TEN_PERCENT_HP_BONUS","is_daily":false,"chose_seed":false,"campfire_upgraded":0,"win_rate":0.0,"timestamp":1610032510,"path_taken":["M","?","M","M","M","E"],"items_purchased_type":[],"build_version":"2020-12-22","purchased_purges":0,"victory":false,"max_hp_per_floor":[77,77,77,77,77,77,77],"card_choices":[{"not_picked":["theMarked:SwordAndMagic","theMarked:ChainLightning"],"picked":"theMarked:BanishingStrike","floor":1.0},{"not_picked":["theMarked:WastefulDefense","theMarked:ResourceFulStrike"],"picked":"theMarked:Frustration","floor":3.0},{"not_picked":["theMarked:RepellingDischarge","theMarked:WastefulDefense"],"picked":"theMarked:Frustration","floor":4.0},{"not_picked":["theMarked:Standoff","theMarked:UnarmedFury","theMarked:RepellingDischarge"],"picked":"SKIP","floor":5}],"player_experience":248808,"relics_obtained":[],"event_choices":[],"is_beta":false,"boss_relics":[],"items_purged_floors":[],"is_endless":false,"potions_floor_spawned":[3],"killed_by":"Gensokyo:Mamizou","ascension_level":0}}