{"host":"qa029bqsloh3rj2z","time":1610007020,"event":{"mods":["AchievementEnabler","BaseMod","Colored Powertips","DeckTracker","Minty Spire (QoL Compilation)","Permanent Neow","Waifu the Spire"],"gold_per_floor":[114,162,162,162,33,33,69,69,69,84,104,104,140,153,153,283,283,307,328,253,253,272,272,272],"floor_reached":23,"playtime":1167,"items_purged":["Defend_R"],"score":189,"play_id":"2e6242c7-bb84-4abe-b87d-f011e4e739ff","local_time":"20210107031020","is_ascension_mode":false,"campfire_choices":[{"data":"Bash","floor":6,"key":"SMITH"},{"data":"Dropkick","floor":8,"key":"SMITH"},{"data":"Shrug It Off","floor":12,"key":"SMITH"},{"data":"Clash","floor":15,"key":"SMITH"}],"circlet_count":0,"master_deck":["Strike_R","Strike_R","Strike_R","Defend_R","Defend_R","Bash+1","Clash+1","Dropkick+1","Shrug It Off+1"],"relics":["Burning Blood","Red Skull","Golden Idol","HornCleat","Matryoshka","Odd Mushroom","Black Star","Bronze Scales","Meat on the Bone"],"acts_visited":["Exordium","TheCity"],"potions_floor_usage":[23,23,23],"damage_taken":[{"damage":6,"enemies":"Cultist","floor":1,"turns":3},{"damage":11,"enemies":"Gremlin Nob","floor":7,"turns":3},{"damage":5,"enemies":"Small Slimes","floor":10,"turns":2},{"damage":0,"enemies":"Jaw Worm","floor":11,"turns":2},{"damage":4,"enemies":"The Mushroom Lair","floor":13,"turns":4},{"damage":7,"enemies":"Blue Slaver","floor":14,"turns":4},{"damage":40,"enemies":"Hexaghost","floor":16,"turns":10},{"damage":7,"enemies":"Shell Parasite","floor":18,"turns":6},{"damage":0,"enemies":"Chosen","floor":19,"turns":3},{"damage":34,"enemies":"Shelled Parasite and Fungi","floor":22,"turns":6},{"damage":56,"enemies":"Book of Stabbing","floor":23,"turns":6}],"seed_played":"1433625380006531773","potions_obtained":[{"floor":1,"key":"EssenceOfSteel"},{"floor":7,"key":"SkillPotion"},{"floor":11,"key":"Dexterity Potion"},{"floor":18,"key":"HeartOfIron"}],"is_trial":false,"path_per_floor":["M","T","?","?","$","R","E","R","T","M","M","R","?","M","R","B",null,"M","M","?","T","M","E"],"character_chosen":"IRONCLAD","items_purchased":["Clash"],"campfire_rested":0,"item_purchase_floors":[5],"current_hp_per_floor":[80,80,60,53,53,53,48,48,48,49,55,55,57,56,56,22,80,79,80,80,80,52,0,0],"gold":272,"neow_bonus":"REMOVE_CARD","is_daily":false,"chose_seed":false,"campfire_upgraded":4,"win_rate":0.0,"timestamp":1610007020,"path_taken":["M","?","?","?","$","R","E","R","T","?","M","R","?","M","R","BOSS","M","M","?","?","?","E"],"items_purchased_type":["Card"],"build_version":"2020-12-22","purchased_purges":1,"victory":false,"max_hp_per_floor":[80,80,80,80,80,80,80,80,80,80,80,80,80,80,80,80,80,80,80,80,80,80,80,80],"card_choices":[{"not_picked":["Rage","Rampage","Dual Wield"],"picked":"SKIP","floor":1},{"not_picked":["Iron Wave","Flex"],"picked":"Dropkick","floor":7},{"not_picked":["Clash","Armaments"],"picked":"Shrug It Off","floor":10},{"not_picked":["Wild Strike","True Grit","Cleave"],"picked":"SKIP","floor":11},{"not_picked":["Sword Boomerang","Inflame","Limit Break"],"picked":"SKIP","floor":14},{"not_picked":["Uppercut","Spot Weakness","Disarm+1"],"picked":"SKIP","floor":18},{"not_picked":["Twin Strike","Pommel Strike","Heavy Blade"],"picked":"SKIP","floor":19},{"not_picked":["Combust+1","Inflame+1","Corruption"],"picked":"SKIP","floor":22}],"player_experience":31487,"relics_obtained":[{"floor":2,"key":"Red Skull"},{"floor":7,"key":"HornCleat"},{"floor":9,"key":"Matryoshka"},{"floor":13,"key":"Odd Mushroom"},{"floor":21,"key":"Bronze Scales"},{"floor":21,"key":"Meat on the Bone"}],"event_choices":[{"damage_healed":0,"gold_gain":0,"player_choice":"Take Damage","damage_taken":20,"relics_obtained":["Golden Idol"],"max_hp_gain":0,"max_hp_loss":0,"event_name":"Golden Idol","floor":3,"gold_loss":0},{"cards_removed":["Strike_R"],"damage_healed":0,"gold_gain":0,"player_choice":"Card Removal","damage_taken":7,"max_hp_gain":0,"max_hp_loss":0,"event_name":"Golden Wing","floor":4,"gold_loss":0},{"damage_healed":0,"gold_gain":0,"player_choice":"Fought Mushrooms","damage_taken":0,"max_hp_gain":0,"max_hp_loss":0,"event_name":"Mushrooms","floor":13,"gold_loss":0},{"cards_removed":["Strike_R"],"damage_healed":0,"gold_gain":0,"player_choice":"Gave Gold","damage_taken":0,"max_hp_gain":0,"max_hp_loss":0,"event_name":"Beggar","floor":20,"gold_loss":75}],"is_beta":false,"boss_relics":[{"not_picked":["Runic Pyramid","Snecko Eye"],"picked":"Black Star"}],"items_purged_floors":[5],"is_endless":false,"potions_floor_spawned":[1,7,11,18,22],"killed_by":"Book of Stabbing","ascension_level":0}}