{"host":"6a06qhlf17v5rcww","time":1610052100,"event":{"mods":["Act Like it!","BaseMod","Beaked The Cultist","Better Altar","Better Match","Better Note","Better Sensory Stone","Better Skull","Better Third Choice","Better Vampires","BetterRewards","Block Reminder","Colored Powertips","Downfall","Hallownest","Infinite Spire","Minty Spire (QoL Compilation)","Poor People Problems","Prisma Mod","Rare Cards Sparkle","Replay The Spire","Shade Mod","StSLib","The Bug Knight","The Jungle","The Marked"],"gold_per_floor":[117,152,166,183,183,183,199,199,222,83,130,140,140,151,151,247,247,260,260,289,314,333,333,392,392,461,482,491,533,533,559,559,665,765,790,790,817,760,760,794,821,861,943,956,956,984,997,1026,1026,1056],"floor_reached":51,"playtime":7821,"items_purged":["Hallucinations"],"score":860,"play_id":"30057d5f-7514-4cdb-98db-15560863c73c","local_time":"20210107154140","is_ascension_mode":false,"campfire_choices":[{"data":"Apotheosis","floor":6.0,"key":"SMITH"},{"data":"PrismaMod:IllyaUncommonDefend","floor":8.0,"key":"SMITH"},{"data":"PrismaMod:IllyaBride","floor":15.0,"key":"SMITH"},{"floor":23.0,"key":"REST"},{"floor":25.0,"key":"REST"},{"data":"PrismaMod:IllyaUberChannel","floor":32.0,"key":"SMITH"},{"data":"PrismaMod:IllyaSaphire","floor":32.0,"key":"SMITH"},{"data":"PrismaMod:IllyaAlice","floor":49,"key":"SMITH"},{"data":"PrismaMod:IllyaGrail","floor":49,"key":"SMITH"}],"circlet_count":0,"master_deck":["PrismaMod:IllyaCommonAttack","PrismaMod:IllyaCommonDefend","PrismaMod:IllyaCommonAttack","PrismaMod:IllyaCommonDefend","PrismaMod:IllyaCommonAttack","PrismaMod:IllyaCommonDefend","PrismaMod:IllyaCommonAttack","PrismaMod:IllyaCommonDefend","PrismaMod:IllyaCommonAttack","PrismaMod:IllyaCommonDefend","PrismaMod:IllyaUncommonAttack","PrismaMod:IllyaUncommonDefend+1","Apotheosis+1","PrismaMod:IllyaGun","PrismaMod:IllyaPartialInstallAssassin","PrismaMod:IllyaCarnivalAttack+1","PrismaMod:IllyaPoisonTippedWeapons","PrismaMod:IllyaHassanGift","PrismaMod:IllyaCheapChannelAttack","PrismaMod:IllyaFeed+1","PrismaMod:IllyaGrail+1","PrismaMod:IllyaStunPoison","PrismaMod:IllyaUncommonAOEAttack+1","PrismaMod:IllyaInstallAssassin","PrismaMod:IllyaBride+1","PrismaMod:IllyaSaphire","PrismaMod:IllyaRubysPotion","PrismaMod:IllyaInstallRuler","sneckomod:Bewildered","ReplayTheSpireMod:Splinters","betterMatch:CurseCard","PrismaMod:IllyaPoisoningPhantasm","PrismaMod:IllyaDevil","PrismaMod:IllyaFeed+1","PrismaMod:IllyaDevil+1","PrismaMod:IllyaSaphire+1","Hallownest:pwrSporeShroom","PrismaMod:IllyaUberChannel+1","PrismaMod:IllyaFeed","PrismaMod:IllyaUberAttackChannel","PrismaMod:IllyaCheapChannelDefend","PrismaMod:IllyaUberChannel+1","PrismaMod:IllyaUberPoisonChannel+1","PrismaMod:IllyaCarnivalPrismaAstolfo+1","PrismaMod:IllyaBerserCAR","PrismaMod:IllyaMinorZwei+1","PrismaMod:IllyaAlice+1","PrismaMod:IllyaPoisoningPhantasm+1","PrismaMod:IllyaInstallCaster"],"relics":["PrismaMod:PrismaRuby","Blue Doll","Membership Card","Durian","downfall:RedIOU","Pocketwatch","Vajra","Hallownest:SalubrasBlessingRelic","MealTicket","ReplayTheSpireMod:CursedCoin","Replay:Mystery Machine","Boot","Potion Belt","Hallownest:DreamNailRelic","Replay:Ancient Bell","Tiny Chest","Divine Protection","Replay:Arrowhead","CeramicFish","Pen Nib","Kunai","Regal Pillow","Pondfish Scales","Replay:Grab Bag","Replay:Wanted Poster","ChewingGum","Black Star","Sundial","Frozen Egg 2","Whetstone","ReplayFunnel","Orichalcum","HornCleat","Hallownest:KingsIdolRelic"],"acts_visited":["Exordium","Hallownest:Greenpath","Hallownest:CityofTears"],"potions_floor_usage":[50,50,50,50],"damage_taken":[{"damage":0.0,"enemies":"Hallownest:monsterHuskGuard","floor":1.0,"turns":4.0},{"damage":1.0,"enemies":"Hallownest:eliteCrystalGuardian","floor":2.0,"turns":6.0},{"damage":0.0,"enemies":"Hallownest:2_Baldur","floor":3.0,"turns":3.0},{"damage":6.0,"enemies":"Hallownest:monsterHuskWarrior","floor":4.0,"turns":5.0},{"damage":2.0,"enemies":"Hallownest:MossCreep_and_Mosskin","floor":7.0,"turns":6.0},{"damage":0.0,"enemies":"Hallownest:monsterAspidMother","floor":12.0,"turns":6.0},{"damage":0.0,"enemies":"Hallownest:Guard_and_Warrior","floor":14.0,"turns":6.0},{"damage":11.0,"enemies":"Hallownest:BossBrokenVessel","floor":16.0,"turns":9.0},{"damage":10.0,"enemies":"Hallownest:Flukemon_and_Top","floor":18.0,"turns":5.0},{"damage":0.0,"enemies":"Hallownest:2_Mistakes","floor":20.0,"turns":17.0},{"damage":36.0,"enemies":"Hallownest:3_Mistakes","floor":21.0,"turns":10.0},{"damage":0.0,"enemies":"Hallownest:Master_and_Novice","floor":22.0,"turns":4.0},{"damage":6.0,"enemies":"Hallownest:Glutton_and_Coward","floor":24.0,"turns":4.0},{"damage":11.0,"enemies":"Hallownest:2_Husk_Sentries","floor":27.0,"turns":4.0},{"damage":0.0,"enemies":"Hallownest:eliteWatcherKnight","floor":29.0,"turns":14.0},{"damage":0.0,"enemies":"Hallownest:Master_and_Novice","floor":31.0,"turns":7.0},{"damage":21.0,"enemies":"Hallownest:BossGrimm","floor":33.0,"turns":9.0},{"damage":17.0,"enemies":"Hallownest:Shield_Heavy","floor":35.0,"turns":6.0},{"damage":14.0,"enemies":"Hallownest:3_Siblings","floor":37.0,"turns":9.0},{"damage":24.0,"enemies":"Hallownest:StalkingDevout","floor":40.0,"turns":9.0},{"damage":0.0,"enemies":"Hallownest:Slobbering_and_Violent","floor":41.0,"turns":6.0},{"damage":9.0,"enemies":"Hallownest:eliteHiveKnight","floor":42.0,"turns":7.0},{"damage":13.0,"enemies":"Hallownest:Shield_Sturdy","floor":44.0,"turns":6.0},{"damage":0.0,"enemies":"Hallownest:2_Great","floor":46.0,"turns":7.0},{"damage":0,"enemies":"Hallownest:2_Soldiers_and_1_Guardian","floor":47,"turns":5},{"damage":20,"enemies":"Hallownest:monsterPrimalAspid","floor":48,"turns":5},{"damage":33,"enemies":"Hallownest:BossHollowKnight","floor":50,"turns":8}],"seed_played":"-9184192912860839564","potions_obtained":[{"floor":4.0,"key":"Elixir"},{"floor":12.0,"key":"Block Potion"},{"floor":14.0,"key":"Reflective Coating"},{"floor":18.0,"key":"Dexterity Potion"},{"floor":21.0,"key":"Dexterity Potion"},{"floor":24.0,"key":"ColorlessPotion"},{"floor":27.0,"key":"Elixir"},{"floor":33.0,"key":"LifebloodPotion"},{"floor":35.0,"key":"Explosive Potion"},{"floor":41.0,"key":"LiquidMemories"},{"floor":42.0,"key":"DistilledChaos"}],"is_trial":false,"path_per_floor":["M","?","M","M","?","R","M","R","T","$","T","M","?","M","R","B",null,"M","?","M","M","M","R","M","R","T","M","?","E","T","M","R","B",null,"M","?","M","?","T","E","M","E","T","M","?","M","M","M","R","B",null],"character_chosen":"ILLYA","items_purchased":["Blue Doll","Membership Card","Apotheosis","PrismaMod:IllyaPartialInstallAssassin","PrismaMod:IllyaCarnivalAttack+1","PrismaMod:IllyaPoisonTippedWeapons","ReplayTheSpireMod:CursedCoin","Replay:Mystery Machine","Boot","PrismaMod:IllyaUncommonAOEAttack+1","PrismaMod:IllyaInstallAssassin","PrismaMod:IllyaBride"],"campfire_rested":2,"item_purchase_floors":[0,0,0,0,0,0,10,10,10,10,10,10],"current_hp_per_floor":[45,44,44,45,45,45,43,43,43,58,58,60,60,75,75,69,80,70,20,39,23,39,65,74,84,84,81,81,84,84,84,84,79,84,74,74,82,82,82,69,84,83,83,84,84,84,84,72,72,68],"gold":1056,"neow_bonus":"","is_daily":false,"chose_seed":false,"campfire_upgraded":7,"win_rate":0.0,"timestamp":1610052100,"path_taken":["M","?","M","M","?","R","M","R","T","?","?","M","?","?","R","BOSS","M","?","M","M","?","R","M","R","T","M","?","E","?","?","R","BOSS","M","?","M","?","?","E","?","E","T","?","?","M","M","M","R","BOSS"],"items_purchased_type":["Relic","Relic","Card","Card","Card","Card","Relic","Relic","Relic","Card","Card","Card"],"build_version":"2020-12-22","purchased_purges":1,"victory":true,"max_hp_per_floor":[80,80,80,80,80,80,80,80,80,80,80,80,80,80,80,80,80,80,80,80,80,80,82,82,84,84,84,84,84,84,84,84,84,84,84,84,84,84,84,84,84,84,84,84,84,84,84,84,84,84],"card_choices":[{"not_picked":["PrismaMod:IllyaDevil","PrismaMod:IllyaCheapChannelDefend"],"picked":"PrismaMod:IllyaHassanGift","floor":1.0},{"not_picked":["PrismaMod:IllyaBlindPoisonToss","PrismaMod:IllyaGrail"],"picked":"PrismaMod:IllyaCheapChannelAttack","floor":2.0},{"not_picked":["PrismaMod:IllyaCheapChannelDefend","PrismaMod:IllyaPoisoningPhantasm"],"picked":"PrismaMod:IllyaFeed","floor":3.0},{"not_picked":["PrismaMod:IllyaCarnivalAttack","PrismaMod:IllyaEvokeAll"],"picked":"PrismaMod:IllyaGrail","floor":4.0},{"not_picked":["PrismaMod:IllyaUberPoisonBlock","PrismaMod:IllyaAssassinRevenge"],"picked":"PrismaMod:IllyaStunPoison","floor":7.0},{"not_picked":["PrismaMod:IllyaRussianRoulette","PrismaMod:IllyaAssassinRevenge"],"picked":"PrismaMod:IllyaSaphire","floor":12.0},{"not_picked":["PrismaMod:IllyaTestament","PrismaMod:IllyaCommonEvoke"],"picked":"PrismaMod:IllyaRubysPotion","floor":14.0},{"not_picked":["PrismaMod:IllyaInstallAlterEgo","PrismaMod:IllyaInstallLancer"],"picked":"PrismaMod:IllyaInstallRuler","floor":16.0},{"not_picked":["Looming Evil","Pain"],"picked":"sneckomod:Bewildered","floor":17.0},{"not_picked":["AbeCurse","Regret"],"picked":"ReplayTheSpireMod:Splinters","floor":17.0},{"not_picked":["Slimebound:Icky","Sickly"],"picked":"betterMatch:CurseCard","floor":17.0},{"not_picked":["PrismaMod:IllyaCheapChannelPoison","PrismaMod:IllyaUberPoisonBlock+1"],"picked":"PrismaMod:IllyaPoisoningPhantasm","floor":18.0},{"not_picked":["PrismaMod:IllyaUpgradeOrbs","PrismaMod:IllyaRapidFire"],"picked":"PrismaMod:IllyaDevil","floor":20.0},{"not_picked":["PrismaMod:IllyaPoisonTippedWeapons+1","PrismaMod:IllyaTestament"],"picked":"PrismaMod:IllyaFeed","floor":21.0},{"not_picked":["PrismaMod:IllyaInstallCaster","PrismaMod:IllyaCheapChannelAttack","PrismaMod:IllyaAssassinRevenge"],"picked":"SKIP","floor":22.0},{"not_picked":["PrismaMod:IllyaCheapChannelAttack","PrismaMod:IllyaMinorZwei"],"picked":"PrismaMod:IllyaDevil","floor":24.0},{"not_picked":["PrismaMod:IllyaEvokeAll","PrismaMod:IllyaRapidFire"],"picked":"PrismaMod:IllyaSaphire","floor":27.0},{"not_picked":["PrismaMod:IllyaFeed","PrismaMod:IllyaGrail"],"picked":"PrismaMod:IllyaUberChannel","floor":29.0},{"not_picked":["PrismaMod:IllyaPoisonTippedWeapons+1","PrismaMod:IllyaPartialInstallAssassin+1"],"picked":"PrismaMod:IllyaFeed","floor":31.0},{"not_picked":["PrismaMod:IllyaInstallAssassin","PrismaMod:IllyaInstallRider"],"picked":"PrismaMod:IllyaUberAttackChannel","floor":33.0},{"not_picked":["PrismaMod:IllyaCheapChannelPoison","PrismaMod:IllyaGun+1"],"picked":"PrismaMod:IllyaCheapChannelDefend","floor":35.0},{"not_picked":["PrismaMod:IllyaFeed","PrismaMod:IllyaUpgradeOrbs"],"picked":"PrismaMod:IllyaUberChannel+1","floor":37.0},{"not_picked":["PrismaMod:IllyaInstallAvenger","PrismaMod:IllyaInstallAlterEgo"],"picked":"PrismaMod:IllyaUberPoisonChannel+1","floor":38.0},{"not_picked":["PrismaMod:IllyaCarnivalAttack+1","PrismaMod:IllyaCarnivalOrbs+1"],"picked":"PrismaMod:IllyaCarnivalPrismaAstolfo+1","floor":38.0},{"not_picked":["PrismaMod:IllyaInstallAssassin","PrismaMod:IllyaUpgradeOrbs+1"],"picked":"PrismaMod:IllyaBerserCAR","floor":40.0},{"not_picked":["PrismaMod:IllyaReinForce+1","PrismaMod:IllyaBerserCAR"],"picked":"PrismaMod:IllyaMinorZwei+1","floor":41.0},{"not_picked":["PrismaMod:IllyaCarnivalOrbs","PrismaMod:IllyaCheapChannelPoison"],"picked":"PrismaMod:IllyaAlice","floor":42.0},{"not_picked":["PrismaMod:IllyaFriendMaker+1","PrismaMod:IllyaCheapChannelAttack+1","PrismaMod:IllyaGun"],"picked":"SKIP","floor":44.0},{"not_picked":["PrismaMod:IllyaEvokeAll","PrismaMod:IllyaCheapChannelPoison"],"picked":"PrismaMod:IllyaPoisoningPhantasm+1","floor":46.0},{"not_picked":["PrismaMod:IllyaMaid+1","PrismaMod:IllyaMinorRapidFire","PrismaMod:IllyaCheapChannelDefend"],"picked":"SKIP","floor":47},{"not_picked":["PrismaMod:IllyaCommonEvoke","PrismaMod:IllyaCheapChannelDefend"],"picked":"PrismaMod:IllyaInstallCaster","floor":48}],"player_experience":707136,"relics_obtained":[{"floor":2.0,"key":"Vajra"},{"floor":9.0,"key":"MealTicket"},{"floor":11.0,"key":"Potion Belt"},{"floor":26.0,"key":"Kunai"},{"floor":29.0,"key":"Regal Pillow"},{"floor":30.0,"key":"Pondfish Scales"},{"floor":39.0,"key":"Sundial"},{"floor":40.0,"key":"Frozen Egg 2"},{"floor":40.0,"key":"Whetstone"},{"floor":42.0,"key":"ReplayFunnel"},{"floor":42.0,"key":"Orichalcum"},{"floor":43.0,"key":"HornCleat"}],"event_choices":[{"damage_healed":0.0,"max_hp_gain":0.0,"max_hp_loss":0.0,"gold_gain":0.0,"event_name":"betterSkull:BetterSkull","player_choice":"RE UP RE ","floor":19.0,"gold_loss":0.0,"damage_taken":56.0,"cards_upgraded":["PrismaMod:IllyaFeed"],"relics_obtained":["CeramicFish","Pen Nib"]},{"damage_healed":0.0,"max_hp_gain":0.0,"max_hp_loss":0.0,"gold_gain":0.0,"event_name":"betterMatch:BetterMatch","player_choice":"3","floor":38.0,"gold_loss":0.0,"damage_taken":0.0,"cards_obtained":["betterMatch:RareCard"]}],"is_beta":false,"boss_relics":[{"not_picked":["Tiny House","Philosopher\u0027s Stone"],"picked":"Replay:Ancient Bell"},{"not_picked":["Anchor","Lantern"],"picked":"Tiny Chest"},{"not_picked":["infinitespire:ShieldingShard","infinitespire:CheckeredPen"],"picked":"Divine Protection"},{"not_picked":["Lizard Tail","StoneCalendar"],"picked":"Replay:Arrowhead"},{"not_picked":["Replay:Bronze Core","Fusion Hammer"],"picked":"Replay:Grab Bag"},{"not_picked":["beaked:MawFillet","Coffee Dripper"],"picked":"Replay:Wanted Poster"},{"not_picked":["Painkiller Herb","Abe\u0027s Treasure"],"picked":"ChewingGum"},{"not_picked":["Replay:Drink Me","Kintsugi"],"picked":"Black Star"}],"items_purged_floors":[10],"is_endless":false,"potions_floor_spawned":[4,12,14,18,21,24,27,33,35,41,42,44,47],"ascension_level":0}}