{"host":"qzpuxnheibnu7155","time":1610018264,"event":{"mods":["Act Like it!","BaseMod","Displayed Cursed Tome","Minty Spire (QoL Compilation)","MostiFishMod","Pale of the Ancients","Remilia（蕾米莉亚）","RumiaBox-露米娅的神秘盒子","StSLib","TestMod","Waifu the Spire","【功能Mod】Neow奖励","【遗物卡牌】REMEMod","没有小屋子和绿帽子啦"],"gold_per_floor":[119,329,331,341,358,383,383,383,429,456,456,473,503,516,516,648,648,711,435,445,120,140,175,175,205,205,248,312,361,361,293,293,422,422,434,448,472,497,513,473,202,202,218,218,15,15,45],"floor_reached":48,"playtime":2048,"items_purged":["Parasite","Strike_RM","Defend_RM","Defend_RM"],"score":3453,"play_id":"56c8cb22-8075-4a11-a1cf-a8b25751a61e","local_time":"20210107191744","is_ascension_mode":true,"campfire_choices":[{"data":"MastersStateliness","floor":8,"key":"SMITH"},{"data":"BloodySeventeenLaser","floor":15,"key":"SMITH"},{"data":"BatForm","floor":24,"key":"SMITH"},{"floor":32,"key":"RECALL"},{"data":"TransientEternity","floor":42,"key":"SMITH"},{"data":"MastersStateliness","floor":44,"key":"SMITH"}],"circlet_count":0,"master_deck":["AscendersBane","Strike_RM","Strike_RM+1","Strike_RM","Defend_RM+1","RedMoon","ScarletShoot","testmod-Wormhole","ScarletImprint","MastersStateliness+1","BombardNight+1","MastersStateliness+1","MastersStateliness+1","TransientEternity+1","ScarletMeister+1","FavorOfDestiny+1","BloodySeventeenLaser+1","MastersStateliness","TransientEternity+1","MostiFishMod:FrostNova","MostiFishMod:WinterMarkForm","BlasphemousPunishment","ForecastOfChange+1","ScarletDevil","ScarletDevil","MastersStateliness","MostiFishMod:OneDayCity+1","BlasphemousPunishment+1","BatForm+1","QueenOfMidnight","LeisurelyOfLord","MastersStateliness+1","TransientEternity+1","RedNightlessCastle","BloodyHallows","ScarletSymphony","BatForm","MostiFishMod:SephirahHod","MastersStateliness+1","MastersStateliness","RedMagic","MastersStateliness+1","ScarletDevil","Finesse"],"relics":["ScarletHat","DaveBox","testmod-TestBox","REME_ComplimentaryCards","testmod-AscensionHeart","Civilization","ThornShield","SynthV:TestCard","MagicDraw2","testmod-Hope","ScarletDevilRocket","testmod-Antiphasic","Baka2","FrostBlade","Membership Card","testmod-Alchemist","SynthV:C4","Pen Nib","REME_ArchaeologicalTools","Akabeko","MostiFishMod:Hod","paleoftheancients:Timepiece","paleoftheancients:KeyRelic","Coffee Dripper","Dodecahedron","Ccalipers","Toy Ornithopter","paleoftheancients:SoulOfTheHexaghost","Centennial Puzzle"],"acts_visited":["Exordium","TheCity","TheBeyond","paleoftheancients:PaleOfTheAncients"],"potions_floor_usage":[13,21,33,47],"damage_taken":[{"damage":1,"enemies":"Cultist","floor":1,"turns":3},{"damage":0,"enemies":"Small Slimes","floor":2,"turns":2},{"damage":5,"enemies":"Jaw Worm","floor":3,"turns":2},{"damage":0,"enemies":"3 Louse","floor":4,"turns":3},{"damage":0,"enemies":"Large Slime","floor":5,"turns":2},{"damage":0,"enemies":"3 Sentries","floor":6,"turns":4},{"damage":0,"enemies":"Exordium Wildlife","floor":12,"turns":1},{"damage":0,"enemies":"Lagavulin","floor":13,"turns":4},{"damage":0,"enemies":"Exordium Thugs","floor":14,"turns":2},{"damage":0,"enemies":"Hexaghost","floor":16,"turns":1},{"damage":0,"enemies":"3 Byrds","floor":18,"turns":2},{"damage":0,"enemies":"Shell Parasite","floor":20,"turns":1},{"damage":0,"enemies":"Centurion and Healer","floor":22,"turns":2},{"damage":0,"enemies":"Slavers","floor":23,"turns":1},{"damage":0,"enemies":"REME_1_Revenger","floor":25,"turns":3},{"damage":0,"enemies":"Chosen and Byrds","floor":27,"turns":1},{"damage":0,"enemies":"Book of Stabbing","floor":28,"turns":3},{"damage":0,"enemies":"Snake Plant","floor":29,"turns":1},{"damage":5,"enemies":"Snecko","floor":31,"turns":1},{"damage":10,"enemies":"Collector","floor":33,"turns":1},{"damage":0,"enemies":"Orb Walker","floor":35,"turns":1},{"damage":0,"enemies":"Time Eater","floor":36,"turns":1},{"damage":0,"enemies":"Donu and Deca","floor":37,"turns":2},{"damage":0,"enemies":"Donu and Deca","floor":38,"turns":1},{"damage":0,"enemies":"Donu and Deca","floor":39,"turns":1},{"damage":0,"enemies":"Donu and Deca","floor":43,"turns":2},{"damage":10,"enemies":"paleoftheancients:N","floor":47,"turns":4}],"seed_played":"-4486049040841019345","potions_obtained":[{"floor":4,"key":"GamblersBrew"},{"floor":5,"key":"Energy Potion"},{"floor":6,"key":"LiquidMemories"},{"floor":18,"key":"Fruit Juice"},{"floor":22,"key":"DestinyDice"},{"floor":31,"key":"AttackPotion"},{"floor":33,"key":"Energy Potion"},{"floor":40,"key":"testmod-TimePotion"}],"is_trial":false,"path_per_floor":["M","M","M","M","M","E","?","R","T","T","?","M","E","M","R","B",null,"M","$","M","$","M","E","R","E","T","M","E","M","?","M","R","B",null,"M","B","B","M","M","?","$","R","M","R","$","?","B",null],"character_chosen":"REMILIA","items_purchased":["Membership Card","ForecastOfChange","ScarletDevil","testmod-Alchemist","MastersStateliness","MostiFishMod:OneDayCity","testmod-SpacePotion","Dodecahedron","Ccalipers","Toy Ornithopter","Centennial Puzzle","MastersStateliness","ScarletDevil","Finesse"],"campfire_rested":0,"item_purchase_floors":[19,19,19,21,21,21,21,41,41,41,45,45,45,45],"current_hp_per_floor":[63,67,67,75,84,98,84,84,84,84,81,95,117,134,134,164,164,184,181,202,202,225,257,257,285,285,314,345,376,376,408,408,444,449,484,525,567,605,651,651,651,651,710,710,710,710,776],"gold":45,"neow_bonus":"ONE_RARE_RELIC","is_daily":false,"chose_seed":false,"campfire_upgraded":5,"win_rate":0.0,"timestamp":1610018264,"path_taken":["M","M","?","M","M","E","?","R","T","?","?","M","E","M","R","BOSS","M","$","M","$","M","E","R","E","T","M","E","M","?","M","R","BOSS","M","BOSS","BOSS","M","M","?","$","R","M","R","$","?","BOSS"],"items_purchased_type":["Relic","Card","Card","Relic","Card","Card","Potion","Relic","Relic","Relic","Relic","Card","Card","Card"],"build_version":"2020-12-22","purchased_purges":4,"victory":true,"max_hp_per_floor":[64,67,71,78,86,98,98,98,98,98,98,111,126,142,142,164,164,184,181,202,202,225,257,257,285,285,314,345,376,376,408,408,451,451,485,525,567,605,651,651,651,651,710,710,710,710,780],"card_choices":[{"not_picked":["FitfulNightmare","ScarletDevil"],"picked":"ScarletImprint","floor":1},{"not_picked":["MiserableFate","BlasphemousPunishment","StarOfDavid","ChainGang"],"picked":"MastersStateliness","floor":2},{"not_picked":["BadLadyScramble","BloodAndWine","ChainGang","AfternoonTea"],"picked":"BombardNight","floor":2},{"not_picked":["AfternoonTea","BadLadyScramble","BloodHunter","FitfulNightmare"],"picked":"MastersStateliness","floor":3},{"not_picked":["EternalNight","ScarletDevil","DevilSight","Stigmanizer"],"picked":"MastersStateliness","floor":4},{"not_picked":["MillenniumVampire","RedNightlessCastle","NightDance","TwelveNightmare"],"picked":"TransientEternity","floor":5},{"not_picked":["BloodRain","HeartBreak","ScarletCoffin","HeartBreak"],"picked":"ScarletMeister","floor":6},{"not_picked":["VampireKiss","CharismaGuard","UltimateOffering","VampireSweep"],"picked":"FavorOfDestiny","floor":12},{"not_picked":["BloodRain","EquivalentExchange","BloodyHallows","HeartBreak"],"picked":"BloodySeventeenLaser","floor":13},{"not_picked":["RedRainbow","ForbiddenFruit","ReincarnationDial","NightLord"],"picked":"MastersStateliness","floor":14},{"not_picked":["TricksterDevil","ChaoticDestiny","KillingBlow","HellCatastrophe"],"picked":"TransientEternity","floor":16},{"not_picked":["StarOfDavid","Stigmanizer","UnstableMagic","ScarletGensokyo"],"picked":"BlasphemousPunishment","floor":18},{"not_picked":["ChainGang","BombardNight","FavorOfDestiny+1","Maim"],"picked":"ScarletDevil","floor":20},{"not_picked":["ScarletDevil","CharismaGuard","RedRainbow","UnderTheZenith"],"picked":"BlasphemousPunishment+1","floor":22},{"not_picked":["CeilingFear","BloodRain","HellCatastrophe","CurseOfVladTepes"],"picked":"BatForm","floor":23},{"not_picked":["BatForm","EquivalentExchange","BatForm","BloodySeventeenLaser"],"picked":"QueenOfMidnight","floor":25},{"not_picked":["ScarletNetherworld","BlasphemousPunishment","BloodHunter","BombardNight","LeisurelyOfLord"],"picked":"SKIP","floor":27},{"not_picked":["ScarletNetherworld","BlasphemousPunishment","BloodHunter","BombardNight"],"picked":"LeisurelyOfLord","floor":27},{"not_picked":["BloodySeventeenLaser","EquivalentExchange","HellCatastrophe","TricksterDevil"],"picked":"TransientEternity","floor":28},{"not_picked":["VampireKiss","UnstableMagic","UnderTheZenith+1","CharismaGuard","BloodAndWine"],"picked":"SKIP","floor":29},{"not_picked":["Ultimatum","FavorOfDestiny","VampireFantasy","RedNightlessCastle"],"picked":"ScarletSymphony","floor":31},{"not_picked":["QueenOfMidnight","EquivalentExchange","ForecastOfChange","DemonKingCradle"],"picked":"BatForm","floor":33},{"not_picked":["BloodHunter+1","DevilSight","CharismaGuard","BombardNight+1","UnstableMagic"],"picked":"SKIP","floor":35},{"not_picked":["UnstableMagic+1","StarOfDavid","ScarletDevilSign","TricksterDevil"],"picked":"MastersStateliness","floor":38},{"not_picked":["StarOfDavid","BlasphemousPunishment+1","TwelveNightmare","RedRainbow+1"],"picked":"MastersStateliness","floor":39},{"not_picked":["HunterOfTheNight+1","VampirishNight","FavorOfDestiny","SuperhumanBloodyKnife"],"picked":"RedMagic","floor":43}],"player_experience":566806,"relics_obtained":[{"floor":1,"key":"Baka"},{"floor":1,"key":"SynthV:TestCard"},{"floor":4,"key":"MagicDraw2"},{"floor":6,"key":"testmod-Hope"},{"floor":10,"key":"ScarletDevilRocket"},{"floor":13,"key":"testmod-Antiphasic"},{"floor":16,"key":"Baka2"},{"floor":23,"key":"SynthV:C4"},{"floor":25,"key":"Pen Nib"},{"floor":26,"key":"REME_ArchaeologicalTools"},{"floor":28,"key":"Akabeko"},{"floor":43,"key":"paleoftheancients:SoulOfTheHexaghost"}],"event_choices":[{"damage_healed":0,"gold_gain":0,"player_choice":"Entered Light","damage_taken":29,"max_hp_gain":0,"max_hp_loss":0,"event_name":"Shining Light","floor":7,"gold_loss":0,"cards_upgraded":["Strike_RM","Defend_RM"]},{"cards_removed":["Defend_RM"],"damage_healed":0,"gold_gain":0,"player_choice":"Card Removal","damage_taken":7,"max_hp_gain":0,"max_hp_loss":0,"event_name":"Golden Wing","floor":11,"gold_loss":0},{"damage_healed":0,"gold_gain":0,"player_choice":"Read","damage_taken":0,"max_hp_gain":0,"max_hp_loss":0,"event_name":"The Library","floor":30,"gold_loss":0,"cards_obtained":["BloodyHallows"]},{"damage_healed":0,"gold_gain":0,"player_choice":"Bought 3 Potions","damage_taken":0,"max_hp_gain":0,"max_hp_loss":0,"event_name":"The Woman in Blue","floor":40,"gold_loss":0}],"is_beta":false,"boss_relics":[{"not_picked":["xbg","testmod-PortableAltar"],"picked":"FrostBlade"},{"not_picked":["Runic Pyramid","Calling Bell"],"picked":"MostiFishMod:Hod"}],"items_purged_floors":[19,21,41,45],"is_endless":false,"potions_floor_spawned":[4,5,6,18,22,31,33,38,39],"ascension_level":20}}