{"host":"61ejhfsushs0xmcl","time":1610021804,"event":{"mods":["ATMod(°¢èªMod)","Act Like it!","BaseMod","Colored Map","Gold Saver","Minty Spire (QoL Compilation)","MostiFishMod","Prisma Mod","Spicy Shops","StSLib","TestMod","Waifu the Spire","[IsaacMod]ÒÔÈö¼âËþ","¡¾ÒÅÎï¿¨ÅÆ¡¿REMEMod","óô»ðÖ¸ÄÏ"],"gold_per_floor":[1372,1384,1399,1399,1416,1416,1445,1445,1445,1461,1486,947,974,992,739,842,842,859,859,876,904,480,504,29,80,80,99,99,162,162,174,174,276,276,320,720,368,383,393,422,495,495,495,549,324,342,400,400,400,400,400,400,150,182,182],"floor_reached":56,"playtime":2389,"items_purged":["AT_SoftenMuscles","PrismaMod:IllyaCommonAttack","PrismaMod:IllyaCommonAttack","PrismaMod:IllyaCommonDefend","PrismaMod:IllyaCommonDefend","PrismaMod:IllyaCommonAttack+1","PrismaMod:IllyaInstallRuler","PrismaMod:IllyaCommonDefend","PrismaMod:IllyaCommonAttack+1","PrismaMod:IllyaCommonDefend+1"],"score":1715,"play_id":"5803b27d-96b1-4ad9-96ec-7eb4faab0ca4","local_time":"20210107201644","is_ascension_mode":false,"campfire_choices":[{"data":"testmod-Reflect","floor":6.0,"key":"SMITH"},{"data":"PrismaMod:IllyaGrail","floor":8.0,"key":"SMITH"},{"data":"PrismaMod:IllyaCarnivalPrismaAstolfo","floor":28.0,"key":"SMITH"},{"floor":32,"key":"RECALL"},{"data":"PrismaMod:IllyaGrail","floor":42,"key":"SMITH"},{"data":"PrismaMod:IllyaCheapAttack","floor":49,"key":"SMITH"},{"data":"PrismaMod:IllyaCarnivalAttack","floor":52,"key":"SMITH"}],"circlet_count":0,"master_deck":["PrismaMod:IllyaUncommonAttack+1","PrismaMod:IllyaUncommonDefend+1","PrismaMod:IllyaCheapAttack+1","testmod-Reflect+1","PrismaMod:IllyaGrail+1","PrismaMod:IllyaCarnivalAttack","PrismaMod:IllyaCommandSeal+1","PrismaMod:IllyaCarnivalAttack+1","PrismaMod:IllyaGrail+1","PrismaMod:IllyaCarnivalPrismaAstolfo+1","PrismaMod:IllyaGrail+1","PrismaMod:IllyaBride+1","PrismaMod:IllyaCommandSeal+1","PrismaMod:IllyaInstallBerserker","PrismaMod:IllyaCommandSeal+1"],"relics":["PrismaMod:PrismaRuby","testmod-TestBox","AT_ATBox","REME_ComplimentaryCards","HushsDoor","testmod-LifeArmor","Technique","GuppysHead","SynthV:TestCard","Whetstone","Art of War","Dodecahedron","Mummified Hand","AT_SunfireAegis","Centennial Puzzle","PatriotShield","Damocles","PokeGo","Toxic Egg 2","Red Mask","Matryoshka","Bag of Preparation","SalivaCoin","AT_SpeedBoots","Medical Kit","Orrery","AT_RedTearstoneRing","testmod-Antiphasic","AT_BellDemon","Bottled Lightning","AT_ChloranthyRing","BionicSphere","Omamori","Vajra","Anchor","Molten Egg 2","REME_HourglassOfDeath","SynthV:C4","xbg","GuppysPaw","GuppysCollar","SatanicBible","testmod-TurbochargingSystem","Pear","testmod-IndustrialRevolution","Meat on the Bone","Sundial","Blue Candle","Happy Flower","Akabeko","War Paint","Bottled Flame","Darkstone Periapt","Nunchaku","testmod-Justice","AT_Manta","AT_BellowingDragoncrestRing","Singing Bowl","Pantograph","BookOfRevelations","Letter Opener","DeathBook","TheBible"],"acts_visited":["Exordium","TheCity","TheBeyond","TheEnding"],"potions_floor_usage":[],"damage_taken":[{"damage":7.0,"enemies":"2 Louse","floor":1.0,"turns":3.0},{"damage":0.0,"enemies":"Small Slimes","floor":2.0,"turns":4.0},{"damage":0.0,"enemies":"Cultist","floor":3.0,"turns":3.0},{"damage":7.0,"enemies":"3 Louse","floor":5.0,"turns":3.0},{"damage":5.0,"enemies":"3 Sentries","floor":7.0,"turns":8.0},{"damage":5.0,"enemies":"Exordium Wildlife","floor":10.0,"turns":2.0},{"damage":0.0,"enemies":"Gremlin Nob","floor":11.0,"turns":3.0},{"damage":7.0,"enemies":"Lagavulin","floor":13.0,"turns":4.0},{"damage":0.0,"enemies":"Looter","floor":14.0,"turns":2.0},{"damage":0.0,"enemies":"Hexaghost","floor":16.0,"turns":5.0},{"damage":0.0,"enemies":"Spheric Guardian","floor":18.0,"turns":2.0},{"damage":0.0,"enemies":"Chosen","floor":20.0,"turns":2.0},{"damage":0.0,"enemies":"Masked Bandits","floor":21.0,"turns":1.0},{"damage":0.0,"enemies":"Book of Stabbing","floor":25.0,"turns":1.0},{"damage":0.0,"enemies":"Shelled Parasite and Fungi","floor":27.0,"turns":1.0},{"damage":0.0,"enemies":"Gremlin Leader","floor":29.0,"turns":1.0},{"damage":0,"enemies":"Cultist and Chosen","floor":31,"turns":1},{"damage":0,"enemies":"Collector","floor":33,"turns":2},{"damage":0,"enemies":"Orb Walker","floor":35,"turns":1},{"damage":0,"enemies":"3 Shapes","floor":38,"turns":1},{"damage":0,"enemies":"Writhing Mass","floor":39,"turns":1},{"damage":0,"enemies":"Nemesis","floor":40,"turns":1},{"damage":0,"enemies":"4 Shapes","floor":41,"turns":1},{"damage":0,"enemies":"Jaw Worm Horde","floor":46,"turns":1},{"damage":0,"enemies":"Giant Head","floor":47,"turns":1},{"damage":0,"enemies":"Donu and Deca","floor":50,"turns":1},{"damage":0,"enemies":"Shield and Spear","floor":54,"turns":1},{"damage":0,"enemies":"LittleHush","floor":55,"turns":5}],"seed_played":"8929824016591142315","potions_obtained":[{"floor":2.0,"key":"BlessingOfTheForge"},{"floor":3.0,"key":"SmokeBomb"},{"floor":5.0,"key":"Weak Potion"},{"floor":18.0,"key":"SteroidPotion"},{"floor":20.0,"key":"FearPotion"},{"floor":39,"key":"LiquidMemories"},{"floor":48,"key":"Strength Potion"}],"is_trial":false,"path_per_floor":["M","M","M","?","M","R","E","R","T","M","E","$","E","M","R","B",null,"M","?","M","?","$","T","$","E","T","M","R","E","$","M","R","B",null,"M","?","$","M","M","E","M","R","T","?","R","M","E","?","R","B",null,"R","$","E","B",null],"character_chosen":"ILLYA","items_purchased":["Dodecahedron","Mummified Hand","PrismaMod:IllyaCarnivalAttack","Centennial Puzzle","Damocles","Bag of Preparation","Medical Kit","Orrery","GuppysPaw","GuppysCollar","SatanicBible","testmod-IndustrialRevolution"],"campfire_rested":0,"item_purchase_floors":[12,12,12,15,17,22,24,24,34,34,34,37],"current_hp_per_floor":[61,61,61,61,54,54,49,49,49,44,47,47,40,40,40,46,53,53,53,53,53,53,53,53,53,53,55,55,58,58,58,58,58,18,28,28,28,31,31,31,31,31,31,21,21,27,44,44,44,44,44,44,44,49,49],"gold":182,"neow_bonus":"TRANSFORM_TWO_CARDS","is_daily":false,"chose_seed":false,"campfire_upgraded":6,"win_rate":0.0,"timestamp":1610021804,"path_taken":["M","M","M","?","M","R","E","R","T","M","E","$","E","M","R","BOSS","M","?","M","?","$","?","$","E","T","M","R","E","?","?","R","BOSS","M","?","$","M","M","E","M","R","T","?","R","M","E","?","R","BOSS","R","$","E","BOSS"],"items_purchased_type":["Relic","Relic","Card","Relic","Relic","Relic","Relic","Relic","Relic","Relic","Relic","Relic"],"build_version":"2020-12-22","purchased_purges":10,"victory":true,"max_hp_per_floor":[68,68,68,68,68,68,68,68,68,68,68,68,68,68,68,68,53,53,53,53,53,53,53,53,53,53,55,55,58,58,58,58,58,18,28,28,28,31,31,31,31,31,31,36,36,42,44,44,44,44,44,44,44,49,49],"card_choices":[{"not_picked":["PrismaMod:IllyaRussianRoulette","PrismaMod:IllyaMaid","PrismaMod:IllyaRubysPotion"],"picked":"SKIP","floor":1.0},{"not_picked":["PrismaMod:IllyaHassanGift","PrismaMod:IllyaCheapChannelPoison","PrismaMod:IllyaPoisonBomb","PrismaMod:IllyaUncommonEvoke","PrismaMod:IllyaBlindPoisonToss"],"picked":"SKIP","floor":2.0},{"not_picked":["PrismaMod:IllyaRussianRoulette","PrismaMod:IllyaUberChannel","PrismaMod:IllyaUpgradeOrbs","PrismaMod:IllyaBerserCAR"],"picked":"PrismaMod:IllyaGrail","floor":3.0},{"not_picked":["PrismaMod:IllyaMinorRapidFire","PrismaMod:IllyaMinorReinForce","PrismaMod:IllyaCommonEvoke","PrismaMod:IllyaBride","PrismaMod:IllyaPoisonBlock"],"picked":"SKIP","floor":5.0},{"not_picked":["PrismaMod:IllyaUncommonDefend","PrismaMod:IllyaCheapChannelAttack","PrismaMod:IllyaUberPoisonBlock","PrismaMod:IllyaBride"],"picked":"PrismaMod:IllyaCarnivalAttack","floor":7.0},{"not_picked":["PrismaMod:IllyaTestament","PrismaMod:IllyaRubysPotion","PrismaMod:IllyaPoisonTippedWeapons","PrismaMod:IllyaUncommonEvoke"],"picked":"PrismaMod:IllyaCommandSeal","floor":10.0},{"not_picked":["PrismaMod:IllyaCommandSeal","PrismaMod:IllyaInstallAvenger","PrismaMod:IllyaMinorRapidFire","PrismaMod:IllyaMaid","PrismaMod:IllyaFriendMaker"],"picked":"SKIP","floor":11.0},{"not_picked":["PrismaMod:IllyaBerserCAR","PrismaMod:IllyaZwei","PrismaMod:IllyaUpgradeOrbs","PrismaMod:IllyaDevil"],"picked":"PrismaMod:IllyaGrail","floor":13.0},{"not_picked":["PrismaMod:IllyaFriendMaker","PrismaMod:IllyaAlice","PrismaMod:IllyaPoisoningPhantasm","PrismaMod:IllyaCheapChannelAttack","PrismaMod:IllyaMinorReinForce"],"picked":"SKIP","floor":14.0},{"not_picked":["PrismaMod:IllyaCarnivalOrbs","PrismaMod:IllyaUberDefendChannel","PrismaMod:IllyaCarnivalDefend","PrismaMod:IllyaInstallAvenger"],"picked":"PrismaMod:IllyaCarnivalPrismaAstolfo","floor":16.0},{"not_picked":["PrismaMod:IllyaStunPoison+1","PrismaMod:IllyaCommonEvoke","PrismaMod:IllyaUpgradeOrbs","PrismaMod:IllyaBoysLove","PrismaMod:IllyaBerserCAR"],"picked":"SKIP","floor":18.0},{"not_picked":["PrismaMod:IllyaFeed","PrismaMod:IllyaUberPoisonBlock+1","PrismaMod:IllyaAssassinRevenge+1","PrismaMod:IllyaBlindPoisonToss+1","PrismaMod:IllyaTestament"],"picked":"SKIP","floor":20.0},{"not_picked":["PrismaMod:IllyaSaphire+1","PrismaMod:IllyaRapidFire+1","PrismaMod:IllyaStunPoison","PrismaMod:IllyaCheapDefend+1"],"picked":"PrismaMod:IllyaGrail+1","floor":24.0},{"not_picked":["PrismaMod:IllyaRapidFire","PrismaMod:IllyaBoysLove+1","PrismaMod:IllyaCommonEvoke+1","PrismaMod:IllyaUberChannel+1"],"picked":"PrismaMod:IllyaBride+1","floor":25.0},{"not_picked":["PrismaMod:IllyaCheapChannelDefend+1","PrismaMod:IllyaSaphire+1","PrismaMod:IllyaMaid+1","PrismaMod:IllyaGun+1","PrismaMod:IllyaUpgradeOrbs+1"],"picked":"SKIP","floor":27.0},{"not_picked":["PrismaMod:IllyaUncommonDefend+1","PrismaMod:IllyaGun","PrismaMod:IllyaUberPoisonBlock+1","PrismaMod:IllyaUberChannel+1"],"picked":"PrismaMod:IllyaCommandSeal+1","floor":29.0},{"not_picked":["PrismaMod:IllyaMinorReinForce+1","PrismaMod:IllyaGun+1","PrismaMod:IllyaFeed+1","PrismaMod:IllyaInstallAssassin","PrismaMod:IllyaCheapChannelDefend+1"],"picked":"SKIP","floor":31},{"not_picked":["PrismaMod:IllyaUberPoisonChannel+1","PrismaMod:IllyaZwei+1","PrismaMod:IllyaInstallLancer","PrismaMod:IllyaInstallSaber"],"picked":"PrismaMod:IllyaInstallBerserker","floor":33},{"not_picked":["PrismaMod:IllyaBlindPoisonToss+1","PrismaMod:IllyaMaid+1","PrismaMod:IllyaTestament+1","PrismaMod:IllyaMinorReinForce+1"],"picked":"PrismaMod:IllyaCommandSeal+1","floor":35},{"not_picked":["PrismaMod:IllyaBerserCAR+1","PrismaMod:IllyaDevil+1","PrismaMod:IllyaDetonatingBlow+1","PrismaMod:IllyaUberChannel+1","PrismaMod:IllyaCheapChannelAttack+1"],"picked":"SKIP","floor":38},{"not_picked":["PrismaMod:IllyaUpgradeOrbs+1","PrismaMod:IllyaTestament+1","PrismaMod:IllyaFeed+1","PrismaMod:IllyaStunPoison+1","PrismaMod:IllyaRubysPotion+1"],"picked":"SKIP","floor":39},{"not_picked":["PrismaMod:IllyaPoisonBomb+1","PrismaMod:IllyaAlice+1","PrismaMod:IllyaUberPoisonChannel+1","PrismaMod:IllyaBerserCAR+1","PrismaMod:IllyaStunPoison+1"],"picked":"SKIP","floor":40},{"not_picked":["PrismaMod:IllyaUpgradeOrbs+1","PrismaMod:IllyaPoisonBomb+1","PrismaMod:IllyaCheapChannelPoison+1","PrismaMod:IllyaBerserCAR+1","PrismaMod:IllyaDevil+1"],"picked":"SKIP","floor":41},{"not_picked":["PrismaMod:IllyaCheapChannelPoison+1","PrismaMod:IllyaUberPoisonBlock+1","PrismaMod:IllyaBlindPoisonToss+1","PrismaMod:IllyaGrailKun+1","PrismaMod:IllyaMaid+1"],"picked":"SKIP","floor":46},{"not_picked":["PrismaMod:IllyaAlice+1","PrismaMod:IllyaMaid+1","PrismaMod:IllyaCarnivalOrbs+1","PrismaMod:IllyaGun+1","PrismaMod:IllyaCommonEvoke+1"],"picked":"Singing Bowl","floor":47},{"not_picked":["PrismaMod:IllyaDevil+1","PrismaMod:IllyaMaid+1","PrismaMod:IllyaHassanGift+1","PrismaMod:IllyaFeed+1","PrismaMod:IllyaUncommonEvoke+1"],"picked":"Singing Bowl","floor":54}],"player_experience":803322,"relics_obtained":[{"floor":1.0,"key":"SynthV:TestCard"},{"floor":7.0,"key":"Whetstone"},{"floor":11.0,"key":"Art of War"},{"floor":13.0,"key":"AT_SunfireAegis"},{"floor":18.0,"key":"PokeGo"},{"floor":20.0,"key":"Toxic Egg 2"},{"floor":21.0,"key":"Red Mask"},{"floor":21.0,"key":"Matryoshka"},{"floor":23.0,"key":"SalivaCoin"},{"floor":23.0,"key":"AT_SpeedBoots"},{"floor":25.0,"key":"AT_RedTearstoneRing"},{"floor":25.0,"key":"testmod-Antiphasic"},{"floor":26.0,"key":"AT_BellDemon"},{"floor":26.0,"key":"Bottled Lightning"},{"floor":27.0,"key":"AT_ChloranthyRing"},{"floor":27.0,"key":"BionicSphere"},{"floor":29.0,"key":"Omamori"},{"floor":29.0,"key":"Vajra"},{"floor":29.0,"key":"Anchor"},{"floor":31,"key":"Molten Egg 2"},{"floor":31,"key":"REME_HourglassOfDeath"},{"floor":33,"key":"SynthV:C4"},{"floor":35,"key":"testmod-TurbochargingSystem"},{"floor":35,"key":"Pear"},{"floor":38,"key":"Meat on the Bone"},{"floor":38,"key":"Sundial"},{"floor":39,"key":"Blue Candle"},{"floor":39,"key":"Happy Flower"},{"floor":40,"key":"Akabeko"},{"floor":40,"key":"War Paint"},{"floor":40,"key":"Bottled Flame"},{"floor":41,"key":"Darkstone Periapt"},{"floor":41,"key":"Nunchaku"},{"floor":43,"key":"testmod-Justice"},{"floor":46,"key":"AT_Manta"},{"floor":46,"key":"AT_BellowingDragoncrestRing"},{"floor":47,"key":"Singing Bowl"},{"floor":47,"key":"Pantograph"},{"floor":47,"key":"BookOfRevelations"},{"floor":54,"key":"Letter Opener"},{"floor":54,"key":"DeathBook"},{"floor":54,"key":"TheBible"}],"event_choices":[{"damage_healed":0.0,"max_hp_gain":0.0,"max_hp_loss":0.0,"gold_gain":0.0,"event_name":"Liars Game","player_choice":"Ignored","floor":4.0,"gold_loss":0.0,"damage_taken":0.0},{"damage_healed":0.0,"max_hp_gain":0.0,"max_hp_loss":0.0,"gold_gain":0.0,"event_name":"NoteForYourself","player_choice":"Ignored","floor":19.0,"gold_loss":0.0,"damage_taken":0.0},{"damage_healed":0.0,"max_hp_gain":0.0,"max_hp_loss":0.0,"gold_gain":0.0,"event_name":"Masked Bandits","player_choice":"Fought Bandits","floor":21.0,"gold_loss":0.0,"damage_taken":0.0},{"damage_healed":0,"gold_gain":400,"player_choice":"Sell","damage_taken":0,"max_hp_gain":0,"max_hp_loss":0,"event_name":"¶÷ÂåË¹µÄÅÌ×Ó","floor":36,"relics_lost":["DaveBox"],"gold_loss":0},{"damage_healed":0,"gold_gain":0,"player_choice":"Got Potions","damage_taken":0,"max_hp_gain":0,"max_hp_loss":0,"event_name":"Lab","floor":48,"gold_loss":0}],"is_beta":false,"boss_relics":[{"not_picked":["GuanYuAspect","Velvet Choker"],"picked":"PatriotShield"},{"not_picked":[]},{"not_picked":["ExusiaiGun","MagicMushroom"],"picked":"xbg"},{"not_picked":[]}],"items_purged_floors":[12,15,17,22,22,24,34,37,45,53],"is_endless":false,"potions_floor_spawned":[2,3,5,7,18,20,25,27,31,39,46],"ascension_level":0}}