{"host":"5dk97cf2ubw2v967","time":1610010356,"event":{"mods":["AlwaysNeverKeys","BaseMod","Better Altar","Better Vampires","Block Reminder","Colored Powertips","Downfall","Googly Eyes","Highlight Path","Minty Spire (QoL Compilation)","Permanent Neow","Potion Indicator Mod","Quick Restart","Relic Filter","Relic Stats","Say the Spire","Spicy Shops","StSLib","Waifu the Spire","everything is the same but u backflip on backflip"],"gold_per_floor":[99,112,126,186,336,336,359,284,300,333,333,333,347,43,56,56,56,56],"floor_reached":16,"playtime":813,"items_purged":["Doubt"],"score":200,"play_id":"8c6e6d8b-6f37-4a86-b227-f2048db1f8c3","local_time":"20210107090556","is_ascension_mode":true,"campfire_choices":[{"floor":1.0,"key":"RECALL"},{"floor":8.0,"key":"REST"},{"floor":12.0,"key":"REST"}],"circlet_count":0,"master_deck":["AscendersBane","Guardian:Strike_Guardian","Guardian:Strike_Guardian","Guardian:Strike_Guardian","Guardian:Defend_Guardian","Guardian:Defend_Guardian+1","Guardian:Defend_Guardian+1","Guardian:CurlUp","Guardian:TwinSlam","Guardian:AncientConstruct","Guardian:RevengeProtocol","Guardian:PolyBeam","Guardian:Gem_Red","Guardian:Gem_Orange","Guardian:ShieldSpikes","Guardian:Planning","Guardian:DecasProtection","Guardian:GuardianWhirl","Guardian:Gem_Green","Guardian:ArmoredProtocol"],"relics":["Guardian:ModeShifter","Pen Nib","Orichalcum","Peace Pipe","downfall:HeartBlessingRed","War Paint"],"acts_visited":["Exordium"],"potions_floor_usage":[],"damage_taken":[{"damage":6.0,"enemies":"2 Louse","floor":2.0,"turns":4.0},{"damage":6.0,"enemies":"Jaw Worm","floor":3.0,"turns":5.0},{"damage":36.0,"enemies":"3 Sentries","floor":4.0,"turns":11.0},{"damage":9.0,"enemies":"Small Slimes","floor":9.0,"turns":4.0},{"damage":26.0,"enemies":"3 Sentries","floor":10.0,"turns":9.0},{"damage":0.0,"enemies":"Exordium Wildlife","floor":13.0,"turns":3.0},{"damage":0.0,"enemies":"downfall:FleeingMerchant","floor":14.0,"turns":4.0},{"damage":0.0,"enemies":"2 Fungi Beasts","floor":15.0,"turns":2.0},{"damage":28,"enemies":"downfall:Ironclad","floor":16,"turns":5}],"seed_played":"-7825081098285487043","potions_obtained":[{"floor":2.0,"key":"Guardian:AcceleratePotion"},{"floor":9.0,"key":"SpeedPotion"}],"is_trial":false,"path_per_floor":["R","M","M","?","?","T","T","R","M","E","?","R","M","$","M","B"],"character_chosen":"GUARDIAN","items_purchased":["Guardian:DecasProtection","Guardian:GuardianWhirl","Guardian:Gem_Green"],"campfire_rested":2,"item_purchase_floors":[14,14,14],"current_hp_per_floor":[65,59,53,17,17,17,17,38,29,3,3,24,24,24,24,0,0,0],"gold":56,"neow_bonus":"TRANSFORM_TWO_CARDS","is_daily":false,"chose_seed":false,"campfire_upgraded":0,"win_rate":0.0,"timestamp":1610010356,"path_taken":["R","M","M","?","?","?","T","R","M","E","?","R","M","$","M","BOSS"],"items_purchased_type":["Card","Card","Card"],"build_version":"2020-12-22","purchased_purges":1,"victory":false,"max_hp_per_floor":[72,72,72,72,72,72,72,72,72,72,72,72,72,72,72,72,72,72],"relic_stats":{"Peace Pipe":0,"counters":[9,47],"Pen Nib":[4],"Orichalcum":[66],"War Paint":["Guardian:Defend_Guardian","Guardian:Defend_Guardian"],"obtain_stats":[{"Peace Pipe":7,"downfall:HeartBlessingRed":8,"Guardian:ModeShifter":0,"Pen Nib":4,"Orichalcum":6,"War Paint":10},{"Peace Pipe":3,"downfall:HeartBlessingRed":3,"Guardian:ModeShifter":0,"Pen Nib":2,"Orichalcum":3,"War Paint":5},{"Peace Pipe":20,"downfall:HeartBlessingRed":20,"Guardian:ModeShifter":0,"Pen Nib":9,"Orichalcum":20,"War Paint":33}]},"card_choices":[{"not_picked":["Guardian:Recover","Guardian:TemporalShield"],"picked":"Guardian:Gem_Yellow","floor":2.0},{"not_picked":["Guardian:Gem_Cyan","Guardian:Suspension"],"picked":"Guardian:Gem_Yellow","floor":3.0},{"not_picked":["Guardian:WalkerClaw","Guardian:Repulse"],"picked":"Guardian:PolyBeam","floor":4.0},{"not_picked":["Guardian:Recover","Guardian:FloatingOrbs"],"picked":"Guardian:Gem_Red","floor":9.0},{"not_picked":["Guardian:ShieldCharger","Guardian:MultiBeam"],"picked":"Guardian:Gem_Orange","floor":10.0},{"not_picked":["Guardian:Orbwalk","Guardian:Incinerate"],"picked":"Guardian:ShieldSpikes","floor":13.0},{"not_picked":["Guardian:RollAttack","Guardian:TemporalStrike"],"picked":"Guardian:Planning","floor":14.0},{"not_picked":["Guardian:Gem_Crimson","Guardian:Gem_Cyan"],"picked":"Guardian:ArmoredProtocol","floor":15.0}],"player_experience":1322942,"relics_obtained":[{"floor":6.0,"key":"Orichalcum"},{"floor":7.0,"key":"Peace Pipe"},{"floor":10.0,"key":"War Paint"}],"event_choices":[{"cards_removed":["Decay"],"damage_healed":0.0,"max_hp_gain":0.0,"max_hp_loss":0.0,"gold_gain":0.0,"event_name":"The Cleric","player_choice":"Card Removal","floor":11.0,"gold_loss":0.0,"damage_taken":0.0}],"is_beta":false,"boss_relics":[],"items_purged_floors":[14],"is_endless":false,"potions_floor_spawned":[2,9,13],"killed_by":"downfall:Ironclad","ascension_level":20}}