{"host":"htqwg582tjjtn9p7","time":1610042592,"event":{"mods":["2.2 Compatiblity","AchievementEnabler","Act Like it!","Aspiration","BaseMod","Better Third Choice","Colored Map","Conspire","Curses Come First","Displayed Cursed Tome","Energized Spire","Force Act Four","GifTheSpireLib","Hermit","Highlight Path","JesterMod","Mad Scientist","Minty Spire (QoL Compilation)","Pale of the Ancients","Permanent Neow","Random Character Button","Relic Stats","Replay The Spire","Robot Space Explorer","Somnambulant","Spicy Shops","Spikes Relics","StSLib","Stuff the Spire","The Blue Laboratory","The Disciple","The Dragon Tamer","The Forsaken","The Gatherer","The Judge","The Jungle","The Marked","The Runesmith","The Servant 0.9.4","Uncapped"],"gold_per_floor":[112,112,112,125,135,135,146,146,170,204,49,74,94,94,94],"floor_reached":14,"playtime":645,"items_purged":["MadScienceMod:Strike_MadScience"],"score":181,"play_id":"643a00a9-44f3-427c-9e3a-0e6d163bbb60","local_time":"20210107190312","is_ascension_mode":true,"campfire_choices":[{"data":"MadScienceMod:HideBehindJunk","floor":6,"key":"SMITH"},{"data":"MadScienceMod:MinatureWeapons","floor":8,"key":"SMITH"}],"circlet_count":0,"master_deck":["MadScienceMod:Strike_MadScience","MadScienceMod:Strike_MadScience","MadScienceMod:Defend_MadScience","MadScienceMod:Defend_MadScience","MadScienceMod:Defend_MadScience","MadScienceMod:PoweredStrike","MadScienceMod:HideBehindJunk+1","MadScienceMod:MakeOrBreak","MadScienceMod:MinatureWeapons+1","MadScienceMod:Refuel","MadScienceMod:MinatureWeapons","MadScienceMod:RadioactiveSword","MadScienceMod:MinatureWeapons","MadScienceMod:Browse"],"relics":["MadScienceMod:FuelTank","MadScienceMod:DoomsdayDevice","Divine Protection","Omamori"],"acts_visited":["Exordium"],"potions_floor_usage":[7],"damage_taken":[{"damage":4,"enemies":"Cultist","floor":1,"turns":5},{"damage":0,"enemies":"Small Slimes","floor":4,"turns":3},{"damage":3,"enemies":"Jaw Worm","floor":5,"turns":6},{"damage":1,"enemies":"3 Louse","floor":7,"turns":4},{"damage":17,"enemies":"3 Sentries","floor":10,"turns":11},{"damage":0,"enemies":"Lagavulin","floor":12,"turns":9},{"damage":0,"enemies":"2 Fungi Beasts","floor":13,"turns":5},{"damage":23,"enemies":"Gremlin Nob","floor":14,"turns":5}],"seed_played":"-6318000080183270423","potions_obtained":[{"floor":4,"key":"LiquidBronze"},{"floor":5,"key":"blueLaboratory:FruitPunch"},{"floor":7,"key":"blueLaboratory:PyrophylliteBrew"},{"floor":13,"key":"MadScienceMod:FuelPotion"}],"is_trial":false,"path_per_floor":["M","?","?","M","M","R","M","R","T","E","$","E","M","E"],"character_chosen":"MAD_SCIENTIST","items_purchased":["MadScienceMod:MinatureWeapons"],"campfire_rested":0,"item_purchase_floors":[11],"current_hp_per_floor":[46,51,51,51,48,48,49,49,49,32,32,32,32,9,9],"gold":94,"neow_bonus":"REMOVE_TWO","is_daily":false,"chose_seed":false,"campfire_upgraded":2,"win_rate":0.0,"timestamp":1610042592,"path_taken":["M","?","?","M","M","R","M","R","T","E","$","E","M","E"],"items_purchased_type":["Card"],"build_version":"2020-12-22","purchased_purges":1,"victory":false,"max_hp_per_floor":[75,80,80,80,80,80,82,82,82,82,82,82,82,82,82],"relic_stats":{"counters":[8,48],"obtain_stats":[{"MadScienceMod:FuelTank":0,"Divine Protection":10,"MadScienceMod:DoomsdayDevice":9,"Omamori":12},{"MadScienceMod:FuelTank":0,"Divine Protection":5,"MadScienceMod:DoomsdayDevice":4,"Omamori":6},{"MadScienceMod:FuelTank":0,"Divine Protection":29,"MadScienceMod:DoomsdayDevice":18,"Omamori":38}]},"card_choices":[{"not_picked":["MadScienceMod:AutoStrike","MadScienceMod:FlexibleSpear"],"picked":"MadScienceMod:MakeOrBreak","floor":1},{"not_picked":["MadScienceMod:FlammableWall","MadScienceMod:FragmentationGrenade"],"picked":"MadScienceMod:MinatureWeapons","floor":4},{"not_picked":["MadScienceMod:Retarget","MadScienceMod:Detonate"],"picked":"MadScienceMod:Refuel","floor":5},{"not_picked":["MadScienceMod:NowOrNever","MadScienceMod:Retarget"],"picked":"MadScienceMod:MinatureWeapons","floor":7},{"not_picked":["MadScienceMod:ShrinkRay","MadScienceMod:Strafe"],"picked":"MadScienceMod:RadioactiveSword","floor":10},{"not_picked":["MadScienceMod:JunkLaser","MadScienceMod:AutoStrike"],"picked":"MadScienceMod:Browse","floor":12},{"not_picked":["MadScienceMod:AcidSpray","MadScienceMod:AutoStrike","MadScienceMod:Inflate"],"picked":"SKIP","floor":13}],"player_experience":1899940,"relics_obtained":[{"floor":9,"key":"MadScienceMod:DoomsdayDevice"},{"floor":10,"key":"Divine Protection"},{"floor":12,"key":"Omamori"}],"event_choices":[{"damage_healed":0,"gold_gain":0,"player_choice":"Donut","damage_taken":0,"max_hp_gain":5,"max_hp_loss":0,"event_name":"Big Fish","floor":2,"gold_loss":0}],"is_beta":false,"boss_relics":[],"items_purged_floors":[11],"is_endless":false,"potions_floor_spawned":[4,5,7,13],"killed_by":"Gremlin Nob","ascension_level":9}}