{"host":"qhn6g0owdgjb77rz","time":1610040143,"event":{"mods":["BaseMod","BetterRewards","Colored Map","Minty Spire (QoL Compilation)","Relic Sorter","Replay The Spire","StSLib"],"gold_per_floor":[115,115,115,125,50,79,79,114,114,139,139,153,171,191,191,296,296,316,327,327,252,456,488,488,522,522,522,553,565,599,698,698,799,799,811,861,488,507,522,522,134,134,203,203,233,233,243,256,256,256,256,256,59,94,94],"floor_reached":56,"playtime":2195,"items_purged":["Dualcast","Voices","Strike_B+1"],"score":2083,"play_id":"ed64477c-fee1-44e5-a625-c749715e09d8","local_time":"20210108022223","is_ascension_mode":true,"campfire_choices":[{"data":"Hologram","floor":7.0,"key":"SMITH"},{"data":"Hologram","floor":15.0,"key":"SMITH"},{"data":"Hologram","floor":24.0,"key":"SMITH"},{"floor":27.0,"key":"RECALL"},{"data":"Leap","floor":32,"key":"SMITH"},{"data":"Hologram","floor":40,"key":"SMITH"},{"data":"Reboot","floor":42,"key":"SMITH"},{"data":"Reboot","floor":46,"key":"SMITH"},{"floor":49,"key":"DIG"},{"data":"Leap","floor":52,"key":"SMITH"}],"circlet_count":0,"master_deck":["Strike_B+1","Strike_B+1","Defend_B+1","Defend_B+1","Defend_B+1","Defend_B+1","Gash+1","Gash+1","Gash+1","FTL+1","Hologram+1","Gash+1","Gash+1","Leap","Hologram+1","Leap+1","Beam Cell+1","Leap+1","FTL+1","Sweeping Beam+1","Hologram+1","Beam Cell+1","Rebound+1","Gash+1","ReplayTheSpireMod:Brewmster+1","Hologram+1","Reboot+1","Reboot+1","Secret Weapon","Injury","Gash+1","ReplayGash+1","ReplayGash+1","Coolheaded+1"],"relics":["Cracked Core","Molten Egg 2","Mango","Prayer Wheel","Shuriken","Oddly Smooth Stone","Replay:WaspNest","Snack Pack","SlaversCollar","ReplayFunnel","Nunchaku","Darkstone Periapt","White Beast Statue","Coffee Dripper","Ring of Greed","MealTicket","Blue Doll","ReplayTheSpireMod:Ring of Exchange","Toy Ornithopter","ReplayTheSpireMod:Shallot","Bag of Marbles","Centennial Puzzle","Replay:Baseball","Iron Hammer"],"acts_visited":["Exordium","TheCity","TheBeyond","TheEnding"],"potions_floor_usage":[33,38,38,38,39,45,47,47,47,48,50,50,55,55,55,55,55,55,55],"damage_taken":[{"damage":11.0,"enemies":"Jaw Worm","floor":1.0,"turns":4.0},{"damage":0.0,"enemies":"2 Louse","floor":4.0,"turns":1.0},{"damage":20.0,"enemies":"Lagavulin","floor":6.0,"turns":5.0},{"damage":5.0,"enemies":"3 Sentries","floor":8.0,"turns":4.0},{"damage":10.0,"enemies":"Lagavulin","floor":10.0,"turns":5.0},{"damage":0.0,"enemies":"Cultist","floor":12.0,"turns":2.0},{"damage":0.0,"enemies":"3 Louse","floor":13.0,"turns":2.0},{"damage":0.0,"enemies":"Red Slaver","floor":14.0,"turns":2.0},{"damage":3.0,"enemies":"The Guardian","floor":16.0,"turns":6.0},{"damage":0.0,"enemies":"Chosen","floor":18.0,"turns":4.0},{"damage":6.0,"enemies":"Shell Parasite","floor":19.0,"turns":3.0},{"damage":15.0,"enemies":"Gremlin Leader","floor":23.0,"turns":4.0},{"damage":0.0,"enemies":"Slavers","floor":25.0,"turns":3.0},{"damage":0.0,"enemies":"Replay:Snechameleon","floor":28.0,"turns":3.0},{"damage":14.0,"enemies":"Snake Plant","floor":29.0,"turns":3.0},{"damage":11,"enemies":"Slavers","floor":30,"turns":4},{"damage":7,"enemies":"Champ","floor":33,"turns":6},{"damage":0,"enemies":"Orb Walker","floor":35,"turns":3},{"damage":0,"enemies":"3 Darklings","floor":38,"turns":3},{"damage":16,"enemies":"Spire Growth","floor":39,"turns":3},{"damage":0,"enemies":"R_Hoarder","floor":45,"turns":4},{"damage":0,"enemies":"Transient","floor":47,"turns":5},{"damage":18,"enemies":"4 Shapes","floor":48,"turns":3},{"damage":0,"enemies":"Time Eater","floor":50,"turns":5},{"damage":23,"enemies":"Shield and Spear","floor":54,"turns":3},{"damage":80,"enemies":"The Heart","floor":55,"turns":6}],"seed_played":"-1681876944710602026","potions_obtained":[{"floor":6.0,"key":"Explosive Potion"},{"floor":8.0,"key":"SteroidPotion"},{"floor":11.0,"key":"Swift Potion"},{"floor":11.0,"key":"SteroidPotion"},{"floor":13.0,"key":"SkillPotion"},{"floor":16.0,"key":"BlessingOfTheForge"},{"floor":30,"key":"FocusPotion"},{"floor":33,"key":"ColorlessPotion"},{"floor":38,"key":"Swift Potion"},{"floor":39,"key":"EssenceOfSteel"},{"floor":47,"key":"Weak Potion"},{"floor":48,"key":"Doom Potion"},{"floor":54,"key":"SkillPotion"}],"is_trial":false,"path_per_floor":["M","?","?","M","$","E","R","E","T","E","?","M","M","M","R","B",null,"M","M","?","?","?","E","R","E","T","R","E","M","E","?","R","B",null,"M","?","$","M","M","R","$","R","T","?","E","R","M","M","R_BF","B",null,"R","$","E","B",null],"character_chosen":"DEFECT","items_purchased":["Molten Egg 2","ReplayTheSpireMod:Fabricate Wheel","Gash+1","ReplayTheSpireMod:Brewmster+1","Toy Ornithopter","Reboot","Secret Weapon","ReplayGash+1","Replay:Baseball"],"campfire_rested":0,"item_purchase_floors":[0,0,0,37,37,41,41,53,53],"current_hp_per_floor":[78,71,71,71,71,51,51,46,46,36,36,40,42,44,44,49,79,83,83,83,83,83,76,76,82,82,82,88,77,72,72,72,79,87,89,95,95,95,88,88,95,95,101,91,101,101,101,91,91,101,101,101,101,80,51],"gold":94,"neow_bonus":"","is_daily":false,"chose_seed":false,"campfire_upgraded":8,"win_rate":0.0,"timestamp":1610040143,"path_taken":["M","?","?","?","$","E","R","E","T","E","?","?","M","M","R","BOSS","M","M","?","?","?","E","R","E","T","R","E","M","E","?","R","BOSS","M","?","$","M","M","R","$","R","T","?","E","R","M","M","R_BF","BOSS","R","$","E","BOSS"],"items_purchased_type":["Relic","Card","Card","Card","Relic","Card","Card","Card","Relic"],"build_version":"2020-12-22","purchased_purges":3,"victory":true,"max_hp_per_floor":[89,89,89,89,89,89,89,89,89,89,89,89,89,89,89,89,89,89,89,89,89,89,89,89,89,89,89,89,89,89,89,89,89,89,89,95,95,95,95,95,95,95,101,101,101,101,101,101,101,101,101,101,101,101,101],"card_choices":[{"not_picked":["Coolheaded","Rebound+1"],"picked":"Gash+1","floor":1.0},{"not_picked":["Reinforced Body","ReplaySort","Redo"],"picked":"SKIP","floor":1.0},{"not_picked":["Streamline+1","Storm"],"picked":"Gash+1","floor":4.0},{"not_picked":["Amplify","Aggregate"],"picked":"FTL+1","floor":4.0},{"not_picked":["Beam Cell+1","Stack"],"picked":"Hologram","floor":6.0},{"not_picked":["ReplayTheSpireMod:System Scan","Steam Power"],"picked":"Gash+1","floor":8.0},{"not_picked":["Rip and Tear+1","Fission"],"picked":"Gash+1","floor":10.0},{"not_picked":["Ball Lightning+1","Recycle"],"picked":"Leap","floor":12.0},{"not_picked":["Compile Driver+1","Ball Lightning+1","Melter+1"],"picked":"SKIP","floor":12.0},{"not_picked":["Barrage+1","Rip and Tear+1"],"picked":"Hologram","floor":13.0},{"not_picked":["Cold Snap+1","Force Field"],"picked":"Leap","floor":13.0},{"not_picked":["Storm","Time Bomb"],"picked":"Beam Cell+1","floor":14.0},{"not_picked":["Compile Driver+1","Time Bomb"],"picked":"Leap","floor":14.0},{"not_picked":["Loop+1","Streamline+1"],"picked":"FTL+1","floor":18.0},{"not_picked":["Beam Cell+1","BasicCrystalCard+1"],"picked":"Sweeping Beam+1","floor":18.0},{"not_picked":["Go for the Eyes+1","Lockon+1"],"picked":"Hologram","floor":19.0},{"not_picked":["Auto Shields+1","Coolheaded","Steam+1"],"picked":"SKIP","floor":19.0},{"not_picked":["Glacier","Heatsinks","Defragment"],"picked":"SKIP","floor":23.0},{"not_picked":["Conserve Battery","Doom and Gloom+1","Force Field"],"picked":"SKIP","floor":25.0},{"not_picked":["Steam","Go for the Eyes+1","Compile Driver+1"],"picked":"SKIP","floor":28.0},{"not_picked":["ReplayTheSpireMod:Calculation Training+1","Conserve Battery","BasicCrystalCard+1"],"picked":"SKIP","floor":29.0},{"not_picked":["Beam Cell+1","Barrage+1","Steam+1"],"picked":"SKIP","floor":29.0},{"not_picked":["Barrage+1","Steam+1"],"picked":"Beam Cell+1","floor":29.0},{"not_picked":["ReplayTheSpireMod:Calculation Training+1","Conserve Battery","BasicCrystalCard+1"],"picked":"SKIP","floor":29.0},{"not_picked":["Fission","Double Energy+1"],"picked":"Rebound+1","floor":30},{"not_picked":["Hologram+1","Steam"],"picked":"Gash+1","floor":35},{"not_picked":["Conserve Battery+1","BootSequence","Turbo+1"],"picked":"SKIP","floor":35},{"not_picked":["Rebound+1","Cold Snap+1"],"picked":"Hologram","floor":38},{"not_picked":["Streamline+1","Capacitor+1","Defragment"],"picked":"SKIP","floor":38},{"not_picked":["Undo","Go for the Eyes+1","Conserve Battery+1"],"picked":"SKIP","floor":39},{"not_picked":["Redo+1","Compile Driver+1","BasicCrystalCard+1"],"picked":"SKIP","floor":39},{"not_picked":["Steam","Stack","Streamline+1"],"picked":"SKIP","floor":45},{"not_picked":["ReplayTheSpireMod:GoodbyeWorld","Lockon+1","Streamline+1"],"picked":"SKIP","floor":47},{"not_picked":["Reprogram+1","Redo+1","Static Discharge+1"],"picked":"SKIP","floor":47},{"not_picked":["Chaos+1","Time Bomb+1"],"picked":"Gash+1","floor":48},{"not_picked":["Chill","Loop","Rebound+1"],"picked":"SKIP","floor":48},{"not_picked":["Go for the Eyes+1","FIFO Queue"],"picked":"Coolheaded+1","floor":54}],"player_experience":422838,"relics_obtained":[{"floor":6.0,"key":"Shuriken"},{"floor":8.0,"key":"Oddly Smooth Stone"},{"floor":9.0,"key":"Replay:WaspNest"},{"floor":10.0,"key":"Snack Pack"},{"floor":23.0,"key":"ReplayFunnel"},{"floor":25.0,"key":"Nunchaku"},{"floor":28.0,"key":"Darkstone Periapt"},{"floor":30,"key":"White Beast Statue"},{"floor":36,"key":"Ring of Greed"},{"floor":36,"key":"MealTicket"},{"floor":36,"key":"Blue Doll"},{"floor":36,"key":"ReplayTheSpireMod:Ring of Exchange"},{"floor":43,"key":"ReplayTheSpireMod:Shallot"},{"floor":45,"key":"Bag of Marbles"},{"floor":49,"key":"Centennial Puzzle"},{"floor":54,"key":"Iron Hammer"}],"event_choices":[{"cards_removed":["Strike_B"],"damage_healed":0.0,"max_hp_gain":0.0,"max_hp_loss":0.0,"gold_gain":0.0,"event_name":"Golden Wing","player_choice":"Card Removal","floor":2.0,"gold_loss":0.0,"damage_taken":7.0},{"damage_healed":0.0,"max_hp_gain":0.0,"max_hp_loss":0.0,"gold_gain":0.0,"event_name":"NoteForYourself","player_choice":"Ignored","floor":3.0,"gold_loss":0.0,"damage_taken":0.0},{"damage_healed":0.0,"max_hp_gain":0.0,"max_hp_loss":0.0,"gold_gain":0.0,"event_name":"Lab","player_choice":"Got Potions","floor":11.0,"gold_loss":0.0,"damage_taken":0.0},{"damage_healed":0.0,"max_hp_gain":0.0,"max_hp_loss":0.0,"gold_gain":0.0,"event_name":"Back to Basics","player_choice":"Simplicity","floor":20.0,"gold_loss":0.0,"damage_taken":0.0,"cards_upgraded":["Strike_B","Strike_B","Strike_B","Defend_B","Defend_B","Defend_B","Defend_B"]},{"cards_removed":["Zap"],"damage_healed":0.0,"max_hp_gain":0.0,"max_hp_loss":0.0,"gold_gain":0.0,"event_name":"Beggar","player_choice":"Gave Gold","floor":21.0,"gold_loss":75.0,"damage_taken":0.0},{"damage_healed":0,"gold_gain":99,"player_choice":"Stole From Cult","damage_taken":0,"max_hp_gain":0,"max_hp_loss":0,"event_name":"Nest","floor":31,"gold_loss":0},{"damage_healed":0,"gold_gain":0,"player_choice":"Memory 3","damage_taken":10,"max_hp_gain":0,"max_hp_loss":0,"event_name":"SensoryStone","floor":44,"gold_loss":0}],"is_beta":false,"boss_relics":[{"not_picked":["SacredBark","Pandora\u0027s Box"],"picked":"SlaversCollar"},{"not_picked":["Cursed Key","Painkiller Herb"],"picked":"Coffee Dripper"}],"items_purged_floors":[5,37,41],"is_endless":false,"potions_floor_spawned":[6,8,12,13,16,18,23,25,30,33,35,38,39,45,47,48,54],"ascension_level":5}}