{"host":"2n2g1vowfllvjtvi","time":1610039293,"event":{"mods":["AchievementEnabler","BaseMod","Custom Start","GifTheSpireLib","Keyboard Shortcuts","Minty Spire (QoL Compilation)","Quick Restart","Rare Cards Sparkle","StSLib","SuperFastMode"],"gold_per_floor":[118,118,131,62,79,79,107,107,107,107,139,165,165,197,197,305,305,291,306,306,356,356],"floor_reached":21,"playtime":290,"items_purged":[],"score":331,"play_id":"bc5fc07d-6e26-43d8-9f1d-494dfbc11f57","local_time":"20210108020813","is_ascension_mode":true,"campfire_choices":[{"data":"Bash","floor":6.0,"key":"SMITH"},{"data":"Wild Strike","floor":8.0,"key":"SMITH"},{"data":"Whirlwind","floor":10.0,"key":"SMITH"},{"data":"Berserk","floor":15,"key":"SMITH"}],"circlet_count":0,"master_deck":["AscendersBane","Strike_R","Strike_R","Strike_R","Strike_R","Strike_R","Defend_R","Defend_R","Defend_R","Defend_R","Bash+1","Wild Strike+1","Whirlwind+1","Second Wind","Evolve","Berserk+1","Demon Form"],"relics":["Burning Blood","NeowsBlessing","Self Forming Clay","Shuriken","Omamori","CeramicFish","Golden Idol","Sozu","SsserpentHead"],"acts_visited":["Exordium","TheCity"],"potions_floor_usage":[16,18],"damage_taken":[{"damage":0.0,"enemies":"2 Louse","floor":1.0,"turns":1.0},{"damage":0.0,"enemies":"Cultist","floor":3.0,"turns":1.0},{"damage":0.0,"enemies":"Small Slimes","floor":5.0,"turns":1.0},{"damage":37.0,"enemies":"Lagavulin","floor":7.0,"turns":7.0},{"damage":14.0,"enemies":"3 Sentries","floor":11.0,"turns":6.0},{"damage":0.0,"enemies":"Gremlin Gang","floor":12.0,"turns":1.0},{"damage":8,"enemies":"Blue Slaver","floor":14,"turns":3},{"damage":27,"enemies":"Slime Boss","floor":16,"turns":7},{"damage":5,"enemies":"2 Thieves","floor":18,"turns":4},{"damage":24,"enemies":"Shell Parasite","floor":19,"turns":5},{"damage":12,"enemies":"3 Cultists","floor":21,"turns":4}],"seed_played":"3219756023766927041","potions_obtained":[{"floor":1.0,"key":"Fire Potion"},{"floor":11.0,"key":"FearPotion"},{"floor":12.0,"key":"CultistPotion"},{"floor":16,"key":"DistilledChaos"}],"is_trial":false,"path_per_floor":["M","?","M","$","M","R","E","R","T","R","E","M","?","M","R","B",null,"M","M","?","M"],"character_chosen":"IRONCLAD","items_purchased":["Whirlwind"],"campfire_rested":0,"item_purchase_floors":[4],"current_hp_per_floor":[74,74,75,75,75,75,44,44,44,44,36,42,42,40,40,19,56,57,39,39,27,27],"gold":356,"neow_bonus":"THREE_ENEMY_KILL","is_daily":false,"chose_seed":false,"campfire_upgraded":4,"win_rate":0.0,"timestamp":1610039293,"path_taken":["M","?","M","$","?","R","E","R","T","R","E","M","?","M","R","BOSS","M","M","?","?"],"items_purchased_type":["Card"],"build_version":"2020-12-22","purchased_purges":0,"victory":false,"max_hp_per_floor":[75,75,75,75,75,75,75,75,75,75,75,75,68,68,68,68,68,68,68,68,68,68],"card_choices":[{"not_picked":["Sentinel","Pommel Strike"],"picked":"Wild Strike","floor":1.0},{"not_picked":["Sword Boomerang","True Grit","Clash"],"picked":"SKIP","floor":3.0},{"not_picked":["Cleave","Pommel Strike"],"picked":"Second Wind","floor":5.0},{"not_picked":["Heavy Blade","Clothesline","Rupture"],"picked":"SKIP","floor":7.0},{"not_picked":["Burning Pact","Iron Wave","Sentinel"],"picked":"SKIP","floor":11.0},{"not_picked":["Body Slam","Sword Boomerang"],"picked":"Evolve","floor":12.0},{"not_picked":["Flex","Pommel Strike"],"picked":"Berserk","floor":14},{"not_picked":["Exhume","Feed"],"picked":"Demon Form","floor":16},{"not_picked":["Clothesline","Havoc","Shrug It Off"],"picked":"SKIP","floor":18},{"not_picked":["Dual Wield","Sword Boomerang","Metallicize"],"picked":"SKIP","floor":19}],"player_experience":425689,"relics_obtained":[{"floor":7.0,"key":"Shuriken"},{"floor":9.0,"key":"Omamori"},{"floor":11.0,"key":"CeramicFish"}],"event_choices":[{"damage_healed":0.0,"max_hp_gain":0.0,"max_hp_loss":0.0,"gold_gain":0.0,"event_name":"WeMeetAgain","player_choice":"Gave Potion","floor":2.0,"gold_loss":0.0,"damage_taken":0.0,"relics_obtained":["Self Forming Clay"]},{"damage_healed":0.0,"max_hp_gain":0.0,"max_hp_loss":7.0,"gold_gain":0.0,"event_name":"Golden Idol","player_choice":"Lose Max HP","floor":13.0,"gold_loss":0.0,"damage_taken":0.0,"relics_obtained":["Golden Idol"]},{"damage_healed":0,"gold_gain":0,"player_choice":"Trade","damage_taken":0,"relics_obtained":["SsserpentHead"],"max_hp_gain":0,"max_hp_loss":0,"event_name":"FaceTrader","floor":20,"gold_loss":0}],"is_beta":false,"boss_relics":[{"not_picked":["Cursed Key","Black Star"],"picked":"Sozu"}],"items_purged_floors":[],"is_endless":false,"potions_floor_spawned":[1,11,12,16,18],"killed_by":"3 Cultists","ascension_level":15}}