{"host":"363c1o4m0ew2jbar","time":1610009144,"event":{"mods":["AchievementEnabler","BaseMod","Better Note","Downfall","Hubris","Minty Spire (QoL Compilation)","StSLib"],"gold_per_floor":[115,115,3,22,39,68,81,106,106,106,117,117,144,163,163,258,258,276,186,186],"floor_reached":19,"playtime":775,"items_purged":["hubris:Wrath"],"score":227,"play_id":"a5bf82ff-4d03-450c-86ab-963a23f86cac","local_time":"20210106224544","is_ascension_mode":true,"campfire_choices":[{"data":"Dark Embrace","floor":10,"key":"SMITH"},{"floor":15,"key":"REST"}],"circlet_count":0,"master_deck":["Guardian:Harden+1","Strike_R","Strike_R","Strike_R","Strike_R","Defend_R","Defend_R","Defend_R","Defend_R","Bash","Anger","Dark Embrace+1","Iron Wave","Cleave+1","Iron Wave","Iron Wave","Berserk"],"relics":["Burning Blood","hubris:64BitClover","Toxic Egg 2","hubris:IronBody","Black Star"],"acts_visited":["Exordium","TheCity"],"potions_floor_usage":[6,7,13,16,16],"damage_taken":[{"damage":0,"enemies":"Small Slimes","floor":1,"turns":3},{"damage":0,"enemies":"Cultist","floor":4,"turns":4},{"damage":0,"enemies":"Jaw Worm","floor":5,"turns":3},{"damage":7,"enemies":"Gremlin Nob","floor":6,"turns":5},{"damage":18,"enemies":"Exordium Thugs","floor":7,"turns":6},{"damage":12,"enemies":"3 Sentries","floor":8,"turns":8},{"damage":16,"enemies":"Lots of Slimes","floor":11,"turns":3},{"damage":37,"enemies":"Lagavulin","floor":13,"turns":9},{"damage":4,"enemies":"Large Slime","floor":14,"turns":7},{"damage":43,"enemies":"The Guardian","floor":16,"turns":15},{"damage":63,"enemies":"Spheric Guardian","floor":18,"turns":8},{"damage":36,"enemies":"2 Thieves","floor":19,"turns":3}],"seed_played":"-910079880596355141","potions_obtained":[{"floor":4,"key":"DuplicationPotion"},{"floor":6,"key":"HeartOfIron"},{"floor":8,"key":"Fire Potion"},{"floor":11,"key":"BlessingOfTheForge"},{"floor":13,"key":"Fruit Juice"}],"is_trial":false,"path_per_floor":["M","?","$","M","M","E","M","E","T","R","M","?","E","M","R","B",null,"M","M"],"character_chosen":"IRONCLAD","items_purchased":["Dark Embrace"],"campfire_rested":1,"item_purchase_floors":[3],"current_hp_per_floor":[80,80,80,80,80,79,67,61,61,61,51,51,25,27,52,15,85,28,0,0],"gold":186,"neow_bonus":"RANDOM_COLORLESS_2","is_daily":false,"chose_seed":false,"campfire_upgraded":1,"win_rate":0.0,"timestamp":1610009144,"path_taken":["M","?","?","M","?","E","M","E","T","R","M","?","E","?","R","BOSS","M","M"],"items_purchased_type":["Card"],"build_version":"2020-12-22","purchased_purges":1,"victory":false,"max_hp_per_floor":[80,80,80,80,80,80,80,80,80,80,80,80,85,85,85,85,85,85,85,85],"card_choices":[{"not_picked":["Anger","Battle Trance","Sword Boomerang"],"picked":"SKIP","floor":1},{"not_picked":["Spot Weakness","Sentinel","Perfected Strike"],"picked":"SKIP","floor":4},{"not_picked":["Body Slam","Anger"],"picked":"Iron Wave","floor":5},{"not_picked":["Anger","Perfected Strike","Second Wind"],"picked":"SKIP","floor":6},{"not_picked":["Warcry","Pommel Strike"],"picked":"Cleave","floor":7},{"not_picked":["Fiend Fire","Twin Strike","Entrench+1"],"picked":"SKIP","floor":8},{"not_picked":["Intimidate+1","Perfected Strike","Infernal Blade+1"],"picked":"SKIP","floor":11},{"not_picked":["Perfected Strike","Clothesline"],"picked":"Iron Wave","floor":13},{"not_picked":["Wild Strike","Dual Wield+1"],"picked":"Iron Wave","floor":14},{"not_picked":["hubris:StunningStrike","Exhume+1"],"picked":"Berserk","floor":16},{"not_picked":["Clash","Shockwave+1","Shrug It Off+1"],"picked":"SKIP","floor":18}],"player_experience":1175615,"relics_obtained":[{"floor":6,"key":"hubris:64BitClover"},{"floor":8,"key":"Toxic Egg 2"},{"floor":13,"key":"hubris:IronBody"}],"event_choices":[{"damage_healed":0,"gold_gain":0,"cards_transformed":["Strike_R"],"player_choice":"Transformed","damage_taken":0,"max_hp_gain":0,"max_hp_loss":0,"event_name":"Transmorgrifier","floor":2,"gold_loss":0,"cards_obtained":["Anger"]},{"damage_healed":0,"gold_gain":0,"player_choice":"Upgraded","damage_taken":0,"max_hp_gain":0,"max_hp_loss":0,"event_name":"Upgrade Shrine","floor":12,"gold_loss":0,"cards_upgraded":["Cleave"]}],"is_beta":false,"boss_relics":[{"not_picked":["Black Blood","hubris:RunicObelisk"],"picked":"Black Star"}],"items_purged_floors":[3],"is_endless":false,"potions_floor_spawned":[4,6,8,11,13],"killed_by":"2 Thieves","ascension_level":4}}