{"host":"4qkvkh7pd9qr2mca","time":1610054163,"event":{"mods":["AchievementEnabler","BaseMod","Colored Map","Colored Powertips","Highlight Path","Minty Spire (QoL Compilation)","Permanent Neow","Quick Restart","StSLib","SuperFastMode"],"gold_per_floor":[131,189,21,31,31,31,31,61,61,121,121,121,101,126,126,225,225,236,596,596,596],"floor_reached":20,"playtime":668,"items_purged":[],"score":364,"play_id":"9e9f124a-2394-4f1b-a314-dc823dcab0ac","local_time":"20210107221603","is_ascension_mode":true,"campfire_choices":[{"data":"Bouncing Flask","floor":6,"key":"SMITH"},{"floor":11,"key":"REST"},{"data":"After Image","floor":15,"key":"SMITH"}],"circlet_count":0,"master_deck":["AscendersBane","Strike_G","Strike_G","Strike_G","Strike_G","Strike_G","Defend_G","Defend_G","Defend_G","Defend_G","Defend_G","Survivor","Neutralize","HandOfGreed+1","Flying Knee","Bouncing Flask+1","Acrobatics","Dagger Spray","Escape Plan","After Image+1","Bullet Time","CurseOfTheBell","Backflip"],"relics":["Ring of the Snake","Sling","The Specimen","Meat on the Bone","Pocketwatch","Turnip","Ice Cream","Calling Bell","PreservedInsect","Singing Bowl","Bird Faced Urn"],"acts_visited":["Exordium","TheCity"],"potions_floor_usage":[10,16,18],"damage_taken":[{"damage":2,"enemies":"Cultist","floor":1,"turns":5},{"damage":3,"enemies":"Small Slimes","floor":2,"turns":7},{"damage":2,"enemies":"Jaw Worm","floor":4,"turns":3},{"damage":15,"enemies":"3 Sentries","floor":8,"turns":7},{"damage":15,"enemies":"Exordium Wildlife","floor":10,"turns":6},{"damage":2,"enemies":"Exordium Thugs","floor":13,"turns":4},{"damage":6,"enemies":"Gremlin Nob","floor":14,"turns":3},{"damage":28,"enemies":"Hexaghost","floor":16,"turns":8},{"damage":31,"enemies":"Chosen","floor":18,"turns":5},{"damage":9,"enemies":"Shell Parasite","floor":20,"turns":1}],"seed_played":"1104340914337639784","potions_obtained":[{"floor":1,"key":"Weak Potion"},{"floor":8,"key":"CultistPotion"},{"floor":16,"key":"SkillPotion"}],"is_trial":false,"path_per_floor":["M","M","$","M","?","R","?","E","T","M","R","T","M","E","R","B",null,"M","?","M"],"character_chosen":"THE_SILENT","items_purchased":["Sling"],"campfire_rested":1,"item_purchase_floors":[3],"current_hp_per_floor":[42,39,39,37,37,37,37,22,22,19,38,38,36,42,42,26,56,39,3,0,0],"gold":596,"neow_bonus":"RANDOM_COLORLESS_2","is_daily":false,"chose_seed":false,"campfire_upgraded":2,"win_rate":0.0,"timestamp":1610054163,"path_taken":["M","M","$","?","?","R","?","E","T","M","R","?","M","E","R","BOSS","M","?","M"],"items_purchased_type":["Relic"],"build_version":"2020-12-22","purchased_purges":0,"victory":false,"max_hp_per_floor":[66,66,66,66,66,66,66,66,66,66,66,66,66,66,66,66,66,66,66,66,66],"card_choices":[{"not_picked":["Master of Strategy","Secret Technique"],"picked":"HandOfGreed","floor":0.0},{"not_picked":["Dagger Spray","Dodge and Roll"],"picked":"Flying Knee","floor":1},{"not_picked":["Outmaneuver","Poisoned Stab","Catalyst"],"picked":"SKIP","floor":2},{"not_picked":["Dagger Spray","Bane"],"picked":"Bouncing Flask","floor":4},{"not_picked":["Flechettes","Dagger Spray"],"picked":"Acrobatics","floor":8},{"not_picked":["Sucker Punch","Quick Slash"],"picked":"Dagger Spray","floor":10},{"not_picked":["Bouncing Flask","Dodge and Roll"],"picked":"Escape Plan","floor":13},{"not_picked":["Slice","Accuracy"],"picked":"After Image","floor":14},{"not_picked":["Unload","A Thousand Cuts"],"picked":"Bullet Time","floor":16},{"not_picked":["Backstab","Infinite Blades"],"picked":"Backflip","floor":18}],"player_experience":507030,"relics_obtained":[{"floor":8,"key":"Meat on the Bone"},{"floor":9,"key":"Pocketwatch"},{"floor":12,"key":"Turnip"},{"floor":14,"key":"Ice Cream"},{"floor":17,"key":"PreservedInsect"},{"floor":17,"key":"Singing Bowl"},{"floor":17,"key":"Bird Faced Urn"}],"event_choices":[{"damage_healed":0,"gold_gain":0,"player_choice":"Grow","damage_taken":0,"max_hp_gain":0,"max_hp_loss":0,"event_name":"Living Wall","floor":5,"gold_loss":0,"cards_upgraded":["HandOfGreed"]},{"damage_healed":0,"gold_gain":0,"player_choice":"Searched \u00271\u0027 times","damage_taken":0,"relics_obtained":["The Specimen"],"max_hp_gain":0,"max_hp_loss":0,"event_name":"Dead Adventurer","floor":7,"gold_loss":0},{"damage_healed":0,"gold_gain":360,"player_choice":"GOLD GOLD GOLD GOLD ","damage_taken":36,"max_hp_gain":0,"max_hp_loss":0,"event_name":"Knowing Skull","floor":19,"potions_obtained":[],"gold_loss":0,"cards_obtained":[]}],"is_beta":false,"boss_relics":[{"not_picked":["Ectoplasm","Velvet Choker"],"picked":"Calling Bell"}],"items_purged_floors":[],"is_endless":false,"potions_floor_spawned":[1,8,16],"killed_by":"Shell Parasite","ascension_level":20}}