{"host":"sdl5b0uiznq00owb","time":1610003497,"event":{"mods":["BaseMod","Minty Spire (QoL Compilation)","Permanent Neow","Relic Stats"],"gold_per_floor":[113,38,49,69,86,115,126,143,143,68,68,82,82,107,107,209,209,221,221,221,239,239,239,259,272,299,299,299,316,336,367,367,367,367],"floor_reached":33,"playtime":2280,"items_purged":["Strike_R"],"score":436,"play_id":"9379aee4-53fb-493d-991c-4cc761da0cd9","local_time":"20210107011137","is_ascension_mode":true,"campfire_choices":[{"data":"Whirlwind","floor":11.0,"key":"SMITH"},{"floor":15.0,"key":"REST"},{"data":"Demon Form","floor":23.0,"key":"SMITH"},{"floor":28.0,"key":"REST"},{"floor":32.0,"key":"REST"}],"circlet_count":0,"master_deck":["AscendersBane","Strike_R","Strike_R","Defend_R","Defend_R","Defend_R","Defend_R","Bash+1","Carnage","Power Through","Pommel Strike","Anger","Whirlwind+1","Rampage","Demon Form+1","CurseOfTheBell","Heavy Blade","Burning Pact+1","Fire Breathing+1","Havoc"],"relics":["Burning Blood","Regal Pillow","Ornamental Fan","Art of War","Calling Bell","MealTicket","Kunai","Incense Burner","Toy Ornithopter","Mercury Hourglass"],"acts_visited":["Exordium","TheCity"],"potions_floor_usage":[33],"damage_taken":[{"damage":1.0,"enemies":"Cultist","floor":1.0,"turns":4.0},{"damage":7.0,"enemies":"Jaw Worm","floor":3.0,"turns":2.0},{"damage":5.0,"enemies":"Small Slimes","floor":4.0,"turns":3.0},{"damage":12.0,"enemies":"3 Louse","floor":5.0,"turns":5.0},{"damage":32.0,"enemies":"Gremlin Nob","floor":6.0,"turns":4.0},{"damage":9.0,"enemies":"Red Slaver","floor":7.0,"turns":3.0},{"damage":7.0,"enemies":"Looter","floor":8.0,"turns":3.0},{"damage":0.0,"enemies":"Lots of Slimes","floor":12.0,"turns":2.0},{"damage":29.0,"enemies":"Lagavulin","floor":14.0,"turns":7.0},{"damage":26.0,"enemies":"Slime Boss","floor":16.0,"turns":7.0},{"damage":17.0,"enemies":"Spheric Guardian","floor":18.0,"turns":4.0},{"damage":33.0,"enemies":"Chosen","floor":21.0,"turns":5.0},{"damage":14.0,"enemies":"Snake Plant","floor":24.0,"turns":4.0},{"damage":27.0,"enemies":"Snecko","floor":25.0,"turns":4.0},{"damage":38.0,"enemies":"Shelled Parasite and Fungi","floor":29.0,"turns":5.0},{"damage":18.0,"enemies":"Cultist and Chosen","floor":30.0,"turns":5.0},{"damage":14.0,"enemies":"Gremlin Leader","floor":31.0,"turns":7.0},{"damage":134,"enemies":"Automaton","floor":33,"turns":10}],"seed_played":"-5002907798611034540","potions_obtained":[{"floor":1.0,"key":"LiquidMemories"},{"floor":4.0,"key":"BlessingOfTheForge"},{"floor":8.0,"key":"FairyPotion"},{"floor":12.0,"key":"Energy Potion"},{"floor":21.0,"key":"DistilledChaos"},{"floor":24.0,"key":"Energy Potion"},{"floor":30.0,"key":"DistilledChaos"},{"floor":31.0,"key":"FearPotion"}],"is_trial":false,"path_per_floor":["M","$","M","M","M","E","M","M","T","$","R","M","?","E","R","B",null,"M","?","?","M","?","R","M","M","T","?","R","M","M","E","R","B"],"character_chosen":"IRONCLAD","items_purchased":["Whirlwind"],"campfire_rested":3,"item_purchase_floors":[10],"current_hp_per_floor":[77,77,76,77,71,45,42,41,41,41,41,47,47,24,63,43,71,60,45,45,18,46,46,38,17,17,17,57,30,18,15,55,0,0],"gold":367,"neow_bonus":"UPGRADE_CARD","is_daily":false,"chose_seed":false,"campfire_upgraded":2,"win_rate":0.0,"timestamp":1610003497,"path_taken":["M","?","M","M","M","E","M","M","T","$","R","M","?","E","R","BOSS","M","?","?","?","?","R","M","M","T","?","R","M","M","E","R","BOSS"],"items_purchased_type":["Card"],"build_version":"2020-12-22","purchased_purges":1,"victory":false,"max_hp_per_floor":[80,80,80,80,80,80,80,80,80,80,80,80,80,80,80,80,80,80,85,85,85,85,85,85,85,85,85,85,85,85,85,85,85,85],"relic_stats":{"Regal Pillow":45,"counters":[18,84],"Ornamental Fan":[72],"MealTicket":0,"Art of War":[5],"Kunai":[14],"obtain_stats":[{"Calling Bell":17,"Regal Pillow":6,"Ornamental Fan":9,"MealTicket":17,"Art of War":14,"Incense Burner":17,"Kunai":17,"Burning Blood":0,"Toy Ornithopter":26,"Mercury Hourglass":31},{"Calling Bell":10,"Regal Pillow":5,"Ornamental Fan":7,"MealTicket":10,"Art of War":9,"Incense Burner":10,"Kunai":10,"Burning Blood":0,"Toy Ornithopter":14,"Mercury Hourglass":17},{"Calling Bell":40,"Regal Pillow":18,"Ornamental Fan":24,"MealTicket":40,"Art of War":33,"Incense Burner":40,"Kunai":40,"Burning Blood":0,"Toy Ornithopter":57,"Mercury Hourglass":74}],"Burning Blood":102,"Toy Ornithopter":15,"Mercury Hourglass":[42]},"card_choices":[{"not_picked":["Cleave","True Grit"],"picked":"Carnage","floor":1.0},{"not_picked":["Havoc","Sword Boomerang","Carnage"],"picked":"SKIP","floor":3.0},{"not_picked":["Sword Boomerang","Wild Strike"],"picked":"Power Through","floor":4.0},{"not_picked":["Anger","Armaments"],"picked":"Pommel Strike","floor":5.0},{"not_picked":["Bloodletting","Thunderclap"],"picked":"Anger","floor":6.0},{"not_picked":["Fire Breathing","Pummel","Heavy Blade"],"picked":"SKIP","floor":8.0},{"not_picked":["Blood for Blood","Immolate","Second Wind"],"picked":"SKIP","floor":12.0},{"not_picked":["Headbutt","Body Slam"],"picked":"Rampage","floor":14.0},{"not_picked":["Feed","Bludgeon"],"picked":"Demon Form","floor":16.0},{"not_picked":["Flex+1","Headbutt+1"],"picked":"Heavy Blade","floor":18.0},{"not_picked":["Flex","Metallicize"],"picked":"Burning Pact+1","floor":21.0},{"not_picked":["Limit Break","Clash"],"picked":"Fire Breathing+1","floor":24.0},{"not_picked":["Inflame+1","Perfected Strike","Hemokinesis"],"picked":"SKIP","floor":25.0},{"not_picked":["Uppercut","Cleave"],"picked":"Havoc","floor":29.0},{"not_picked":["Flex","Clash+1","Heavy Blade"],"picked":"SKIP","floor":30.0},{"not_picked":["Anger","Twin Strike","Warcry+1"],"picked":"SKIP","floor":31.0}],"player_experience":764182,"relics_obtained":[{"floor":6.0,"key":"Regal Pillow"},{"floor":9.0,"key":"Ornamental Fan"},{"floor":14.0,"key":"Art of War"},{"floor":17.0,"key":"MealTicket"},{"floor":17.0,"key":"Kunai"},{"floor":17.0,"key":"Incense Burner"},{"floor":26.0,"key":"Toy Ornithopter"},{"floor":31.0,"key":"Mercury Hourglass"}],"event_choices":[{"cards_removed":["Strike_R"],"damage_healed":0.0,"max_hp_gain":0.0,"max_hp_loss":0.0,"gold_gain":0.0,"event_name":"Living Wall","player_choice":"Forget","floor":13.0,"gold_loss":0.0,"damage_taken":0.0},{"damage_healed":0.0,"max_hp_gain":5.0,"max_hp_loss":0.0,"gold_gain":0.0,"event_name":"Forgotten Altar","player_choice":"Shed Blood","floor":19.0,"gold_loss":0.0,"damage_taken":20.0},{"damage_healed":0.0,"max_hp_gain":0.0,"max_hp_loss":0.0,"gold_gain":0.0,"event_name":"WeMeetAgain","player_choice":"Ignored","floor":20.0,"gold_loss":0.0,"damage_taken":0.0},{"damage_healed":28.0,"max_hp_gain":0.0,"max_hp_loss":0.0,"gold_gain":0.0,"event_name":"The Library","player_choice":"Heal","floor":22.0,"gold_loss":0.0,"damage_taken":0.0},{"cards_removed":["Strike_R"],"damage_healed":0.0,"max_hp_gain":0.0,"max_hp_loss":0.0,"gold_gain":0.0,"event_name":"Purifier","player_choice":"Purged","floor":27.0,"gold_loss":0.0,"damage_taken":0.0}],"is_beta":false,"boss_relics":[{"not_picked":["Ectoplasm","Runic Cube"],"picked":"Calling Bell"}],"items_purged_floors":[2],"is_endless":false,"potions_floor_spawned":[1,4,5,8,12,21,24,30,31],"killed_by":"Automaton","ascension_level":11}}