{"host":"1c52r9kaxdyo25eq","time":1610012479,"event":{"mods":["AchievementEnabler","BaseMod","Minty Spire (QoL Compilation)","Rare Cards Sparkle","SuperFastMode","everything is the same but u backflip on backflip"],"gold_per_floor":[110,126,140,140,100,100,118,268,268,112,112,112,135,169,169,169,169],"floor_reached":16,"playtime":313,"items_purged":["Doubt"],"score":250,"play_id":"6d84dfc7-6ea1-448c-a819-0cbe5510ea4b","local_time":"20210107184119","is_ascension_mode":true,"campfire_choices":[{"data":"Poisoned Stab","floor":6.0,"key":"SMITH"},{"floor":12.0,"key":"REST"},{"data":"Neutralize","floor":15.0,"key":"SMITH"}],"circlet_count":0,"master_deck":["AscendersBane","Strike_G","Strike_G","Strike_G","Strike_G","Defend_G","Defend_G","Defend_G","Defend_G","Defend_G","Survivor","Neutralize+1","Backflip","Poisoned Stab+1","Prepared","Adrenaline","PiercingWail","Venomology","Blur"],"relics":["Ring of the Snake","Toy Ornithopter","HornCleat","Golden Idol","The Specimen"],"acts_visited":["Exordium"],"potions_floor_usage":[16,16],"damage_taken":[{"damage":1.0,"enemies":"Cultist","floor":1.0,"turns":4.0},{"damage":4.0,"enemies":"Small Slimes","floor":2.0,"turns":4.0},{"damage":18.0,"enemies":"Jaw Worm","floor":3.0,"turns":4.0},{"damage":1.0,"enemies":"Looter","floor":5.0,"turns":4.0},{"damage":12.0,"enemies":"2 Fungi Beasts","floor":7.0,"turns":3.0},{"damage":8.0,"enemies":"Gremlin Gang","floor":13.0,"turns":5.0},{"damage":0.0,"enemies":"Gremlin Nob","floor":14.0,"turns":3.0},{"damage":55,"enemies":"Hexaghost","floor":16,"turns":11}],"seed_played":"-6209178137538089429","potions_obtained":[{"floor":3.0,"key":"Block Potion"},{"floor":14.0,"key":"PowerPotion"}],"is_trial":false,"path_per_floor":["M","M","M","?","M","R","M","?","T","$","?","R","M","E","R","B"],"character_chosen":"THE_SILENT","items_purchased":["Venomology"],"campfire_rested":1,"item_purchase_floors":[10],"current_hp_per_floor":[58,54,36,29,28,28,16,16,16,16,16,34,31,41,41,0,0],"gold":169,"neow_bonus":"RANDOM_COMMON_RELIC","is_daily":false,"chose_seed":false,"campfire_upgraded":2,"win_rate":0.0,"timestamp":1610012479,"path_taken":["M","M","M","?","M","R","M","?","T","$","?","R","M","E","R","BOSS"],"items_purchased_type":["Card"],"build_version":"2020-12-22","purchased_purges":1,"victory":false,"max_hp_per_floor":[66,66,66,66,66,66,66,66,66,66,60,60,60,60,60,60,60],"card_choices":[{"not_picked":["PiercingWail","Setup"],"picked":"Backflip","floor":1.0},{"not_picked":["Slice","Calculated Gamble"],"picked":"Poisoned Stab","floor":2.0},{"not_picked":["Slice","Masterful Stab"],"picked":"Prepared","floor":3.0},{"not_picked":["Prepared","Blade Dance"],"picked":"Adrenaline","floor":5.0},{"not_picked":["Deflect","Quick Slash"],"picked":"PiercingWail","floor":7.0},{"not_picked":["Blade Dance","Acrobatics","Infinite Blades"],"picked":"SKIP","floor":13.0},{"not_picked":["Choke","Blade Dance"],"picked":"Blur","floor":14.0}],"player_experience":552831,"relics_obtained":[{"floor":9.0,"key":"HornCleat"},{"floor":14.0,"key":"The Specimen"}],"event_choices":[{"cards_removed":["Strike_G"],"damage_healed":0.0,"max_hp_gain":0.0,"max_hp_loss":0.0,"gold_gain":0.0,"event_name":"Golden Wing","player_choice":"Card Removal","floor":4.0,"gold_loss":0.0,"damage_taken":7.0},{"damage_healed":0.0,"max_hp_gain":0.0,"max_hp_loss":0.0,"gold_gain":150.0,"event_name":"Liars Game","player_choice":"AGREE","floor":8.0,"gold_loss":0.0,"damage_taken":0.0,"cards_obtained":["Doubt"]},{"damage_healed":0.0,"max_hp_gain":0.0,"max_hp_loss":6.0,"gold_gain":0.0,"event_name":"Golden Idol","player_choice":"Lose Max HP","floor":11.0,"gold_loss":0.0,"damage_taken":0.0,"relics_obtained":["Golden Idol"]}],"is_beta":false,"boss_relics":[],"items_purged_floors":[10],"is_endless":false,"potions_floor_spawned":[3,14],"killed_by":"Hexaghost","ascension_level":20}}