{"host":"wonp23fsqqcu31ie","time":1610022771,"event":{"mods":["2.2 Compatiblity","AchievementEnabler","Aspiration","BaseMod","Bestiary","Better Altar","Better Match","Better Sensory Stone","Better Skull","Better Third Choice","BetterRewards","Block Reminder","Colored Map","Colored Powertips","Conspire","Curses Come First","DeckTracker","Displayed Cursed Tome","Downfall","Evolution","Hermit","Highlight Path","Hubris","Marisa????????","Minty Spire (QoL Compilation)","Permanent Neow","Prisma Mod","Quick Restart","Rare Cards Sparkle","Relic Stats","Replay The Spire","Robot Space Explorer","Shade Mod","Shop Mod","StSLib","SuperFastMode","The Animator","The Bug Knight","The Construct","The Cursed","The Dragon Tamer","The Gatherer","The Marked","The Necromancer","The Runesmith","The Servant 0.9.4"],"gold_per_floor":[118,118,43,43,154,154,174,174,174,174,201,217,217,255,255,376,376,396,412,426,526,546,546,546,546],"floor_reached":24,"playtime":666,"items_purged":[],"score":338,"play_id":"8a871c08-f721-45a7-bc92-ee70f11ca2f9","local_time":"20210107233251","is_ascension_mode":true,"campfire_choices":[{"floor":6,"key":"REST"},{"floor":8,"key":"RECALL"},{"data":"Crippling Poison","floor":10,"key":"SMITH"},{"floor":15,"key":"REST"},{"floor":23,"key":"REST"}],"circlet_count":0,"master_deck":["Quick Slash","Quick Slash","Strike_G","Strike_G","Strike_G","Defend_G","Defend_G+1","Defend_G","Defend_G","Defend_G","Survivor","Neutralize","Poisoned Stab","ReplayTheSpireMod:Private Reserves+1","Crippling Poison+1","Replay:Bag of Tricks","Bullet Time","conspire:DoublingDagger","ReplayTheSpireMod:From All Sides","Deflect+1","Dodge and Roll","Slice+1","Burst","Replay:Poison Smokescreen"],"relics":["Ring of the Snake","EVO:Axolotl","Orichalcum","TungstenRod","Golden Idol","HollowMod:PaleOreRelic","Ancient Tea Set","Dream Catcher","Replay:Bottled Steam","SacredBark"],"acts_visited":["Exordium","TheCity"],"potions_floor_usage":[1,16,16,18],"damage_taken":[{"damage":0,"enemies":"Small Slimes","floor":1,"turns":5},{"damage":0,"enemies":"Cultist","floor":7,"turns":3},{"damage":0,"enemies":"Jaw Worm","floor":12,"turns":3},{"damage":9,"enemies":"3 Sentries","floor":14,"turns":8},{"damage":23,"enemies":"Fading Forest","floor":16,"turns":11},{"damage":4,"enemies":"3 Byrds","floor":18,"turns":5},{"damage":11,"enemies":"Shell Parasite","floor":19,"turns":5},{"damage":20,"enemies":"Snake Plant","floor":20,"turns":5},{"damage":20,"enemies":"Shelled Parasite and Fungi","floor":22,"turns":5},{"damage":38,"enemies":"Gremlin Leader","floor":24,"turns":5}],"seed_played":"4893308299109395928","potions_obtained":[{"floor":7,"key":"AttackPotion"},{"floor":14,"key":"Block Potion"},{"floor":16,"key":"BlessingOfTheForge"}],"is_trial":false,"path_per_floor":["M","?","?","$","?","R","M","R","T","R","T","M","?","E","R","B",null,"M","M","M","?","M","R","E"],"character_chosen":"THE_SILENT","items_purchased":["Orichalcum","Regen Potion"],"campfire_rested":3,"item_purchase_floors":[0,0],"current_hp_per_floor":[66,66,66,66,23,44,44,44,44,44,44,44,44,35,56,53,70,66,55,35,35,15,36,0,0],"gold":546,"neow_bonus":"","is_daily":false,"chose_seed":false,"campfire_upgraded":1,"win_rate":0.0,"timestamp":1610022771,"path_taken":["M","?","?","$","?","R","?","R","T","R","?","M","?","E","R","BOSS","M","M","?","?","?","R","E"],"items_purchased_type":["Relic","Potion"],"build_version":"2020-12-22","purchased_purges":0,"victory":false,"max_hp_per_floor":[70,70,70,70,70,70,70,70,70,70,70,70,70,70,70,70,70,70,70,70,70,70,70,70,70],"relic_stats":{"Dream Catcher":2,"counters":[34,166],"Golden Idol":53,"Orichalcum":[126],"obtain_stats":[{"MerchantsRug":22,"aspiration:Lifesprig":10,"Regal Pillow":25,"Tiny House":0,"aspiration:FetidBarrel":6,"Golden Idol":2,"SacredBark":17,"Vajra":3,"Blue Doll":9,"Eternal Feather":26,"conspire:SpecialSausage":34,"Juzu Bracelet":23,"EVO:Axolotl":0,"Orichalcum":0,"Ancient Tea Set":5,"Dream Catcher":11,"hubris:Stopwatch":17,"MutagenicStrength":31,"Membership Card":38,"HollowMod:PaleOreRelic":5,"TungstenRod":0,"Ring of the Snake":0,"Replay:Bottled Steam":14},{"MerchantsRug":12,"aspiration:Lifesprig":6,"Regal Pillow":15,"Tiny House":0,"aspiration:FetidBarrel":4,"Golden Idol":25,"SacredBark":29,"Vajra":1,"Blue Doll":5,"Eternal Feather":15,"conspire:SpecialSausage":19,"Juzu Bracelet":13,"EVO:Axolotl":0,"Orichalcum":24,"Ancient Tea Set":25,"Dream Catcher":26,"hubris:Stopwatch":10,"MutagenicStrength":18,"Membership Card":21,"HollowMod:PaleOreRelic":25,"TungstenRod":24,"Ring of the Snake":0,"Replay:Bottled Steam":28},{"MerchantsRug":55,"aspiration:Lifesprig":27,"Regal Pillow":73,"Tiny House":0,"aspiration:FetidBarrel":18,"Golden Idol":116,"SacredBark":141,"Vajra":5,"Blue Doll":22,"Eternal Feather":73,"conspire:SpecialSausage":91,"Juzu Bracelet":61,"EVO:Axolotl":0,"Orichalcum":111,"Ancient Tea Set":116,"Dream Catcher":119,"hubris:Stopwatch":47,"MutagenicStrength":86,"Membership Card":97,"HollowMod:PaleOreRelic":116,"TungstenRod":111,"Ring of the Snake":0,"Replay:Bottled Steam":130}],"TungstenRod":49,"Ring of the Snake":[20]},"card_choices":[{"not_picked":["Blur","Hidden Blade"],"picked":"Poisoned Stab","floor":1},{"not_picked":["Forethought+1","expansioncontent:Sear+1"],"picked":"ReplayTheSpireMod:Private Reserves+1","floor":3},{"not_picked":["Acrobatics","Outmaneuver"],"picked":"Crippling Poison","floor":7},{"not_picked":["conspire:PoisonWeapons","Backflip"],"picked":"Replay:Bag of Tricks","floor":12},{"not_picked":["Poisoned Stab","Dagger Spray"],"picked":"Bullet Time","floor":14},{"not_picked":["Dodge and Roll","Riddle With Holes"],"picked":"conspire:DoublingDagger","floor":15},{"not_picked":["Phantasmal Killer","Grand Finale"],"picked":"ReplayTheSpireMod:From All Sides","floor":16},{"not_picked":["Dodge and Roll","hubris:SlightOfHand"],"picked":"Deflect+1","floor":18},{"not_picked":["PiercingWail","Prepared"],"picked":"Dodge and Roll","floor":19},{"not_picked":["Leg Sweep","Calculated Gamble"],"picked":"Slice+1","floor":20},{"not_picked":["Expertise","PiercingWail"],"picked":"Burst","floor":22},{"not_picked":["Outmaneuver+1","Cloak And Dagger"],"picked":"Replay:Poison Smokescreen","floor":23}],"player_experience":481492,"relics_obtained":[{"floor":11,"key":"Dream Catcher"},{"floor":14,"key":"Replay:Bottled Steam"}],"event_choices":[{"damage_healed":0,"gold_gain":0,"player_choice":"Take Wound","damage_taken":0,"relics_obtained":["Golden Idol"],"max_hp_gain":0,"max_hp_loss":0,"event_name":"Golden Idol","floor":2,"gold_loss":0,"cards_obtained":["Injury"]},{"damage_healed":0,"gold_gain":0,"player_choice":"2","damage_taken":0,"max_hp_gain":0,"max_hp_loss":0,"event_name":"betterMatch:BetterMatch","floor":3,"gold_loss":0,"cards_obtained":["betterMatch:ColorlessUncommonCard"]},{"damage_healed":0,"gold_gain":111,"player_choice":"RE GO UP RE ","damage_taken":55,"relics_obtained":["HollowMod:PaleOreRelic","Ancient Tea Set"],"max_hp_gain":0,"max_hp_loss":0,"event_name":"betterSkull:BetterSkull","floor":5,"gold_loss":0,"cards_upgraded":["Defend_G"]},{"cards_removed":["Injury"],"damage_healed":0,"gold_gain":0,"player_choice":"Purged","damage_taken":0,"max_hp_gain":0,"max_hp_loss":0,"event_name":"Purifier","floor":13,"gold_loss":0},{"damage_healed":0,"gold_gain":100,"player_choice":"Pray","damage_taken":0,"max_hp_gain":0,"max_hp_loss":0,"event_name":"Golden Shrine","floor":21,"gold_loss":0}],"is_beta":false,"boss_relics":[{"not_picked":["hubris:Stopwatch","Ectoplasm"],"picked":"SacredBark"}],"items_purged_floors":[],"is_endless":false,"potions_floor_spawned":[7,14,16],"killed_by":"Gremlin Leader","ascension_level":3}}