{"host":"6azrrw3tf7wb0f4b","time":1610012361,"event":{"mods":["BaseMod","DeckTracker","Minty Spire (QoL Compilation)","SuperFastMode"],"gold_per_floor":[112,164,89,89,89,121,138,138,138,164,164,184,201,229,229,308,308,328,11,18,18,18],"floor_reached":21,"playtime":434,"items_purged":["Strike_R","Strike_R"],"score":392,"play_id":"e35151d8-839e-4846-8c92-e46afc09171d","local_time":"20210107183921","is_ascension_mode":true,"campfire_choices":[{"data":"Corruption","floor":11,"key":"SMITH"},{"data":"Carnage","floor":15,"key":"SMITH"}],"circlet_count":0,"master_deck":["AscendersBane","Strike_R","Strike_R","Strike_R","Defend_R","Defend_R+1","Defend_R","Defend_R","Bash","Clothesline+1","Carnage+1","Armaments+1","Corruption+1","Warcry","Power Through","Headbutt","Juggernaut","Feel No Pain","Shrug It Off","Wild Strike+1"],"relics":["Burning Blood","NeowsBlessing","Letter Opener","Sundial","HornCleat","Smiling Mask","Odd Mushroom","Black Star","ClockworkSouvenir"],"acts_visited":["Exordium","TheCity"],"potions_floor_usage":[10,16,21,21],"damage_taken":[{"damage":0,"enemies":"Small Slimes","floor":1,"turns":1},{"damage":0,"enemies":"Lagavulin","floor":6,"turns":2},{"damage":0,"enemies":"2 Louse","floor":7,"turns":1},{"damage":7,"enemies":"Gremlin Nob","floor":10,"turns":4},{"damage":0,"enemies":"Cultist","floor":12,"turns":4},{"damage":8,"enemies":"Blue Slaver","floor":13,"turns":3},{"damage":13,"enemies":"The Mushroom Lair","floor":14,"turns":4},{"damage":25,"enemies":"The Guardian","floor":16,"turns":8},{"damage":49,"enemies":"Shell Parasite","floor":18,"turns":9},{"damage":19,"enemies":"2 Thieves","floor":20,"turns":4},{"damage":28,"enemies":"Cultist and Chosen","floor":21,"turns":5}],"seed_played":"-3282303885228914417","potions_obtained":[{"floor":7,"key":"SkillPotion"},{"floor":13,"key":"ElixirPotion"},{"floor":14,"key":"AttackPotion"},{"floor":16,"key":"FairyPotion"},{"floor":20,"key":"PowerPotion"}],"is_trial":false,"path_per_floor":["M","?","$","?","?","E","M","?","T","E","R","M","M","?","R","B",null,"M","$","M","M"],"character_chosen":"IRONCLAD","items_purchased":["Feel No Pain","Shrug It Off","ClockworkSouvenir"],"campfire_rested":0,"item_purchase_floors":[19,19,19],"current_hp_per_floor":[74,74,74,51,25,31,37,37,37,36,36,42,40,33,33,14,60,17,17,28,0,0],"gold":18,"neow_bonus":"THREE_ENEMY_KILL","is_daily":false,"chose_seed":false,"campfire_upgraded":2,"win_rate":0.0,"timestamp":1610012361,"path_taken":["M","?","$","?","?","E","M","?","T","E","R","M","?","?","R","BOSS","M","$","M","M"],"items_purchased_type":["Card","Card","Relic"],"build_version":"2020-12-22","purchased_purges":2,"victory":false,"max_hp_per_floor":[75,75,75,75,75,75,75,75,75,75,75,75,75,75,75,75,75,75,75,75,75,75],"card_choices":[{"not_picked":["Headbutt","Havoc"],"picked":"Clothesline","floor":1},{"not_picked":["Dropkick","Spot Weakness"],"picked":"Carnage","floor":6},{"not_picked":["Burning Pact","Havoc"],"picked":"Armaments","floor":7},{"not_picked":["Iron Wave","Clash"],"picked":"Corruption","floor":10},{"not_picked":["Heavy Blade","Perfected Strike"],"picked":"Warcry","floor":12},{"not_picked":["Second Wind","Warcry"],"picked":"Power Through","floor":13},{"not_picked":["Perfected Strike","True Grit"],"picked":"Headbutt","floor":14},{"not_picked":["Berserk","Demon Form"],"picked":"Juggernaut","floor":16},{"not_picked":["Thunderclap","Flex","Anger"],"picked":"SKIP","floor":18},{"not_picked":["Flex","Iron Wave"],"picked":"Wild Strike+1","floor":20}],"player_experience":682060,"relics_obtained":[{"floor":6,"key":"Sundial"},{"floor":9,"key":"HornCleat"},{"floor":10,"key":"Smiling Mask"},{"floor":14,"key":"Odd Mushroom"}],"event_choices":[{"damage_healed":0,"gold_gain":52,"player_choice":"Gained Gold","damage_taken":0,"max_hp_gain":0,"max_hp_loss":0,"event_name":"Golden Wing","floor":2,"gold_loss":0},{"damage_healed":0,"gold_gain":0,"player_choice":"Entered Light","damage_taken":23,"max_hp_gain":0,"max_hp_loss":0,"event_name":"Shining Light","floor":4,"gold_loss":0,"cards_upgraded":["Defend_R","Clothesline"]},{"damage_healed":0,"gold_gain":0,"player_choice":"Success","damage_taken":26,"relics_obtained":["Letter Opener"],"max_hp_gain":0,"max_hp_loss":0,"event_name":"Scrap Ooze","floor":5,"gold_loss":0},{"damage_healed":0,"gold_gain":0,"player_choice":"Forge","damage_taken":0,"max_hp_gain":0,"max_hp_loss":0,"event_name":"Accursed Blacksmith","floor":8,"gold_loss":0,"cards_upgraded":["Armaments"]},{"damage_healed":0,"gold_gain":0,"player_choice":"Fought Mushrooms","damage_taken":0,"max_hp_gain":0,"max_hp_loss":0,"event_name":"Mushrooms","floor":14,"gold_loss":0}],"is_beta":false,"boss_relics":[{"not_picked":["SlaversCollar","Black Blood"],"picked":"Black Star"}],"items_purged_floors":[3,19],"is_endless":false,"potions_floor_spawned":[7,13,14,16,20],"killed_by":"Cultist and Chosen","ascension_level":17}}