{"host":"Ceyx","time":1610010496,"event":{"mods":["BaseMod","Beaked The Cultist","Better Third Choice","BetterRewards","Conspire","Downfall","Hermit","Hubris","Infinite Spire","Lobotomy","Minty Spire (QoL Compilation)","Replay The Spire","Shop Mod","StSLib","The Jungle","The Poker Player"],"gold_per_floor":[116,191,210,210,210,210,239,258,283,299,299,313,330,330,330,428,428,441,441,441,369,387,387,422,422,422],"floor_reached":25,"playtime":1260,"items_purged":[],"score":221,"play_id":"8e5e207a-9b99-4cb2-b98a-5e0a741c6404","local_time":"20210107160815","is_ascension_mode":false,"campfire_choices":[{"data":"hermit:Quickdraw","floor":6,"key":"SMITH"},{"data":"hermit:Glare","floor":15,"key":"SMITH"},{"data":"expansioncontent:CaCaw","floor":23,"key":"SMITH"}],"circlet_count":0,"master_deck":["hermit:Strike_Hermit","hermit:Strike_Hermit","hermit:Strike_Hermit","hermit:Strike_Hermit","hermit:Defend_Hermit","hermit:Defend_Hermit","hermit:Defend_Hermit","hermit:Snapshot","hermit:Covet","Dramatic Entrance","hermit:Quickdraw+1","hermit:Vantage","hermit:Deadeye","hermit:LuckOfTheDraw","hermit:Dive","Regret","Regret","infinitespire:NeuralNetwork+1","hermit:Glare+1","hermit:HighNoon","hermit:Misfire+1","Insight","expansioncontent:CaCaw+1","hermit:WideOpen+1","hermit:Misfire"],"relics":["hermit:Momento","Pen Nib","Bird Faced Urn","Boot","Cursed Key","conspire:GlowingRock"],"acts_visited":["Exordium","TheCity"],"potions_floor_usage":[12,16,16,22,25],"damage_taken":[{"damage":1,"enemies":"Jaw Worm","floor":1,"turns":2},{"damage":6,"enemies":"conspire:RoseBush","floor":3,"turns":2},{"damage":22,"enemies":"3 Sentries","floor":7,"turns":9},{"damage":0,"enemies":"infinitespire:Voidling","floor":8,"turns":2},{"damage":2,"enemies":"3 Louse","floor":10,"turns":2},{"damage":0,"enemies":"Blue Slaver","floor":12,"turns":1},{"damage":0,"enemies":"2 Fungi Beasts","floor":13,"turns":2},{"damage":5,"enemies":"Hexaghost","floor":16,"turns":9},{"damage":17,"enemies":"2 Thieves","floor":18,"turns":4},{"damage":0,"enemies":"3 Byrds","floor":22,"turns":3},{"damage":48,"enemies":"Slavers","floor":24,"turns":7},{"damage":6,"enemies":"Centurion and Healer","floor":25,"turns":1}],"seed_played":"549947731817070455","potions_obtained":[{"floor":1,"key":"DistilledChaos"},{"floor":7,"key":"Energy Potion"},{"floor":8,"key":"Fire Potion"},{"floor":12,"key":"champ:CounterPotion"},{"floor":22,"key":"Languid Potion"}],"is_trial":false,"path_per_floor":["M","?","M","?","?","R","E","M","T","M","?","M","M","?","R","B",null,"M","?","?","$","M","R","E","M"],"character_chosen":"HERMIT","items_purchased":["LiquidBronze"],"campfire_rested":0,"item_purchase_floors":[21],"current_hp_per_floor":[74,63,57,57,57,57,35,35,35,33,33,33,33,33,33,30,75,58,58,46,46,48,48,2,0,0],"gold":422,"neow_bonus":"RANDOM_COLORLESS","is_daily":false,"chose_seed":false,"campfire_upgraded":3,"win_rate":0.0,"timestamp":1610010495,"path_taken":["M","?","M","?","?","R","E","?","T","M","?","M","M","?","R","BOSS","M","?","?","$","M","R","E","?"],"items_purchased_type":["Potion"],"build_version":"2020-12-18","purchased_purges":0,"victory":false,"max_hp_per_floor":[75,75,75,75,75,75,75,75,75,75,75,75,75,75,75,75,75,75,75,75,75,75,75,75,75,75],"card_choices":[{"not_picked":["expansioncontent:Flail","PanicButton"],"picked":"Dramatic Entrance","floor":0},{"not_picked":["hermit:WideOpen","hermit:Feint"],"picked":"hermit:Quickdraw","floor":1},{"not_picked":["hermit:Misfire","hermit:Malice"],"picked":"hermit:Vantage","floor":3},{"not_picked":["hermit:Scavenge","hermit:ItchyTrigger"],"picked":"hermit:Deadeye","floor":7},{"not_picked":["hermit:CalledShot","hermit:Spite"],"picked":"hermit:LuckOfTheDraw","floor":8},{"not_picked":["hermit:LoneWolf","hermit:NoHoldsBarred"],"picked":"hermit:Dive","floor":10},{"not_picked":["hubris:Fate","infinitespire:Gouge"],"picked":"infinitespire:NeuralNetwork","floor":11},{"not_picked":["hermit:SprayPray","hermit:CalledShot","hermit:Misfire"],"picked":"SKIP","floor":12},{"not_picked":["hermit:Dissolve","hermit:Desperado"],"picked":"hermit:Glare","floor":13},{"not_picked":["hermit:FromBeyond","hermit:Roughhouse"],"picked":"hermit:HighNoon","floor":16},{"not_picked":["hermit:LoneWolf","hermit:BigShot"],"picked":"hermit:Misfire+1","floor":18},{"not_picked":["hermit:Maintenance","hermit:BodyArmor+1"],"picked":"hermit:WideOpen+1","floor":22},{"not_picked":["hermit:Roughhouse","hermit:FullyLoaded"],"picked":"hermit:Misfire","floor":24}],"player_experience":552912,"relics_obtained":[{"floor":4,"key":"Pen Nib"},{"floor":7,"key":"Bird Faced Urn"},{"floor":9,"key":"Boot"},{"floor":24,"key":"conspire:GlowingRock"}],"event_choices":[{"damage_healed":0,"gold_gain":75,"player_choice":"Gold","damage_taken":11,"max_hp_gain":0,"max_hp_loss":0,"event_name":"betterThird:BetterGoop","floor":2,"gold_loss":0},{"cards_removed":["hermit:Defend_Hermit"],"damage_healed":0,"gold_gain":0,"player_choice":"Offered Basic","damage_taken":0,"max_hp_gain":0,"max_hp_loss":0,"event_name":"Bonfire Elementals","floor":5,"gold_loss":0},{"damage_healed":0,"gold_gain":0,"player_choice":"Grow","damage_taken":0,"max_hp_gain":0,"max_hp_loss":0,"event_name":"Living Wall","floor":14,"gold_loss":0,"cards_upgraded":["infinitespire:NeuralNetwork"]},{"damage_healed":0,"gold_gain":0,"player_choice":"Insight","damage_taken":0,"max_hp_gain":0,"max_hp_loss":0,"event_name":"betterThird:BetterWriting","floor":19,"gold_loss":0,"cards_obtained":["Insight"]},{"damage_healed":0,"gold_gain":0,"player_choice":"CARD ","damage_taken":12,"max_hp_gain":0,"max_hp_loss":0,"event_name":"Knowing Skull","floor":20,"potions_obtained":[],"gold_loss":0,"cards_obtained":["expansioncontent:CaCaw"]}],"is_beta":true,"boss_relics":[{"not_picked":["Snecko Eye","Runic Dome"],"picked":"Cursed Key"}],"items_purged_floors":[],"is_endless":false,"potions_floor_spawned":[1,7,8,12,22],"killed_by":"Centurion and Healer","ascension_level":0}}