{"host":"sc0o2qwpf9j16a4i","time":1610022387,"event":{"mods":["AchievementEnabler","BaseMod","BetterRewards","Block Reminder","Colored Map","Colored Powertips","Custom Start","Highlight Path","Minty Spire (QoL Compilation)","Relic Stats"],"gold_per_floor":[153,153,153,167,180,180,211,234,234,253,269,295,338,358,358,448,448,468,487,4,29,29,29,44,44,99,99,123,123,123],"floor_reached":29,"playtime":930,"items_purged":[],"score":674,"play_id":"fd17d3d8-bd84-46f9-9f71-2dbe73a63390","local_time":"20210107142627","is_ascension_mode":true,"campfire_choices":[{"data":"Bash","floor":6.0,"key":"SMITH"},{"floor":15.0,"key":"REST"},{"data":"Ghostly","floor":23,"key":"SMITH"},{"floor":27,"key":"REST"}],"circlet_count":0,"master_deck":["AscendersBane","Strike_R","Strike_R","Strike_R","Strike_R","Strike_R","Defend_R","Defend_R","Defend_R","Defend_R","Bash+1","Inflame+1","Feel No Pain","Thunderclap","Headbutt","Wild Strike","Feed","Battle Trance","Flame Barrier","Dual Wield","Limit Break","Ghostly+1","Ghostly","Ghostly","Shrug It Off"],"relics":["Burning Blood","Tiny Chest","Toolbox","Golden Idol","Akabeko","Centennial Puzzle","Strawberry","Mercury Hourglass","Sozu","OrangePellets","TungstenRod","PreservedInsect","Anchor"],"acts_visited":["Exordium","TheCity"],"potions_floor_usage":[24],"damage_taken":[{"damage":10.0,"enemies":"Small Slimes","floor":1.0,"turns":4.0},{"damage":13.0,"enemies":"2 Louse","floor":4.0,"turns":3.0},{"damage":0.0,"enemies":"Jaw Worm","floor":5.0,"turns":3.0},{"damage":23.0,"enemies":"3 Sentries","floor":7.0,"turns":5.0},{"damage":20.0,"enemies":"3 Louse","floor":8.0,"turns":4.0},{"damage":10.0,"enemies":"Lots of Slimes","floor":10.0,"turns":3.0},{"damage":0.0,"enemies":"Large Slime","floor":11.0,"turns":4.0},{"damage":8.0,"enemies":"Gremlin Nob","floor":13.0,"turns":3.0},{"damage":5.0,"enemies":"Blue Slaver","floor":14.0,"turns":5.0},{"damage":34.0,"enemies":"Slime Boss","floor":16.0,"turns":11.0},{"damage":22.0,"enemies":"2 Thieves","floor":18.0,"turns":4.0},{"damage":6.0,"enemies":"Spheric Guardian","floor":19.0,"turns":5.0},{"damage":19,"enemies":"3 Cultists","floor":21,"turns":4},{"damage":42,"enemies":"Snecko","floor":24,"turns":7},{"damage":22,"enemies":"Gremlin Leader","floor":29,"turns":4}],"seed_played":"6462899573852101428","potions_obtained":[{"floor":1.0,"key":"Dexterity Potion"},{"floor":5.0,"key":"ColorlessPotion"},{"floor":11.0,"key":"Fire Potion"},{"floor":14.0,"key":"Weak Potion"}],"is_trial":false,"path_per_floor":["M","?","?","M","M","R","E","M","T","M","M","T","E","M","R","B",null,"M","M","$","M","?","R","M","?","T","R","T","E"],"character_chosen":"IRONCLAD","items_purchased":["Tiny Chest","Inflame","Toolbox","OrangePellets","TungstenRod"],"campfire_rested":2,"item_purchase_floors":[0,0,0,20,20],"current_hp_per_floor":[44,44,44,37,43,43,26,12,12,8,14,21,22,26,50,22,66,53,53,53,43,43,43,7,7,7,19,19,0,0],"gold":123,"neow_bonus":"","is_daily":false,"chose_seed":false,"campfire_upgraded":2,"win_rate":0.0,"timestamp":1610022387,"path_taken":["M","?","?","M","M","R","E","?","T","M","M","?","E","M","R","BOSS","M","M","?","M","?","R","M","?","T","R","?","E"],"items_purchased_type":["Relic","Card","Relic","Relic","Relic"],"build_version":"2020-12-22","purchased_purges":0,"victory":false,"max_hp_per_floor":[75,68,68,68,68,68,68,68,68,68,68,75,78,81,81,81,81,84,84,84,87,43,43,43,43,43,43,43,43,43],"relic_stats":{"Sozu":2,"OrangePellets":[4],"Centennial Puzzle":[78],"counters":[58,275],"Golden Idol":75,"Tiny Chest":2,"PreservedInsect":46,"obtain_stats":[{"Mango":11,"Bag of Preparation":6,"Sling":14,"Smiling Mask":24,"Empty Cage":34,"Burning Blood":0,"Sozu":17,"Nunchaku":9,"Dream Catcher":8,"Centennial Puzzle":9,"Mummified Hand":46,"Strawberry":12,"Toolbox":42,"MealTicket":7,"Tiny Chest":0,"InkBottle":9,"Golden Idol":2,"Dead Branch":0,"Eternal Feather":47,"PreservedInsect":11,"Omamori":0,"Frozen Egg 2":9,"Orichalcum":22,"Medical Kit":47,"Akabeko":7,"Mercury Hourglass":26,"OrangePellets":0,"CaptainsWheel":37,"Anchor":28,"Snecko Eye":17,"Black Star":17,"Art of War":19,"Bag of Marbles":42,"StrikeDummy":29,"TungstenRod":20},{"Mango":19,"Bag of Preparation":17,"Sling":7,"Smiling Mask":23,"Empty Cage":26,"Burning Blood":0,"Sozu":53,"Nunchaku":5,"Dream Catcher":18,"Centennial Puzzle":48,"Mummified Hand":32,"Strawberry":50,"Toolbox":30,"MealTicket":4,"Tiny Chest":43,"InkBottle":38,"Golden Idol":44,"Dead Branch":33,"Eternal Feather":32,"PreservedInsect":6,"Omamori":33,"Frozen Egg 2":18,"Orichalcum":22,"Medical Kit":32,"Akabeko":47,"Mercury Hourglass":23,"OrangePellets":33,"CaptainsWheel":28,"Anchor":57,"Snecko Eye":21,"Black Star":8,"Art of War":9,"Bag of Marbles":30,"StrikeDummy":24,"TungstenRod":55},{"Mango":83,"Bag of Preparation":71,"Sling":29,"Smiling Mask":106,"Empty Cage":124,"Burning Blood":0,"Sozu":251,"Nunchaku":23,"Dream Catcher":77,"Centennial Puzzle":226,"Mummified Hand":151,"Strawberry":233,"Toolbox":140,"MealTicket":18,"Tiny Chest":207,"InkBottle":178,"Golden Idol":211,"Dead Branch":155,"Eternal Feather":151,"PreservedInsect":27,"Omamori":155,"Frozen Egg 2":77,"Orichalcum":101,"Medical Kit":151,"Akabeko":222,"Mercury Hourglass":106,"OrangePellets":155,"CaptainsWheel":131,"Anchor":271,"Snecko Eye":98,"Black Star":36,"Art of War":40,"Bag of Marbles":140,"StrikeDummy":111,"TungstenRod":260}],"Burning Blood":324,"TungstenRod":10,"Mercury Hourglass":[157]},"card_choices":[{"not_picked":["Pommel Strike","Twin Strike"],"picked":"Feel No Pain","floor":1.0},{"not_picked":["Rage","Havoc"],"picked":"Thunderclap","floor":4.0},{"not_picked":["Cleave","Clash"],"picked":"Headbutt","floor":5.0},{"not_picked":["Warcry","Reckless Charge","Rupture"],"picked":"SKIP","floor":7.0},{"not_picked":["Warcry","Armaments"],"picked":"Wild Strike","floor":8.0},{"not_picked":["Clash","Seeing Red"],"picked":"Feed","floor":10.0},{"not_picked":["Disarm","Intimidate"],"picked":"Battle Trance","floor":11.0},{"not_picked":["Twin Strike","Dark Embrace"],"picked":"Flame Barrier","floor":13.0},{"not_picked":["Sever Soul","Sword Boomerang"],"picked":"Dual Wield","floor":14.0},{"not_picked":["Exhume","Berserk"],"picked":"Limit Break","floor":16.0},{"not_picked":["Infernal Blade","Hemokinesis","Rupture"],"picked":"SKIP","floor":18.0},{"not_picked":["Wild Strike","Anger","Pummel+1"],"picked":"SKIP","floor":19},{"not_picked":["Hemokinesis","Warcry","Cleave"],"picked":"SKIP","floor":21},{"not_picked":["Anger","Twin Strike"],"picked":"Shrug It Off","floor":24}],"player_experience":568302,"relics_obtained":[{"floor":7.0,"key":"Akabeko"},{"floor":9.0,"key":"Centennial Puzzle"},{"floor":12.0,"key":"Strawberry"},{"floor":13.0,"key":"Mercury Hourglass"},{"floor":26,"key":"PreservedInsect"},{"floor":28,"key":"Anchor"}],"event_choices":[{"damage_healed":0.0,"max_hp_gain":0.0,"max_hp_loss":7.0,"gold_gain":0.0,"event_name":"Golden Idol","player_choice":"Lose Max HP","floor":2.0,"gold_loss":0.0,"damage_taken":0.0,"relics_obtained":["Golden Idol"]},{"damage_healed":0.0,"max_hp_gain":0.0,"max_hp_loss":0.0,"gold_gain":0.0,"event_name":"Living Wall","player_choice":"Grow","floor":3.0,"gold_loss":0.0,"damage_taken":0.0,"cards_upgraded":["Inflame"]},{"damage_healed":0,"gold_gain":0,"player_choice":"Became a Ghost","damage_taken":0,"max_hp_gain":0,"max_hp_loss":44,"event_name":"Ghosts","floor":22,"gold_loss":0,"cards_obtained":["Ghostly","Ghostly","Ghostly"]},{"damage_healed":0,"gold_gain":0,"player_choice":"Ignored","damage_taken":0,"max_hp_gain":0,"max_hp_loss":0,"event_name":"Cursed Tome","floor":25,"gold_loss":0}],"is_beta":false,"boss_relics":[{"not_picked":["Busted Crown","Tiny House"],"picked":"Sozu"}],"items_purged_floors":[],"is_endless":false,"potions_floor_spawned":[1,5,11,14,21,24],"killed_by":"Gremlin Leader","ascension_level":20}}