{"host":"p4yrwepmrl4g8pul","time":1610008656,"event":{"mods":["Act Like it!","BaseMod","BetterRewards","Colored Map","Custom Start","Gensokyo","Marisa（F雨　魔理沙）","Minty Spire (QoL Compilation)","Quick Restart","Rare Cards Sparkle","Reimu（博丽灵梦）","Remilia（蕾米莉亚）","Remove Card Discount Mod","Shop Mod","StSLib","The Jungle","Thieving Mod"],"gold_per_floor":[118,12,29,29,29,29,36,50,50,17,17,17,43,43,43,170,170,194,194,188,213,290,321,321,321,321,318,354,474,518,538,538,663,663,674,1673,1673,1667,1667,1705,1160,1190,1190,1221,1221,1221,1236,1257,1257,1254],"floor_reached":51,"playtime":2519,"items_purged":["Transmutation","The Bomb","PanicButton","Strike_R","Strike_R","Strike_R","Strike_R","Strike_R","Defend_R","Defend_R","Poor:ReiMu","Enlightenment","Wild Strike","Bash+1","Writhe","Thunderclap","Apotheosis+1","Normality","Normality","Evolve+1"],"score":1259,"play_id":"9abc8dc6-4957-49cf-81e8-deac2e8647b1","local_time":"20210107163736","daily_mods":["Allstar","Colorless Cards","Binary"],"is_ascension_mode":true,"campfire_choices":[{"data":"Apotheosis","floor":6.0,"key":"SMITH"},{"data":"Deep Breath","floor":12.0,"key":"SMITH"},{"data":"Swift Strike","floor":15.0,"key":"SMITH"},{"data":"Defend_R","floor":24.0,"key":"SMITH"},{"data":"Body Slam","floor":32.0,"key":"SMITH"},{"data":"Madness","floor":45,"key":"SMITH"},{"floor":49,"key":"DIG"}],"circlet_count":0,"master_deck":["Defend_R+1","Defend_R+1","Swift Strike+1","Deep Breath+1","Body Slam+1","Shrug It Off+1","Body Slam+1","Madness","Madness+1","Master of Strategy"],"relics":["Black Blood","YidongShenshe:ReiMu","Ice Cream","Self Forming Clay","Golden Idol","Dream Catcher","Philosopher\u0027s Stone","Shovel","Ornamental Fan","Toy Ornithopter","Ninja Scroll","Oddly Smooth Stone","Mummified Hand","ScarletDevilRocket","TheAbacus","Eternal Feather","Nunchaku","Tea:ReiMu","Question Card","Gambling Chip","Bronze Scales"],"acts_visited":["Exordium","Exordium","TheBeyond"],"potions_floor_usage":[50,50,50],"damage_taken":[{"damage":0.0,"enemies":"Small Slimes","floor":1.0,"turns":2.0},{"damage":0.0,"enemies":"Cultist","floor":3.0,"turns":3.0},{"damage":14.0,"enemies":"3 Sentries","floor":7.0,"turns":7.0},{"damage":1.0,"enemies":"2 Louse","floor":8.0,"turns":2.0},{"damage":2.0,"enemies":"Hexaghost","floor":16.0,"turns":7.0},{"damage":0.0,"enemies":"theJungle:Flameango_and_Byrd","floor":18.0,"turns":3.0},{"damage":0.0,"enemies":"theJungle:MUSHROOMGANG","floor":21.0,"turns":3.0},{"damage":10.0,"enemies":"theJungle:2_Phrogs","floor":23.0,"turns":5.0},{"damage":12.0,"enemies":"JungleHuntersEvent","floor":27.0,"turns":5.0},{"damage":0.0,"enemies":"theJungle:MamaSnecko","floor":28.0,"turns":2.0},{"damage":0.0,"enemies":"theJungle:2_Phrogs","floor":30.0,"turns":3.0},{"damage":0.0,"enemies":"Snake Plant","floor":31.0,"turns":2.0},{"damage":0.0,"enemies":"theJungle:FunGuy","floor":33.0,"turns":4.0},{"damage":0.0,"enemies":"3 Darklings","floor":35.0,"turns":2.0},{"damage":0.0,"enemies":"Reptomancer","floor":40.0,"turns":3.0},{"damage":0.0,"enemies":"Nemesis","floor":42.0,"turns":1.0},{"damage":0.0,"enemies":"Giant Head","floor":44.0,"turns":2.0},{"damage":0,"enemies":"3 Shapes","floor":47,"turns":1},{"damage":0,"enemies":"Spire Growth","floor":48,"turns":1},{"damage":0,"enemies":"Time Eater","floor":50,"turns":2}],"seed_played":"6504987797975864020","potions_obtained":[{"floor":3.0,"key":"GrandPatriotsElixir:ReiMu"},{"floor":8.0,"key":"Dexterity Potion"},{"floor":28.0,"key":"SpeedPotion"},{"floor":33.0,"key":"Ancient Potion"},{"floor":40.0,"key":"ColorlessPotion"}],"is_trial":true,"path_per_floor":["M","$","M","?","?","R","E","M","T","$","?","R","T","?","R","B",null,"M","?","$","M","T","E","R","?","T","?","E","?","E","M","R","B",null,"M","?","?","$","?","E","$","E","T","E","R","?","M","M","R","B",null],"character_chosen":"IRONCLAD","items_purchased":["Enlightenment","Body Slam","TheAbacus","Eternal Feather","Nunchaku"],"campfire_rested":0,"item_purchase_floors":[2,10,41,41,41],"current_hp_per_floor":[80,80,80,80,64,64,56,61,61,61,41,41,41,41,41,45,80,80,80,80,80,80,76,76,71,71,65,71,59,65,71,71,77,85,85,85,74,74,74,85,85,85,85,85,85,85,85,85,85,85],"gold":1254,"neow_bonus":"","is_daily":false,"chose_seed":false,"campfire_upgraded":6,"win_rate":0.0,"timestamp":1610008656,"path_taken":["M","$","M","?","?","R","E","M","T","$","?","R","?","?","R","BOSS","M","?","$","M","?","E","R","?","T","?","E","?","E","M","R","BOSS","M","?","?","$","?","E","$","E","T","E","R","?","?","M","R","BOSS"],"items_purchased_type":["Card","Card","Relic","Relic","Relic"],"build_version":"2020-12-22","purchased_purges":20,"victory":true,"max_hp_per_floor":[80,80,80,80,80,80,80,80,80,80,80,80,80,80,80,80,80,80,80,80,80,80,80,80,85,85,85,85,85,85,85,85,85,85,85,85,85,85,85,85,85,85,85,85,85,85,85,85,85,85],"card_choices":[{"not_picked":["Purity"],"picked":"Wild Strike","floor":1.0},{"not_picked":["Warcry","Metallicize"],"picked":"SKIP","floor":3.0},{"not_picked":["Warcry"],"picked":"Thunderclap","floor":7.0},{"not_picked":["Thunderclap"],"picked":"Deep Breath","floor":8.0},{"not_picked":["Burning Pact"],"picked":"Thunderclap+1","floor":18.0},{"not_picked":["Flex","Wild Strike+1"],"picked":"SKIP","floor":21.0},{"not_picked":["Armaments","Iron Wave"],"picked":"SKIP","floor":23.0},{"not_picked":["Wild Strike+1"],"picked":"Shrug It Off+1","floor":27.0},{"not_picked":["Transmutation","Flex"],"picked":"SKIP","floor":28.0},{"not_picked":["Battle Trance"],"picked":"Evolve+1","floor":30.0},{"not_picked":["Armaments"],"picked":"Body Slam","floor":31.0},{"not_picked":["Armaments","Rage+1"],"picked":"SKIP","floor":35.0},{"not_picked":["Inflame+1"],"picked":"Master of Strategy","floor":40.0},{"not_picked":["Headbutt","Body Slam+1"],"picked":"SKIP","floor":42.0},{"not_picked":["Dark Shackles+1","Shockwave+1","Warcry+1"],"picked":"SKIP","floor":44.0},{"not_picked":["Flex","Clash","Hemokinesis+1"],"picked":"SKIP","floor":47},{"not_picked":["Forethought+1","Power Through+1","Reckless Charge"],"picked":"SKIP","floor":48}],"player_experience":784921,"relics_obtained":[{"floor":7.0,"key":"Ice Cream"},{"floor":9.0,"key":"Self Forming Clay"},{"floor":13.0,"key":"Dream Catcher"},{"floor":22.0,"key":"Ornamental Fan"},{"floor":23.0,"key":"Toy Ornithopter"},{"floor":27.0,"key":"Ninja Scroll"},{"floor":28.0,"key":"Oddly Smooth Stone"},{"floor":30.0,"key":"Mummified Hand"},{"floor":40.0,"key":"ScarletDevilRocket"},{"floor":42.0,"key":"Tea:ReiMu"},{"floor":43.0,"key":"Question Card"},{"floor":44.0,"key":"Gambling Chip"},{"floor":49,"key":"Bronze Scales"}],"event_choices":[{"damage_healed":0.0,"max_hp_gain":0.0,"max_hp_loss":0.0,"gold_gain":0.0,"event_name":"yidonshenshe","player_choice":"带走神社","floor":4.0,"gold_loss":0.0,"damage_taken":0.0,"relics_obtained":["YidongShenshe:ReiMu"],"cards_obtained":["Poor:ReiMu"]},{"damage_healed":0.0,"max_hp_gain":0.0,"max_hp_loss":0.0,"gold_gain":0.0,"event_name":"Shining Light","player_choice":"Entered Light","floor":5.0,"gold_loss":0.0,"damage_taken":16.0,"cards_upgraded":["Bash","Defend_R"]},{"damage_healed":0.0,"max_hp_gain":0.0,"max_hp_loss":0.0,"gold_gain":0.0,"event_name":"Golden Idol","player_choice":"Take Damage","floor":11.0,"gold_loss":0.0,"damage_taken":20.0,"relics_obtained":["Golden Idol"]},{"damage_healed":0.0,"max_hp_gain":0.0,"max_hp_loss":0.0,"gold_gain":0.0,"event_name":"Living Wall","player_choice":"Grow","floor":14.0,"gold_loss":0.0,"damage_taken":0.0,"cards_upgraded":["Body Slam"]},{"damage_healed":0.0,"max_hp_gain":0.0,"max_hp_loss":0.0,"gold_gain":999.0,"event_name":"MindBloom","player_choice":"Gold","floor":36.0,"gold_loss":0.0,"damage_taken":0.0,"cards_obtained":["Normality","Normality"]},{"damage_healed":0.0,"max_hp_gain":0.0,"max_hp_loss":0.0,"gold_gain":0.0,"event_name":"Winding Halls","player_choice":"Embrace Madness","floor":37.0,"gold_loss":0.0,"damage_taken":11.0,"cards_obtained":["Madness","Madness"]},{"cards_removed":["Thunderclap"],"damage_healed":0.0,"max_hp_gain":0.0,"max_hp_loss":0.0,"gold_gain":0.0,"event_name":"Falling","player_choice":"Removed Attack","floor":39.0,"gold_loss":0.0,"damage_taken":0.0},{"damage_healed":0,"gold_gain":0,"player_choice":"0 cards matched","damage_taken":0,"max_hp_gain":0,"max_hp_loss":0,"event_name":"Match and Keep!","floor":46,"gold_loss":0,"cards_obtained":[]}],"is_beta":false,"boss_relics":[{"not_picked":["Black Star","Velvet Choker"],"picked":"Philosopher\u0027s Stone"},{"not_picked":["RedLine:ReiMu","Tiny House"],"picked":"Black Blood"}],"items_purged_floors":[2,2,2,2,2,2,2,2,2,2,10,10,10,10,20,20,20,38,38,38],"is_endless":false,"potions_floor_spawned":[3,8,28,33,40,44,47],"ascension_level":3}}