{"host":"ktoxvvst1mwxww91","time":1610001643,"event":{"mods":["BaseMod","Hermit","Minty Spire (QoL Compilation)","StSLib","The Hierophant","The Mystic","The Necromancer"],"gold_per_floor":[116,116,137,19,34,50,50,388,465,508,533,533,608,29,29,123,123,148,167,42,42,85,85,85,98,98,98,98,98,98],"floor_reached":29,"playtime":845,"items_purged":["Strike_B","Defend_B","Defend_B"],"score":520,"play_id":"f454ef66-5d30-4124-996f-f379bee7264d","local_time":"20210107074043","is_ascension_mode":true,"campfire_choices":[{"data":"Defragment","floor":7,"key":"SMITH"},{"floor":12,"key":"REST"},{"floor":15,"key":"REST"},{"floor":23,"key":"REST"},{"floor":28,"key":"REST"}],"circlet_count":0,"master_deck":["AscendersBane","Strike_B","Strike_B","Strike_B","Defend_B","Defend_B","Zap","Dualcast","Thunder Strike","Leap","Hologram","Defragment+1","Leap","Storm","Ball Lightning","Undo","Storm","Force Field","Undo","Fission","Defragment","Hologram","Ball Lightning+1","Leap"],"relics":["Cracked Core","Golden Idol","Old Coin","White Beast Statue","MealTicket","Molten Egg 2","Velvet Choker","Red Mask","Kunai","Centennial Puzzle"],"acts_visited":["Exordium","TheCity"],"potions_floor_usage":[5,8,16,18,18,19,22,25,29],"damage_taken":[{"damage":2,"enemies":"Jaw Worm","floor":1,"turns":3},{"damage":1,"enemies":"2 Louse","floor":3,"turns":4},{"damage":0,"enemies":"Small Slimes","floor":5,"turns":1},{"damage":3,"enemies":"3 Louse","floor":6,"turns":4},{"damage":19,"enemies":"Lagavulin","floor":8,"turns":5},{"damage":37,"enemies":"3 Sentries","floor":10,"turns":10},{"damage":0,"enemies":"Looter","floor":11,"turns":3},{"damage":0,"enemies":"Slime Boss","floor":16,"turns":5},{"damage":18,"enemies":"2 Thieves","floor":18,"turns":4},{"damage":23,"enemies":"Shell Parasite","floor":19,"turns":7},{"damage":28,"enemies":"Masked Bandits","floor":22,"turns":5},{"damage":15,"enemies":"Centurion and Healer","floor":25,"turns":6},{"damage":49,"enemies":"Slavers","floor":29,"turns":4}],"seed_played":"4614638091939431054","potions_obtained":[{"floor":3,"key":"PowerPotion"},{"floor":5,"key":"SkillPotion"},{"floor":10,"key":"FearPotion"},{"floor":11,"key":"PowerPotion"},{"floor":16,"key":"LiquidBronze"},{"floor":18,"key":"Fruit Juice"},{"floor":19,"key":"EssenceOfDarkness"},{"floor":22,"key":"EssenceOfSteel"},{"floor":25,"key":"FearPotion"}],"is_trial":false,"path_per_floor":["M","?","M","$","M","M","R","E","T","E","M","R","?","$","R","B",null,"M","M","$","?","?","R","?","M","T","T","R","E"],"character_chosen":"DEFECT","items_purchased":["Defragment","Storm","Force Field","Molten Egg 2","Undo"],"campfire_rested":4,"item_purchase_floors":[4,14,14,14,14],"current_hp_per_floor":[62,62,61,61,61,58,58,39,39,2,2,21,10,25,44,44,59,46,23,38,38,10,30,30,15,15,15,35,0,0],"gold":98,"neow_bonus":"ONE_RANDOM_RARE_CARD","is_daily":false,"chose_seed":false,"campfire_upgraded":1,"win_rate":0.0,"timestamp":1610001643,"path_taken":["M","?","M","$","M","M","R","E","T","E","M","R","?","$","R","BOSS","M","M","$","?","?","R","?","M","T","?","R","E"],"items_purchased_type":["Card","Card","Card","Relic","Card"],"build_version":"2020-12-22","purchased_purges":3,"victory":false,"max_hp_per_floor":[71,64,64,64,64,64,64,64,64,64,64,64,64,64,64,64,64,69,69,69,69,69,69,69,69,69,69,69,69,69],"card_choices":[{"not_picked":["Go for the Eyes","Sunder"],"picked":"Leap","floor":1},{"not_picked":["Streamline","Beam Cell"],"picked":"Hologram","floor":3},{"not_picked":["Redo","Rebound"],"picked":"Leap","floor":5},{"not_picked":["Meteor Strike","Compile Driver"],"picked":"Storm","floor":6},{"not_picked":["Streamline","Rebound","Meteor Strike"],"picked":"SKIP","floor":8},{"not_picked":["Doom and Gloom","Stack"],"picked":"Ball Lightning","floor":10},{"not_picked":["Hologram","Beam Cell"],"picked":"Undo","floor":11},{"not_picked":["Thunder Strike+1","Creative AI"],"picked":"Fission","floor":16},{"not_picked":["Gash+1","Go for the Eyes+1"],"picked":"Defragment","floor":18},{"not_picked":["Blizzard+1","Cold Snap+1"],"picked":"Hologram","floor":19},{"not_picked":["Streamline+1","Compile Driver+1"],"picked":"Ball Lightning+1","floor":22},{"not_picked":["Steam","Skim+1"],"picked":"Leap","floor":25}],"player_experience":979965,"relics_obtained":[{"floor":8,"key":"Old Coin"},{"floor":9,"key":"White Beast Statue"},{"floor":10,"key":"MealTicket"},{"floor":22,"key":"Red Mask"},{"floor":26,"key":"Kunai"},{"floor":27,"key":"Centennial Puzzle"}],"event_choices":[{"damage_healed":0,"gold_gain":0,"player_choice":"Lose Max HP","damage_taken":0,"relics_obtained":["Golden Idol"],"max_hp_gain":0,"max_hp_loss":7,"event_name":"Golden Idol","floor":2,"gold_loss":0},{"damage_healed":0,"gold_gain":75,"player_choice":"Gather Gold","damage_taken":11,"max_hp_gain":0,"max_hp_loss":0,"event_name":"World of Goop","floor":13,"gold_loss":0},{"damage_healed":0,"gold_gain":0,"player_choice":"Ignored","damage_taken":0,"max_hp_gain":0,"max_hp_loss":0,"event_name":"Ghosts","floor":21,"gold_loss":0},{"damage_healed":0,"gold_gain":0,"player_choice":"Fought Bandits","damage_taken":0,"max_hp_gain":0,"max_hp_loss":0,"event_name":"Masked Bandits","floor":22,"gold_loss":0},{"damage_healed":0,"gold_gain":0,"player_choice":"Ignored","damage_taken":0,"max_hp_gain":0,"max_hp_loss":0,"event_name":"Cursed Tome","floor":24,"gold_loss":0}],"is_beta":false,"boss_relics":[{"not_picked":["Runic Dome","Coffee Dripper"],"picked":"Velvet Choker"}],"items_purged_floors":[4,14,20],"is_endless":false,"potions_floor_spawned":[3,5,10,11,16,18,19,22,25],"killed_by":"Slavers","ascension_level":17}}