{"host":"f8toxsj3bk02pkeu","time":1610027059,"event":{"mods":["BaseMod","Minty Spire (QoL Compilation)","Permanent Neow","Quick Restart","StSLib","SuperFastMode"],"gold_per_floor":[113,113,128,34,45,75,90,100,100,100,126,143,143,155,155,155,155],"floor_reached":16,"playtime":400,"items_purged":[],"score":228,"play_id":"b1cfe49a-27a4-4978-a839-a6be48b6e24e","local_time":"20210107064419","is_ascension_mode":true,"campfire_choices":[{"data":"Spot Weakness","floor":10,"key":"SMITH"},{"floor":13,"key":"REST"},{"data":"Pommel Strike","floor":15,"key":"SMITH"}],"circlet_count":0,"master_deck":["AscendersBane","Strike_R","Strike_R","Strike_R","Strike_R","Defend_R","Defend_R","Defend_R","Defend_R","Bash","Pommel Strike+1","Spot Weakness+1","Flash of Steel","Shrug It Off","Shrug It Off","Battle Trance","Rampage"],"relics":["Burning Blood","NeowsBlessing","Paper Frog","Darkstone Periapt","MealTicket"],"acts_visited":["Exordium"],"potions_floor_usage":[8,11,11],"damage_taken":[{"damage":0,"enemies":"Jaw Worm","floor":1,"turns":1},{"damage":0,"enemies":"Cultist","floor":3,"turns":1},{"damage":0,"enemies":"Small Slimes","floor":5,"turns":1},{"damage":57,"enemies":"Lagavulin","floor":6,"turns":8},{"damage":5,"enemies":"Blue Slaver","floor":7,"turns":4},{"damage":1,"enemies":"Exordium Thugs","floor":8,"turns":4},{"damage":29,"enemies":"Gremlin Nob","floor":11,"turns":4},{"damage":5,"enemies":"Red Slaver","floor":12,"turns":5},{"damage":0,"enemies":"3 Louse","floor":14,"turns":3},{"damage":46,"enemies":"Slime Boss","floor":16,"turns":7}],"seed_played":"-141191686487945210","potions_obtained":[{"floor":1,"key":"GamblersBrew"},{"floor":3,"key":"SneckoOil"},{"floor":7,"key":"Explosive Potion"},{"floor":8,"key":"Fire Potion"}],"is_trial":false,"path_per_floor":["M","?","M","$","M","E","M","M","T","R","E","M","R","M","R","B"],"character_chosen":"IRONCLAD","items_purchased":["Flash of Steel"],"campfire_rested":1,"item_purchase_floors":[4],"current_hp_per_floor":[74,74,75,75,75,24,25,30,30,30,7,8,30,36,36,0,0],"gold":155,"neow_bonus":"THREE_ENEMY_KILL","is_daily":false,"chose_seed":false,"campfire_upgraded":2,"win_rate":0.0,"timestamp":1610027059,"path_taken":["M","?","?","$","?","E","M","M","T","R","E","M","R","M","R","BOSS"],"items_purchased_type":["Card"],"build_version":"2020-12-22","purchased_purges":0,"victory":false,"max_hp_per_floor":[75,75,75,75,75,75,75,75,75,75,75,75,75,75,75,75,75],"card_choices":[{"not_picked":["Dual Wield","Dropkick"],"picked":"Pommel Strike","floor":1},{"not_picked":["Iron Wave","True Grit"],"picked":"Spot Weakness","floor":3},{"not_picked":["Evolve","Hemokinesis"],"picked":"Shrug It Off","floor":5},{"not_picked":["Dark Embrace","Headbutt","Clothesline"],"picked":"SKIP","floor":6},{"not_picked":["Whirlwind","Heavy Blade"],"picked":"Shrug It Off","floor":7},{"not_picked":["Dropkick","Bludgeon"],"picked":"Battle Trance","floor":8},{"not_picked":["Bloodletting","Anger"],"picked":"Rampage","floor":11},{"not_picked":["Havoc","Headbutt","Perfected Strike"],"picked":"SKIP","floor":12},{"not_picked":["Anger","Inflame","Shrug It Off"],"picked":"SKIP","floor":14}],"player_experience":956857,"relics_obtained":[{"floor":6,"key":"Paper Frog"},{"floor":9,"key":"Darkstone Periapt"},{"floor":11,"key":"MealTicket"}],"event_choices":[{"cards_removed":["Strike_R"],"damage_healed":0,"gold_gain":0,"player_choice":"Purged","damage_taken":0,"max_hp_gain":0,"max_hp_loss":0,"event_name":"Purifier","floor":2,"gold_loss":0}],"is_beta":false,"boss_relics":[],"items_purged_floors":[],"is_endless":false,"potions_floor_spawned":[1,3,7,8],"killed_by":"Slime Boss","ascension_level":20}}