{"host":"wap9tdlvdoka6bjt","time":1610037819,"event":{"mods":["BaseMod","Block Reminder","DeckTracker","Highlight Path","Minty Spire (QoL Compilation)","Relic Stats"],"gold_per_floor":[117,117,192,205,205,239,239,272,272,272,272,313,313,331,331,331,331],"floor_reached":16,"playtime":391,"items_purged":[],"score":204,"play_id":"9a99839e-3674-42b4-a68a-f51ab40df827","local_time":"20210107114339","is_ascension_mode":true,"campfire_choices":[{"data":"Glass Knife","floor":7,"key":"SMITH"},{"floor":10,"key":"REST"},{"data":"Neutralize","floor":15,"key":"SMITH"}],"circlet_count":0,"master_deck":["Strike_G","Strike_G","Strike_G","Strike_G","Defend_G","Defend_G","Defend_G","Defend_G","Defend_G","Survivor","Neutralize+1","Backflip","Backflip","Glass Knife+1","Backflip"],"relics":["Ring of the Snake","NeowsBlessing","Golden Idol","Pantograph","Blue Candle","Mercury Hourglass","Ornamental Fan","Gremlin Horn"],"acts_visited":["Exordium"],"potions_floor_usage":[],"damage_taken":[{"damage":0,"enemies":"Jaw Worm","floor":1,"turns":1},{"damage":0,"enemies":"Small Slimes","floor":4,"turns":1},{"damage":0,"enemies":"Lagavulin","floor":6,"turns":1},{"damage":29,"enemies":"Gremlin Nob","floor":8,"turns":4},{"damage":30,"enemies":"Lagavulin","floor":12,"turns":8},{"damage":0,"enemies":"Cultist","floor":14,"turns":3},{"damage":28,"enemies":"Hexaghost","floor":16,"turns":11}],"seed_played":"5620898896459240054","potions_obtained":[{"floor":1,"key":"Weak Potion"},{"floor":12,"key":"AttackPotion"}],"is_trial":false,"path_per_floor":["M","?","?","M","?","E","R","E","T","R","?","E","?","M","R","B"],"character_chosen":"THE_SILENT","items_purchased":[],"campfire_rested":1,"item_purchase_floors":[],"current_hp_per_floor":[63,63,52,52,35,35,35,6,6,27,32,2,2,2,2,0,0],"gold":331,"neow_bonus":"THREE_ENEMY_KILL","is_daily":false,"chose_seed":false,"campfire_upgraded":2,"win_rate":0.0,"timestamp":1610037819,"path_taken":["M","?","?","?","?","E","R","E","T","R","?","E","?","M","R","BOSS"],"items_purchased_type":[],"build_version":"2020-12-22","purchased_purges":0,"victory":false,"max_hp_per_floor":[70,70,70,70,70,70,70,70,70,70,75,75,75,75,75,75,75],"relic_stats":{"Gremlin Horn":[0,0],"counters":[7,28],"Golden Idol":26,"Ornamental Fan":[12],"Pantograph":25,"Blue Candle":[0],"obtain_stats":[{"NeowsBlessing":0,"Gremlin Horn":13,"Golden Idol":5,"Ornamental Fan":12,"Pantograph":6,"Blue Candle":8,"Ring of the Snake":0,"Mercury Hourglass":9},{"NeowsBlessing":0,"Gremlin Horn":5,"Golden Idol":2,"Ornamental Fan":5,"Pantograph":3,"Blue Candle":4,"Ring of the Snake":0,"Mercury Hourglass":4},{"NeowsBlessing":0,"Gremlin Horn":15,"Golden Idol":2,"Ornamental Fan":15,"Pantograph":3,"Blue Candle":7,"Ring of the Snake":0,"Mercury Hourglass":7}],"Ring of the Snake":[14],"Mercury Hourglass":[57]},"card_choices":[{"not_picked":["Tactician","Cloak And Dagger"],"picked":"Backflip","floor":1},{"not_picked":["Deadly Poison","Quick Slash"],"picked":"Backflip","floor":4},{"not_picked":["Quick Slash","Outmaneuver"],"picked":"Glass Knife","floor":6},{"not_picked":["Bane","Reflex","Distraction"],"picked":"SKIP","floor":8},{"not_picked":["Grand Finale","Underhanded Strike","Prepared"],"picked":"SKIP","floor":12},{"not_picked":["Concentrate","Endless Agony"],"picked":"Backflip","floor":14}],"player_experience":251509,"relics_obtained":[{"floor":6,"key":"Pantograph"},{"floor":8,"key":"Blue Candle"},{"floor":9,"key":"Mercury Hourglass"},{"floor":12,"key":"Ornamental Fan"}],"event_choices":[{"cards_removed":["Strike_G"],"damage_healed":0,"gold_gain":0,"player_choice":"Forget","damage_taken":0,"max_hp_gain":0,"max_hp_loss":0,"event_name":"Living Wall","floor":2,"gold_loss":0},{"damage_healed":0,"gold_gain":75,"player_choice":"Gather Gold","damage_taken":11,"max_hp_gain":0,"max_hp_loss":0,"event_name":"World of Goop","floor":3,"gold_loss":0},{"damage_healed":0,"gold_gain":0,"player_choice":"Take Damage","damage_taken":17,"relics_obtained":["Golden Idol"],"max_hp_gain":0,"max_hp_loss":0,"event_name":"Golden Idol","floor":5,"gold_loss":0},{"damage_healed":0,"gold_gain":0,"player_choice":"Donut","damage_taken":0,"max_hp_gain":5,"max_hp_loss":0,"event_name":"Big Fish","floor":11,"gold_loss":0},{"damage_healed":0,"gold_gain":0,"player_choice":"Gave Potion","damage_taken":0,"relics_obtained":["Gremlin Horn"],"max_hp_gain":0,"max_hp_loss":0,"event_name":"WeMeetAgain","floor":13,"gold_loss":0}],"is_beta":false,"boss_relics":[],"items_purged_floors":[],"is_endless":false,"potions_floor_spawned":[1,12],"killed_by":"Hexaghost","ascension_level":9}}