{"host":"zksvs3x2ysy9npnz","time":1610052847,"event":{"mods":["Aspiration","BaseMod","Beaked The Cultist","BetterRewards","Clockwork Mod","Colored Map","Conspire","Downfall","Duelist Mod","Ekko","Halation","Highlight Path","Hubris","Hunter ??","Infinite Spire","Jedi Mod","JesterMod","Minty Spire (QoL Compilation)","Permanent Neow","Quick Restart","Relic Stats","Replay The Spire","Retaliation","Shade Mod","Shop Mod","StSLib"],"gold_per_floor":[137,149,149,149,164,164,197,197,277,277,291,291,308,323,323,401,401,411,428,428,453,469,469,499,499,574,574,604,604,36,52,52,128,128,144,144,163,182,182,182,182,182],"floor_reached":41,"playtime":2841,"items_purged":["theDuelist:Sparks"],"score":891,"play_id":"0cc5df59-8db2-400b-9bce-a3dcf950ea16","local_time":"20210107215407","is_ascension_mode":true,"campfire_choices":[{"data":"theDuelist:Nameless:Power:BerserkerCrush","floor":6.0,"key":"SMITH"},{"data":"theDuelist:Nameless:Power:BerserkerCrush+1","floor":8.0,"key":"SMITH"},{"data":"theDuelist:Nameless:Power:BerserkerCrush+2","floor":10.0,"key":"SMITH"},{"data":"theDuelist:Nameless:Power:BerserkerCrush+3","floor":12.0,"key":"SMITH"},{"data":"theDuelist:VioletCrystal","floor":15.0,"key":"SMITH"},{"floor":23.0,"key":"REST"},{"floor":27.0,"key":"REST"},{"floor":29.0,"key":"REST"},{"floor":40,"key":"REST"}],"circlet_count":0,"master_deck":["theDuelist:AngelTrumpeter","theDuelist:CactusBouncer","theDuelist:CastleWalls","theDuelist:CastleWalls","theDuelist:DarkworldThorns","AscendersBane","theDuelist:Inmato","theDuelist:JerryBeansMan","theDuelist:JerryBeansMan","theDuelist:VioletCrystal+1","theDuelist:RoseWitch","theDuelist:Nameless:Power:BerserkerCrush+4","theDuelist:PredaplantChlamydosundew","theDuelist:PredaplantChimerafflesia+1","theDuelist:SeedCannon","theDuelist:RoseArcher+1","theDuelist:GemElephant","theDuelist:WorldTree","Pot Of Greed","theDuelist:WorldTree","Pot Of Greed"],"relics":["theDuelist:MillenniumPuzzle","theDuelist:CardPoolRelic","theDuelist:CardPoolBasicRelic","theDuelist:BoosterPackPoolRelic","theDuelist:CardPoolAddRelic","theDuelist:CardPoolMinusRelic","theDuelist:CardPoolSaveRelic","theDuelist:CardPoolOptionsRelic","Red Skull","hubris:Spice","theDuelist:GamblerChip","aspiration:StickyExplosives_weak","Pear","aspiration:Lifesprig","Grinning Jar","hubris:ScarierMask"],"acts_visited":["Exordium","TheCity","TheBeyond"],"potions_floor_usage":[41,41],"damage_taken":[{"damage":0.0,"enemies":"Jaw Worm","floor":1.0,"turns":3.0},{"damage":0.0,"enemies":"2 Louse","floor":2.0,"turns":2.0},{"damage":0.0,"enemies":"Cultist","floor":5.0,"turns":4.0},{"damage":11.0,"enemies":"Lagavulin","floor":7.0,"turns":6.0},{"damage":3.0,"enemies":"2 Fungi Beasts","floor":11.0,"turns":3.0},{"damage":0.0,"enemies":"Large Slime","floor":13.0,"turns":2.0},{"damage":2.0,"enemies":"Red Slaver","floor":14.0,"turns":2.0},{"damage":5.0,"enemies":"The Guardian","floor":16.0,"turns":6.0},{"damage":0.0,"enemies":"Spheric Guardian","floor":18.0,"turns":2.0},{"damage":8.0,"enemies":"Shell Parasite","floor":19.0,"turns":3.0},{"damage":21.0,"enemies":"Cultist and Chosen","floor":21.0,"turns":4.0},{"damage":7.0,"enemies":"Centurion and Healer","floor":22.0,"turns":4.0},{"damage":16.0,"enemies":"theDuelist:KaibaA2","floor":24.0,"turns":4.0},{"damage":41.0,"enemies":"Slavers","floor":28.0,"turns":6.0},{"damage":0.0,"enemies":"conspire:HollyBat","floor":31.0,"turns":5.0},{"damage":56.0,"enemies":"Collector","floor":33.0,"turns":8.0},{"damage":10.0,"enemies":"Orb Walker","floor":35.0,"turns":4.0},{"damage":0.0,"enemies":"3 Darklings","floor":37.0,"turns":5.0},{"damage":71.0,"enemies":"Transient","floor":38.0,"turns":6.0},{"damage":57,"enemies":"beaked:SuperParasite","floor":41,"turns":13}],"seed_played":"3498150248944988843","potions_obtained":[{"floor":1.0,"key":"FearPotion"},{"floor":5.0,"key":"BlessingOfTheForge"},{"floor":7.0,"key":"Block Potion"},{"floor":13.0,"key":"Flashbang"},{"floor":19.0,"key":"theDuelist:WhiteBottle"},{"floor":24.0,"key":"Reflective Coating"},{"floor":31.0,"key":"theDuelist:FlamingBottle"},{"floor":37.0,"key":"GamblersBrew"},{"floor":38.0,"key":"Swift Potion"}],"is_trial":false,"path_per_floor":["M","M","?","?","M","R","E","R","T","R","M","R","M","M","R","B",null,"M","M","?","M","M","R","E","?","T","R","E","R","$","M","R_BF","B",null,"M","?","M","M","?","R","E"],"character_chosen":"THE_DUELIST","items_purchased":["theDuelist:WorldTree","aspiration:Lifesprig","Grinning Jar","Replay:SS_hec_2"],"campfire_rested":4,"item_purchase_floors":[30,30,30,30],"current_hp_per_floor":[63,63,45,48,48,48,45,45,45,45,42,42,42,40,40,35,70,70,62,39,18,11,36,28,28,28,56,25,56,56,56,87,31,86,76,76,76,5,5,36,0,0],"gold":182,"neow_bonus":"REMOVE_CARD","is_daily":false,"chose_seed":false,"campfire_upgraded":5,"win_rate":0.0,"timestamp":1610052847,"path_taken":["M","M","?","?","?","R","E","R","T","R","M","R","M","M","R","BOSS","M","M","?","M","M","R","E","?","T","R","E","R","$","?","R_BF","BOSS","M","?","M","M","?","R","E"],"items_purchased_type":["Card","Relic","Relic","Card"],"build_version":"2020-12-22","purchased_purges":1,"victory":false,"max_hp_per_floor":[70,70,70,73,73,73,81,81,81,81,81,81,81,81,81,81,81,81,81,86,86,86,86,94,94,94,94,104,104,104,104,104,104,104,104,104,104,104,104,104,104,104],"relic_stats":{"counters":[20,88],"obtain_stats":[{"aspiration:Lifesprig":30,"Pear":28,"theDuelist:MillenniumPuzzle":0,"theDuelist:CardPoolSaveRelic":0,"aspiration:StickyExplosives_weak":26,"theDuelist:BoosterPackPoolRelic":0,"theDuelist:CardPoolMinusRelic":0,"theDuelist:GamblerChip":17,"hubris:Spice":7,"theDuelist:CardPoolBasicRelic":0,"hubris:ScarierMask":34,"theDuelist:CardPoolAddRelic":0,"theDuelist:CardPoolOptionsRelic":0,"Grinning Jar":30,"Red Skull":3,"theDuelist:CardPoolRelic":0},{"aspiration:Lifesprig":14,"Pear":14,"theDuelist:MillenniumPuzzle":0,"theDuelist:CardPoolSaveRelic":0,"aspiration:StickyExplosives_weak":13,"theDuelist:BoosterPackPoolRelic":0,"theDuelist:CardPoolMinusRelic":0,"theDuelist:GamblerChip":8,"hubris:Spice":4,"theDuelist:CardPoolBasicRelic":0,"hubris:ScarierMask":16,"theDuelist:CardPoolAddRelic":0,"theDuelist:CardPoolOptionsRelic":0,"Grinning Jar":14,"Red Skull":2,"theDuelist:CardPoolRelic":0},{"aspiration:Lifesprig":49,"Pear":49,"theDuelist:MillenniumPuzzle":0,"theDuelist:CardPoolSaveRelic":0,"aspiration:StickyExplosives_weak":44,"theDuelist:BoosterPackPoolRelic":0,"theDuelist:CardPoolMinusRelic":0,"theDuelist:GamblerChip":28,"hubris:Spice":15,"theDuelist:CardPoolBasicRelic":0,"hubris:ScarierMask":61,"theDuelist:CardPoolAddRelic":0,"theDuelist:CardPoolOptionsRelic":0,"Grinning Jar":49,"Red Skull":5,"theDuelist:CardPoolRelic":0}]},"card_choices":[{"not_picked":["theDuelist:WorldTree","theDuelist:BloomingDarkestRose","theDuelist:SplendidRose"],"picked":"theDuelist:VioletCrystal","floor":1.0},{"not_picked":["theDuelist:Predaponics","theDuelist:WhiteRoseDragon","theDuelist:QueenAngelRoses","theDuelist:FrozenRose"],"picked":"theDuelist:RoseWitch","floor":2.0},{"not_picked":["theDuelist:BattleOx","theDuelist:BlackPendant","theDuelist:PotDichotomy","theDuelist:PreventRat","theDuelist:GilfordLegend"],"picked":"SKIP","floor":5.0},{"not_picked":["theDuelist:JerryBeansMan","theDuelist:PredaplantPterapenthes","theDuelist:ThornMalice","theDuelist:VenomShot"],"picked":"theDuelist:PredaplantChlamydosundew","floor":7.0},{"not_picked":["theDuelist:WorldCarrot+1","theDuelist:PredaplantSpinodionaea+1"],"picked":"theDuelist:PredaplantChimerafflesia+1","floor":11.0},{"not_picked":["theDuelist:BattleguardKing","theDuelist:RainbowOverdragon","theDuelist:GreenGraveOni","theDuelist:HaneHane","theDuelist:Mausoleum"],"picked":"SKIP","floor":13.0},{"not_picked":["theDuelist:ClearKuriboh","theDuelist:GaiaMidNightSun","theDuelist:Sangan","theDuelist:LightningRodLord","theDuelist:RainbowOverdragon"],"picked":"SKIP","floor":14.0},{"not_picked":["theDuelist:HeartUnderdog","theDuelist:QueenAngelRoses","theDuelist:PredaplantSarraceniant","theDuelist:PredaplantChimerafflesia"],"picked":"theDuelist:SeedCannon","floor":16.0},{"not_picked":["theDuelist:GilfordLegend","theDuelist:HammerShot","theDuelist:Hinotama","theDuelist:RainbowOverdragon","theDuelist:WormKing"],"picked":"SKIP","floor":18.0},{"not_picked":["theDuelist:FuryFire","theDuelist:GauntletWarrior+1","theDuelist:LightningRodLord","theDuelist:MillenniumGolem","theDuelist:GilfordLegend"],"picked":"SKIP","floor":19.0},{"not_picked":["theDuelist:MudGolem","theDuelist:CrystalRose","theDuelist:SplendidRose","theDuelist:Predapruning","theDuelist:WorldCarrot"],"picked":"SKIP","floor":21.0},{"not_picked":["theDuelist:DarklordSuperbia","theDuelist:EarthquakeGiant","theDuelist:EvilswarmHeliotrope","theDuelist:HammerShot","theDuelist:PowerGiant"],"picked":"SKIP","floor":22.0},{"not_picked":["theDuelist:BlossomBombardment","theDuelist:QueenAngelRoses+1","theDuelist:PredaplantSarraceniant","theDuelist:Gigaplant"],"picked":"theDuelist:RoseArcher","floor":24.0},{"not_picked":["theDuelist:WormKing","theDuelist:PurplePainOni","theDuelist:Mausoleum","theDuelist:PotGreed"],"picked":"theDuelist:GemElephant","floor":28.0},{"not_picked":["theDuelist:GilfordLegend","theDuelist:MagicalStone","theDuelist:ChangeHeart","theDuelist:DarkCreator"],"picked":"theDuelist:GolemSentry","floor":31.0},{"not_picked":["theDuelist:HeartUnderdog","theDuelist:BeastFangs","theDuelist:PredaplantSarraceniant","theDuelist:PredaplantChimerafflesia"],"picked":"theDuelist:BlackRoseMoonlight","floor":33.0},{"not_picked":["theDuelist:JerryBeansMan+1","theDuelist:CheerfulCoffin+1","theDuelist:BotanicalLion","theDuelist:LonefireBlossom"],"picked":"theDuelist:WorldTree","floor":35.0},{"not_picked":["theDuelist:PredaplantChlamydosundew","theDuelist:PredaplantChimerafflesia+1","theDuelist:GemElephant+1"],"picked":"theDuelist:RoseWitch","floor":36.0},{"not_picked":["theDuelist:DestroyerGolem","theDuelist:Fissure","theDuelist:GaiaMidNightSun+1","theDuelist:RainbowOverdragon","theDuelist:Blockman+1"],"picked":"SKIP","floor":37.0},{"not_picked":["theDuelist:JerryBeansMan+1","theDuelist:CheerfulCoffin","theDuelist:PredaplantPterapenthes+1","theDuelist:SuperSolarNutrient","theDuelist:WormApocalypse"],"picked":"SKIP","floor":38.0}],"player_experience":1814291,"relics_obtained":[{"floor":7.0,"key":"hubris:Spice"},{"floor":24.0,"key":"hubris:Spice"},{"floor":26.0,"key":"aspiration:StickyExplosives_weak"},{"floor":28.0,"key":"Pear"}],"event_choices":[{"damage_healed":0.0,"max_hp_gain":0.0,"max_hp_loss":0.0,"gold_gain":0.0,"event_name":"Scrap Ooze","player_choice":"Success","floor":3.0,"gold_loss":0.0,"damage_taken":18.0,"relics_obtained":["Red Skull"]},{"power_reward":4.0,"total_magic_score":15.0,"gold_gain":0.0,"duelist":true,"damage_taken":0.0,"relics_obtained":[],"points":16.0,"max_hp_gain":3.0,"max_hp_loss":0.0,"spent_points":{"magic":0.0,"greed":0.0,"war":4.0,"power":4.0,"hunger":4.0},"event_name":"Nameless Tomb","hunger_reward":4.0,"floor":4.0,"gold_loss":0.0,"cards_obtained":["theDuelist:Nameless:Power:BerserkerCrush"]},{"damage_healed":0.0,"max_hp_gain":5.0,"max_hp_loss":0.0,"gold_gain":0.0,"event_name":"Forgotten Altar","player_choice":"Shed Blood","floor":20.0,"gold_loss":0.0,"damage_taken":28.0},{"damage_healed":0.0,"max_hp_gain":0.0,"max_hp_loss":0.0,"gold_gain":0.0,"event_name":"Relic Duplicator","player_choice":"Leave","duelist":true,"floor":25.0,"gold_loss":0.0,"damage_taken":0.0},{"damage_healed":0.0,"max_hp_gain":0.0,"max_hp_loss":0.0,"gold_gain":0.0,"event_name":"SensoryStone","player_choice":"Memory 1","floor":36.0,"gold_loss":0.0,"damage_taken":0.0},{"damage_healed":0,"gold_gain":0,"player_choice":"Leave","duelist":true,"damage_taken":0,"max_hp_gain":0,"max_hp_loss":0,"event_name":"Battle City","floor":39,"gold_loss":0}],"is_beta":false,"boss_relics":[{"not_picked":["halation:PinkAlligatorPlush","HoveringKite"],"picked":"theDuelist:GamblerChip"},{"not_picked":["Honey Jar","aspiration:BeakedSkillbook"],"picked":"hubris:ScarierMask"}],"items_purged_floors":[30],"is_endless":false,"potions_floor_spawned":[1,5,7,13,14,19,22,24,31,37,38],"killed_by":"beaked:SuperParasite","ascension_level":20}}