{"host":"fn5w42qzz69x191g","time":1610036813,"event":{"mods":["BaseMod","KOR Keyword Fix","Minty Spire (QoL Compilation)","RRrroohrrRGHHhhh!!","Replay The Spire","StSLib","SuperFastMode","The Jungle","The Poker Player"],"gold_per_floor":[116,116,116,128,142,27,27,47,47,61,80,11,24,35,35,132,132,145,158,170,31,31,31,31,31],"floor_reached":24,"playtime":1120,"items_purged":["Strike_G","Strike_G"],"score":192,"play_id":"f22df35f-e720-4963-96ef-580c7f2a1da7","local_time":"20210108012653","is_ascension_mode":false,"campfire_choices":[{"data":"Noxious Fumes","floor":7,"key":"SMITH"},{"data":"Backflip","floor":15,"key":"SMITH"},{"floor":23,"key":"REST"}],"circlet_count":0,"master_deck":["Strike_G","Strike_G","Strike_G","Defend_G","Defend_G","Defend_G","Defend_G","Defend_G","Survivor","Neutralize+1","Sadistic Nature","Backflip+1","rorgmod:Prepared","Poisoned Stab","Noxious Fumes+1","ReplayTheSpireMod:Speed Training","Deadly Poison","Noxious Fumes","Atom Bomb","ReplayTheSpireMod:Necrosis","PiercingWail","Replay:Poison Smokescreen","Well Laid Plans"],"relics":["Ring of the Snake","Vajra","Replay:Fungal Core"],"acts_visited":["Exordium","TheCity"],"potions_floor_usage":[],"damage_taken":[{"damage":0,"enemies":"Small Slimes","floor":1,"turns":4},{"damage":0,"enemies":"Jaw Worm","floor":4,"turns":6},{"damage":0,"enemies":"Cultist","floor":5,"turns":3},{"damage":6,"enemies":"Exordium Thugs","floor":8,"turns":5},{"damage":0,"enemies":"2 Fungi Beasts","floor":10,"turns":2},{"damage":1,"enemies":"Looter","floor":11,"turns":3},{"damage":1,"enemies":"3 Louse","floor":13,"turns":4},{"damage":4,"enemies":"Red Slaver","floor":14,"turns":4},{"damage":9,"enemies":"Slime Boss","floor":16,"turns":8},{"damage":18,"enemies":"Shell Parasite","floor":18,"turns":4},{"damage":10,"enemies":"Spheric Guardian","floor":19,"turns":3},{"damage":30,"enemies":"Snake Plant","floor":20,"turns":5},{"damage":33,"enemies":"3 Cultists","floor":24,"turns":4}],"seed_played":"-7560736938052307835","potions_obtained":[{"floor":5,"key":"Strength Potion"},{"floor":8,"key":"Strength Potion"},{"floor":14,"key":"Energy Potion"},{"floor":18,"key":"Weak Potion"},{"floor":20,"key":"Venom Potion"}],"is_trial":false,"path_per_floor":["M","?","?","M","M","$","R","M","T","M","M","$","M","M","R","B",null,"M","M","M","$","?","R","M"],"character_chosen":"THE_SILENT","items_purchased":["Noxious Fumes","Noxious Fumes","Well Laid Plans"],"campfire_rested":1,"item_purchase_floors":[6,12,21],"current_hp_per_floor":[70,70,70,70,70,70,70,64,64,64,63,63,62,58,58,49,70,52,42,12,12,12,33,0,0],"gold":31,"neow_bonus":"ONE_RANDOM_RARE_CARD","is_daily":false,"chose_seed":false,"campfire_upgraded":2,"win_rate":0.0,"timestamp":1610036813,"path_taken":["M","?","?","M","M","$","R","M","T","M","M","$","M","?","R","BOSS","M","M","M","$","?","R","M"],"items_purchased_type":["Card","Card","Card"],"build_version":"2020-12-22","purchased_purges":2,"victory":false,"max_hp_per_floor":[70,70,70,70,70,70,70,70,70,70,70,70,70,70,70,70,70,70,70,70,70,70,70,70,70],"card_choices":[{"not_picked":["Bane","ReplayTheSpireMod:Speed Training"],"picked":"Backflip","floor":1},{"not_picked":["rorgmod:Tendon Slice","Hidden Blade"],"picked":"rorgmod:Prepared","floor":4},{"not_picked":["PiercingWail","Hidden Blade"],"picked":"Poisoned Stab","floor":5},{"not_picked":["Quick Slash","Flying Knee"],"picked":"ReplayTheSpireMod:Speed Training","floor":8},{"not_picked":["rorgmod:Prepared","Quick Slash"],"picked":"Deadly Poison","floor":10},{"not_picked":["Concentrate","Predator","Bane"],"picked":"SKIP","floor":11},{"not_picked":["Dagger Throw","Masterful Stab","rorgmod:Slice"],"picked":"SKIP","floor":13},{"not_picked":["rorgmod:Tendon Slice","Concentrate"],"picked":"Atom Bomb","floor":14},{"not_picked":["Bullet Time","Envenom"],"picked":"ReplayTheSpireMod:Necrosis","floor":16},{"not_picked":["Blur","Endless Agony"],"picked":"PiercingWail","floor":18},{"not_picked":["All Out Attack","Finisher","Dagger Throw"],"picked":"SKIP","floor":19},{"not_picked":["ReplayTheSpireMod:The Works+1","Bane"],"picked":"Replay:Poison Smokescreen","floor":20}],"player_experience":521672,"relics_obtained":[{"floor":9,"key":"Vajra"}],"event_choices":[{"damage_healed":0,"gold_gain":0,"player_choice":"Grow","damage_taken":0,"max_hp_gain":0,"max_hp_loss":0,"event_name":"Living Wall","floor":2,"gold_loss":0,"cards_upgraded":["Neutralize"]},{"damage_healed":0,"gold_gain":0,"player_choice":"Ignored","damage_taken":0,"max_hp_gain":0,"max_hp_loss":0,"event_name":"NoteForYourself","floor":3,"gold_loss":0},{"damage_healed":0,"gold_gain":0,"player_choice":"Ignored","damage_taken":0,"max_hp_gain":0,"max_hp_loss":0,"event_name":"Vampires","floor":22,"gold_loss":0}],"is_beta":false,"boss_relics":[{"not_picked":["Replay:Wanted Poster","Snecko Eye"],"picked":"Replay:Fungal Core"}],"items_purged_floors":[6,21],"is_endless":false,"potions_floor_spawned":[5,8,14,18,20],"killed_by":"3 Cultists","ascension_level":0}}