{"host":"ig7tc0uedzltt2sr","time":1610055048,"event":{"mods":["BaseMod","Better Twitch Integration","Block Reminder","Colored Map","Colored Powertips","Communication Mod","Current Relic Mod","GifTheSpireLib","HexUI Lib","Minty Spire (QoL Compilation)","Quick Restart","Random Character Button","Rare Cards Sparkle","Relic Sorter","Relic Stats","Slay the Relics Exporter","StSLib","SuperFastMode","Synergy Search","Twitch Decklist","Twitch Utils","everything is the same but u backflip on backflip","slay the spire mod where everything is the same but ironclad has a cowboy hat"],"gold_per_floor":[118,132,9,9,23,23,0,0,23,23,39,39,56,74,74,74,74],"floor_reached":16,"playtime":96,"items_purged":[],"score":92,"play_id":"92c23bee-ecac-407e-8847-9e7042c820e5","local_time":"20210107133048","is_ascension_mode":false,"campfire_choices":[{"floor":12,"key":"REST"},{"data":"Warcry","floor":15,"key":"SMITH"}],"circlet_count":0,"master_deck":["Strike_R","Strike_R+1","Strike_R","Strike_R","Defend_R","Defend_R","Defend_R","Defend_R","Bash","Sword Boomerang+1","Spot Weakness","Warcry+1","Hemokinesis","Disarm","Feed","Sword Boomerang"],"relics":["Burning Blood","NeowsBlessing","Juzu Bracelet"],"acts_visited":["Exordium"],"potions_floor_usage":[],"damage_taken":[{"damage":0,"enemies":"Jaw Worm","floor":1,"turns":2},{"damage":0,"enemies":"Small Slimes","floor":2,"turns":2},{"damage":0,"enemies":"Cultist","floor":5,"turns":1},{"damage":5,"enemies":"Looter","floor":7,"turns":5},{"damage":39,"enemies":"Large Slime","floor":11,"turns":11},{"damage":8,"enemies":"Red Slaver","floor":13,"turns":8},{"damage":17,"enemies":"2 Fungi Beasts","floor":14,"turns":4},{"damage":49,"enemies":"Slime Boss","floor":16,"turns":7}],"seed_played":"-1029603077112968912","potions_obtained":[{"floor":1,"key":"Dexterity Potion"},{"floor":11,"key":"Dexterity Potion"},{"floor":13,"key":"Dexterity Potion"},{"floor":14,"key":"AttackPotion"}],"is_trial":false,"path_per_floor":["M","M","$","?","M","?","M","?","T","?","M","R","M","M","R","B"],"character_chosen":"IRONCLAD","items_purchased":["Spot Weakness","ColorlessPotion"],"campfire_rested":1,"item_purchase_floors":[3,3],"current_hp_per_floor":[80,80,80,73,79,79,80,80,80,64,31,55,53,42,42,0,0],"gold":74,"neow_bonus":"THREE_ENEMY_KILL","is_daily":false,"chose_seed":false,"campfire_upgraded":1,"win_rate":0.0,"timestamp":1610055048,"path_taken":["M","M","$","?","M","?","M","?","T","?","M","R","M","M","R","BOSS"],"items_purchased_type":["Card","Potion"],"build_version":"2020-12-22","purchased_purges":0,"victory":false,"max_hp_per_floor":[80,80,80,80,80,80,80,80,80,80,80,80,80,80,80,80,80],"relic_stats":{"counters":[8,40],"Juzu Bracelet":1,"obtain_stats":[{"NeowsBlessing":0,"Juzu Bracelet":6,"Burning Blood":0},{"NeowsBlessing":0,"Juzu Bracelet":3,"Burning Blood":0},{"NeowsBlessing":0,"Juzu Bracelet":5,"Burning Blood":0}],"Burning Blood":30},"card_choices":[{"not_picked":["Anger","Headbutt"],"picked":"Sword Boomerang","floor":1},{"not_picked":["Flame Barrier","Armaments"],"picked":"Combust","floor":2},{"not_picked":["Body Slam","Thunderclap"],"picked":"Warcry","floor":5},{"not_picked":["Warcry","Thunderclap"],"picked":"Hemokinesis","floor":7},{"not_picked":["Combust","Cleave"],"picked":"Disarm","floor":11},{"not_picked":["Wild Strike","Disarm"],"picked":"Feed","floor":13},{"not_picked":["Havoc","Dark Embrace"],"picked":"Sword Boomerang","floor":14}],"player_experience":1455286,"relics_obtained":[],"event_choices":[{"cards_removed":["Strike_R"],"damage_healed":0,"gold_gain":0,"player_choice":"Card Removal","damage_taken":7,"max_hp_gain":0,"max_hp_loss":0,"event_name":"Golden Wing","floor":4,"gold_loss":0},{"cards_removed":["Combust"],"damage_healed":0,"gold_gain":0,"player_choice":"Gave Card","damage_taken":0,"relics_obtained":["Juzu Bracelet"],"max_hp_gain":0,"max_hp_loss":0,"event_name":"WeMeetAgain","floor":6,"gold_loss":0},{"damage_healed":0,"gold_gain":0,"player_choice":"Fled","damage_taken":0,"max_hp_gain":0,"max_hp_loss":0,"event_name":"Scrap Ooze","floor":8,"gold_loss":0},{"damage_healed":0,"gold_gain":0,"player_choice":"Entered Light","damage_taken":16,"max_hp_gain":0,"max_hp_loss":0,"event_name":"Shining Light","floor":10,"gold_loss":0,"cards_upgraded":["Strike_R","Sword Boomerang"]}],"is_beta":false,"boss_relics":[],"items_purged_floors":[],"is_endless":false,"potions_floor_spawned":[1,11,13,14],"killed_by":"Slime Boss","ascension_level":0}}