{"host":"b0l902yh1rk3g5bq","time":1610001107,"event":{"mods":["AchievementEnabler","Act Like it!","Aspiration","BaseMod","Better Match","Better Sensory Stone","Better Skull","Better Third Choice","BetterRewards","Challenge The Spire","Colored Map","Colored Powertips","Conspire","Downfall","Energized Spire","GifTheSpireLib","Halation","Hubris","Infinite Spire","Minty Spire (QoL Compilation)","Quick Restart","Rare Cards Sparkle","Replay The Spire","StSLib","Stuff the Spire","Trackpad","Virulent Crown","Wandering Minibosses","egg","everything is the same but u backflip on backflip","vexMod"],"gold_per_floor":[116,116,44,44,64,91,118,152,152,178,178,205,205,232,232,337,337,357,209,209],"floor_reached":19,"playtime":756,"items_purged":[],"score":274,"play_id":"31716a97-fb51-4040-bc2c-b5fd976b46e3","local_time":"20210107073147","daily_mods":["Draft","Heirloom","Flight","DeadlyEvents","Elite Swarm"],"is_ascension_mode":true,"campfire_choices":[{"data":"Blizzard","floor":11,"key":"SMITH"},{"data":"Defragment","floor":11,"key":"SMITH"},{"data":"Defragment","floor":13,"key":"SMITH"},{"data":"Buffer","floor":13,"key":"SMITH"},{"data":"Echo Form","floor":15,"key":"SMITH"},{"data":"Sunder","floor":15,"key":"SMITH"}],"circlet_count":0,"master_deck":["Leap","ReplaySolidLightProjector","Conserve Battery","Conserve Battery","Ball Lightning","Gash","Cold Snap","Rip and Tear","Sunder+1","Rebound","Coolheaded","Defragment+1","Blizzard+1","Melter","Chill+1","Glacier","Defragment+1","Echo Form+1","Buffer+1","Core Surge"],"relics":["Cracked Core","halation:PenCase","trackpad:SneckoScepter","hubris:FunFungus","Lantern","Sundial","vexMod:PlasmaPancake","StuffTheSpire:Tea","CeramicFish","Guardian:BottledAnomaly"],"acts_visited":["Exordium","TheCity"],"potions_floor_usage":[],"damage_taken":[{"damage":0,"enemies":"Cultist","floor":1,"turns":3},{"damage":0,"enemies":"Small Slimes","floor":5,"turns":3},{"damage":21,"enemies":"Gremlin Nob","floor":6,"turns":4},{"damage":1,"enemies":"3 Sentries","floor":7,"turns":6},{"damage":10,"enemies":"Gremlin Nob","floor":8,"turns":3},{"damage":1,"enemies":"3 Sentries","floor":10,"turns":6},{"damage":0,"enemies":"Lagavulin","floor":12,"turns":5},{"damage":0,"enemies":"3 Sentries","floor":14,"turns":4},{"damage":17,"enemies":"Hexaghost","floor":16,"turns":8},{"damage":2,"enemies":"Shell Parasite","floor":18,"turns":5}],"seed_played":"1388779381999494951","potions_obtained":[{"floor":2,"key":"AttackPotion"},{"floor":2,"key":"GamblersBrew"},{"floor":2,"key":"Swift Potion"}],"is_trial":true,"path_per_floor":["M","?","$","?","M","E","E","E","T","E","R","E","R","E","R","B",null,"M","$"],"character_chosen":"DEFECT","items_purchased":["Defragment","Guardian:BottledAnomaly"],"campfire_rested":0,"item_purchase_floors":[3,19],"current_hp_per_floor":[75,75,75,75,75,54,53,44,44,52,52,52,52,55,55,44,81,81,81,81],"gold":209,"neow_bonus":"","is_daily":false,"chose_seed":false,"campfire_upgraded":6,"win_rate":0.0,"timestamp":1610001107,"path_taken":["M","?","?","?","?","E","E","E","T","E","R","E","R","E","R","BOSS","M","$"],"items_purchased_type":["Card","Relic"],"build_version":"2020-12-22","purchased_purges":0,"victory":false,"max_hp_per_floor":[75,75,75,75,75,75,75,75,75,81,81,81,81,81,81,81,81,81,81,81],"card_choices":[{"not_picked":["Sweeping Beam","Stack"],"picked":"Leap","floor":0},{"not_picked":["Panic Button","Redo"],"picked":"ReplaySolidLightProjector","floor":0},{"not_picked":["Turbo","Stack"],"picked":"Conserve Battery","floor":0},{"not_picked":["Barrage","Leap"],"picked":"Conserve Battery","floor":0},{"not_picked":["Reprogram","Rebound"],"picked":"Ball Lightning","floor":0},{"not_picked":["StuffTheSpire:Coldhearted","Stack"],"picked":"Gash","floor":0},{"not_picked":["Leap","StuffTheSpire:SnapShoot"],"picked":"Cold Snap","floor":0},{"not_picked":["Go for the Eyes","Aggregate"],"picked":"Rip and Tear","floor":0},{"not_picked":["Go for the Eyes","StuffTheSpire:Plugnplay"],"picked":"Sunder","floor":0},{"not_picked":["StuffTheSpire:CleanHardDrive","Turbo"],"picked":"Rebound","floor":0},{"not_picked":["StuffTheSpire:LoadUp","Rebound"],"picked":"Coolheaded","floor":0},{"not_picked":["Gash","Blizzard"],"picked":"Defragment","floor":0},{"not_picked":["StuffTheSpire:LoadUp","Double Energy"],"picked":"Blizzard","floor":0},{"not_picked":["Beam Cell","Coolheaded"],"picked":"Melter","floor":0},{"not_picked":["Loop","StuffTheSpire:Synthwave"],"picked":"Chill","floor":0},{"not_picked":["Redo","Crystallizer"],"picked":"Glacier","floor":1},{"not_picked":["Sweeping Beam","StuffTheSpire:LoadUp","Turbo"],"picked":"SKIP","floor":5},{"not_picked":["Creative AI","StuffTheSpire:EventHorizon","hubris:DoWhile"],"picked":"SKIP","floor":6},{"not_picked":["StuffTheSpire:EventHorizon","hubris:DoWhile"],"picked":"Echo Form","floor":7},{"not_picked":["Fission","Amplify"],"picked":"Buffer","floor":8},{"not_picked":["ReplayRNGCard","Seek"],"picked":"Core Surge","floor":10},{"not_picked":["Hyperbeam","Mirror Shield","StuffTheSpire:Purify"],"picked":"SKIP","floor":12},{"not_picked":["StuffTheSpire:LaunchingStrike","Meteor Strike","Creative AI"],"picked":"SKIP","floor":14},{"not_picked":["Rebound+1","StuffTheSpire:LoadUp","Reprogram"],"picked":"SKIP","floor":18}],"player_experience":629735,"relics_obtained":[{"floor":6,"key":"trackpad:SneckoScepter"},{"floor":7,"key":"hubris:FunFungus"},{"floor":8,"key":"Lantern"},{"floor":9,"key":"Sundial"},{"floor":10,"key":"vexMod:PlasmaPancake"},{"floor":12,"key":"StuffTheSpire:Tea"},{"floor":14,"key":"CeramicFish"}],"event_choices":[{"damage_healed":0,"gold_gain":0,"player_choice":"Got Potions","damage_taken":0,"max_hp_gain":0,"max_hp_loss":0,"event_name":"Lab","floor":2,"gold_loss":0},{"damage_healed":0,"gold_gain":0,"player_choice":"Upgraded","damage_taken":0,"max_hp_gain":0,"max_hp_loss":0,"event_name":"Upgrade Shrine","floor":4,"gold_loss":0,"cards_upgraded":["Chill"]}],"is_beta":false,"boss_relics":[{"not_picked":["StuffTheSpire:Kangaroo","halation:PinkAlligatorPlush","Kintsugi"]}],"items_purged_floors":[],"is_endless":false,"potions_floor_spawned":[6,8,12,14,16],"ascension_level":1}}