{"host":"sav7uxregyirlf69","time":1610006037,"event":{"mods":["AchievementEnabler","BaseMod","Colored Map","DeckTracker","Keyboard Shortcuts","Minty Spire (QoL Compilation)","READ ME - Guardian Mod","StSLib","SuperFastMode"],"gold_per_floor":[212,232,232,232,157,157,157,169,185,185,185,200,200,200,220,220,296,296,307,40,50,50,61,94,94,121,121,134,134,134,134,9,9,81,81,94,108,119,119,131,164,164,183,183,209,59,0,0,19,19,19,19,19,19,19,51,51,51],"floor_reached":57,"playtime":1323,"items_purged":["Defend_G","Strike_G","Strike_G+1","Backstab"],"score":2034,"play_id":"0b6daf45-8c25-422e-98b8-7d58b522c5bb","local_time":"20210107165357","is_ascension_mode":true,"campfire_choices":[{"data":"Neutralize","floor":7.0,"key":"SMITH"},{"data":"Underhanded Strike","floor":11.0,"key":"SMITH"},{"data":"Dagger Throw","floor":16.0,"key":"SMITH"},{"data":"Blade Dance","floor":25.0,"key":"SMITH"},{"floor":29.0,"key":"RECALL"},{"data":"After Image","floor":31.0,"key":"SMITH"},{"data":"Acrobatics","floor":33.0,"key":"SMITH"},{"data":"Accuracy","floor":42.0,"key":"SMITH"},{"data":"Reflex","floor":50,"key":"SMITH"},{"data":"Survivor","floor":54,"key":"SMITH"}],"circlet_count":0,"master_deck":["AscendersBane","Defend_G","Defend_G","Survivor+1","Neutralize+1","Underhanded Strike+1","Dagger Throw+1","Heel Hook","Skewer","Blade Dance+1","After Image+1","Acrobatics+1","Terror+1","Prepared+1","Reflex+1","Accuracy+1","Blur+1","PiercingWail+1"],"relics":["Ring of the Snake","InkBottle","Shuriken","Coffee Dripper","TheAbacus","Pear","Ancient Tea Set","Ornamental Fan","Empty Cage","MealTicket","Red Mask","Pen Nib"],"acts_visited":["Exordium","TheCity","TheBeyond","TheEnding"],"potions_floor_usage":[57],"damage_taken":[{"damage":0.0,"enemies":"Cultist","floor":1.0,"turns":4.0},{"damage":0.0,"enemies":"Small Slimes","floor":2.0,"turns":3.0},{"damage":2.0,"enemies":"Jaw Worm","floor":8.0,"turns":3.0},{"damage":3.0,"enemies":"Blue Slaver","floor":9.0,"turns":4.0},{"damage":0.0,"enemies":"3 Louse","floor":12.0,"turns":1.0},{"damage":10.0,"enemies":"Large Slime","floor":15.0,"turns":4.0},{"damage":2.0,"enemies":"Hexaghost","floor":17.0,"turns":6.0},{"damage":0.0,"enemies":"3 Byrds","floor":19.0,"turns":5.0},{"damage":12.0,"enemies":"2 Thieves","floor":21.0,"turns":4.0},{"damage":0.0,"enemies":"Centurion and Healer","floor":23.0,"turns":4.0},{"damage":8.0,"enemies":"Gremlin Leader","floor":24.0,"turns":4.0},{"damage":16.0,"enemies":"Book of Stabbing","floor":26.0,"turns":3.0},{"damage":0.0,"enemies":"Sentry and Sphere","floor":28.0,"turns":3.0},{"damage":0.0,"enemies":"Collector","floor":34.0,"turns":5.0},{"damage":0.0,"enemies":"Orb Walker","floor":36.0,"turns":2.0},{"damage":0.0,"enemies":"3 Darklings","floor":37.0,"turns":3.0},{"damage":0.0,"enemies":"Maw","floor":38.0,"turns":3.0},{"damage":0.0,"enemies":"4 Shapes","floor":40.0,"turns":4.0},{"damage":0.0,"enemies":"Reptomancer","floor":41.0,"turns":4.0},{"damage":0.0,"enemies":"Transient","floor":43.0,"turns":6.0},{"damage":1.0,"enemies":"Nemesis","floor":45.0,"turns":3.0},{"damage":0,"enemies":"Sphere and 2 Shapes","floor":49,"turns":3},{"damage":70,"enemies":"Time Eater","floor":51,"turns":10},{"damage":2,"enemies":"Awakened One","floor":52,"turns":8},{"damage":0,"enemies":"Shield and Spear","floor":56,"turns":4},{"damage":72,"enemies":"The Heart","floor":57,"turns":6}],"seed_played":"785204565255421144","potions_obtained":[{"floor":2.0,"key":"Explosive Potion"},{"floor":12.0,"key":"Swift Potion"},{"floor":15.0,"key":"PowerPotion"},{"floor":17.0,"key":"Weak Potion"},{"floor":21.0,"key":"Block Potion"},{"floor":23.0,"key":"Regen Potion"},{"floor":36.0,"key":"LiquidBronze"},{"floor":37.0,"key":"FairyPotion"}],"is_trial":false,"path_per_floor":["M","M","?","?","$","$","R","M","M","T","R","M","T","?","M","R","B",null,"M","$","M","?","M","E","R","E","T","M","R","?","R","$","R","B",null,"M","M","M","?","M","E","R","M","T","E","$","?","$","M","R","B","B",null,"R","$","E","B"],"character_chosen":"THE_SILENT","items_purchased":["TheAbacus"],"campfire_rested":0,"item_purchase_floors":[20],"current_hp_per_floor":[59,59,59,52,52,52,52,50,47,47,47,47,47,27,17,17,15,53,53,53,41,41,41,43,43,36,36,36,36,36,36,36,36,36,66,66,66,66,66,66,66,66,66,66,65,72,72,72,72,72,2,21,59,59,72,72,0,0],"gold":51,"neow_bonus":"HUNDRED_GOLD","is_daily":false,"chose_seed":false,"campfire_upgraded":9,"win_rate":0.0,"timestamp":1610006037,"path_taken":["M","?","?","?","$","$","R","M","M","T","R","M","?","?","M","R","BOSS","M","$","M","?","M","E","R","E","T","M","R","?","R","?","R","BOSS","M","M","M","?","M","E","R","M","T","E","$","?","$","M","R","BOSS","BOSS","R","$","E","BOSS"],"items_purchased_type":["Relic"],"build_version":"2020-12-22","purchased_purges":4,"victory":false,"max_hp_per_floor":[66,66,66,66,66,66,66,66,66,66,66,66,66,66,66,66,66,66,66,66,66,66,66,76,76,76,76,76,76,76,76,76,76,76,76,76,76,76,72,72,72,72,72,72,72,72,72,72,72,72,72,72,72,72,72,72,72,72],"card_choices":[{"not_picked":["Slice","Prepared"],"picked":"Flying Knee","floor":1.0},{"not_picked":["Calculated Gamble","Quick Slash"],"picked":"Backstab","floor":2.0},{"not_picked":["Concentrate","Riddle With Holes","PiercingWail"],"picked":"SKIP","floor":8.0},{"not_picked":["Bane","Dagger Spray","Underhanded Strike"],"picked":"SKIP","floor":9.0},{"not_picked":["PiercingWail","Underhanded Strike"],"picked":"Dagger Throw","floor":12.0},{"not_picked":["Acrobatics","Dash","Deadly Poison"],"picked":"SKIP","floor":15.0},{"not_picked":["Crippling Poison","Acrobatics","Outmaneuver"],"picked":"SKIP","floor":19.0},{"not_picked":["Slice","All Out Attack","Choke"],"picked":"SKIP","floor":21.0},{"not_picked":["Bouncing Flask","Choke"],"picked":"Blade Dance","floor":23.0},{"not_picked":["PiercingWail","Deadly Poison"],"picked":"After Image","floor":24.0},{"not_picked":["Outmaneuver","Crippling Poison","Poisoned Stab"],"picked":"SKIP","floor":26.0},{"not_picked":["Outmaneuver","Crippling Poison","Poisoned Stab"],"picked":"SKIP","floor":26.0},{"not_picked":["Dagger Throw","Catalyst","Backflip"],"picked":"SKIP","floor":28.0},{"not_picked":["Backflip+1","Concentrate"],"picked":"Terror+1","floor":36.0},{"not_picked":["Blur","All Out Attack"],"picked":"Prepared+1","floor":37.0},{"not_picked":["Catalyst","Backflip","PiercingWail"],"picked":"SKIP","floor":38.0},{"not_picked":["Terror","Backstab"],"picked":"Reflex","floor":40.0},{"not_picked":["Outmaneuver+1","Deadly Poison"],"picked":"Accuracy","floor":41.0},{"not_picked":["Deadly Poison","Underhanded Strike","Sucker Punch"],"picked":"SKIP","floor":43.0},{"not_picked":["Predator","Footwork"],"picked":"Blur+1","floor":45},{"not_picked":["Flechettes+1","Dodge and Roll+1","Catalyst"],"picked":"SKIP","floor":49},{"not_picked":["Dash","Calculated Gamble"],"picked":"PiercingWail+1","floor":56}],"player_experience":1175861,"relics_obtained":[{"floor":10.0,"key":"InkBottle"},{"floor":13.0,"key":"Shuriken"},{"floor":24.0,"key":"Pear"},{"floor":26.0,"key":"Ancient Tea Set"},{"floor":27.0,"key":"Ornamental Fan"},{"floor":41.0,"key":"MealTicket"},{"floor":56,"key":"Pen Nib"}],"event_choices":[{"damage_healed":0.0,"max_hp_gain":0.0,"max_hp_loss":0.0,"gold_gain":0.0,"cards_transformed":["Strike_G"],"event_name":"Living Wall","player_choice":"Change","floor":3.0,"gold_loss":0.0,"damage_taken":0.0,"cards_obtained":["Underhanded Strike"]},{"cards_removed":["Strike_G"],"damage_healed":0.0,"max_hp_gain":0.0,"max_hp_loss":0.0,"gold_gain":0.0,"event_name":"Golden Wing","player_choice":"Card Removal","floor":4.0,"gold_loss":0.0,"damage_taken":7.0},{"damage_healed":0.0,"max_hp_gain":0.0,"max_hp_loss":0.0,"gold_gain":0.0,"event_name":"Shining Light","player_choice":"Entered Light","floor":14.0,"gold_loss":0.0,"damage_taken":20.0,"cards_upgraded":["Strike_G","Strike_G"]},{"damage_healed":0.0,"max_hp_gain":0.0,"max_hp_loss":0.0,"gold_gain":0.0,"cards_transformed":["Defend_G","Strike_G"],"event_name":"Drug Dealer","player_choice":"Became Test Subject","floor":22.0,"gold_loss":0.0,"damage_taken":0.0,"cards_obtained":["Heel Hook","Skewer"]},{"damage_healed":0.0,"max_hp_gain":0.0,"max_hp_loss":0.0,"gold_gain":0.0,"event_name":"The Library","player_choice":"Read","floor":30.0,"gold_loss":0.0,"damage_taken":0.0,"cards_obtained":["Acrobatics"]},{"damage_healed":0.0,"max_hp_gain":0.0,"max_hp_loss":4.0,"gold_gain":0.0,"event_name":"Winding Halls","player_choice":"Max HP","floor":39.0,"gold_loss":0.0,"damage_taken":0.0},{"damage_healed":0,"gold_gain":0,"player_choice":"Paid","damage_taken":0,"relics_obtained":["Red Mask"],"max_hp_gain":0,"max_hp_loss":0,"event_name":"Tomb of Lord Red Mask","floor":47,"gold_loss":59}],"is_beta":false,"boss_relics":[{"not_picked":["Philosopher\u0027s Stone","Snecko Eye"],"picked":"Coffee Dripper"},{"not_picked":["Runic Pyramid","Busted Crown"],"picked":"Empty Cage"}],"items_purged_floors":[5,20,32,46],"is_endless":false,"potions_floor_spawned":[2,12,15,17,21,23,36,37,38,40],"killed_by":"The Heart","ascension_level":20}}