{"host":"e1pm3b7xpcm97e5w","time":1610051501,"event":{"mods":["BaseMod","Better Skull","Googly Eyes","Minty Spire (QoL Compilation)","Relic Stats","Shop Mod","Spicy Shops","StSLib"],"gold_per_floor":[116,166,178,196,212,212,243,243,266,280,290,339,27,54,54,128,128,140,160,176,4,4,4,4,4,30,30,42,56,67,101,101,101,101],"floor_reached":33,"playtime":1316,"items_purged":["Strike_R"],"score":541,"play_id":"8f984adf-a639-4160-b7e8-795a2d4e2b1c","local_time":"20210107153141","is_ascension_mode":true,"campfire_choices":[{"data":"Carnage","floor":6.0,"key":"SMITH"},{"data":"Bash","floor":8.0,"key":"SMITH"},{"data":"Apotheosis","floor":15.0,"key":"SMITH"},{"data":"Whirlwind","floor":23.0,"key":"SMITH"},{"data":"Feed","floor":25.0,"key":"SMITH"},{"floor":27.0,"key":"REST"},{"data":"Exhume","floor":32.0,"key":"SMITH"}],"circlet_count":0,"master_deck":["AscendersBane","Defend_R","Defend_R","Defend_R","Defend_R","Bash+1","Infernal Blade","Power Through","Whirlwind+1","Carnage+1","Seeing Red","Anger","Shrug It Off","Apotheosis+1","Exhume+1","Feed+1","Shrug It Off","Bite","Bite","Bite","Bite","Bite","Spot Weakness","Ghostly Armor","Rage+1","Seeing Red","Bloodletting"],"relics":["Black Blood","NeowsBlessing","Blood Vial","Smiling Mask","Pen Nib","Dream Catcher","PreservedInsect","Lantern","Champion Belt"],"acts_visited":["Exordium","TheCity"],"potions_floor_usage":[33,33],"damage_taken":[{"damage":0.0,"enemies":"Jaw Worm","floor":1.0,"turns":1.0},{"damage":0.0,"enemies":"Cultist","floor":3.0,"turns":1.0},{"damage":0.0,"enemies":"Small Slimes","floor":4.0,"turns":1.0},{"damage":16.0,"enemies":"Blue Slaver","floor":5.0,"turns":4.0},{"damage":25.0,"enemies":"Lagavulin","floor":7.0,"turns":5.0},{"damage":4.0,"enemies":"Lots of Slimes","floor":10.0,"turns":3.0},{"damage":0.0,"enemies":"Exordium Wildlife","floor":11.0,"turns":2.0},{"damage":30.0,"enemies":"Gremlin Nob","floor":14.0,"turns":5.0},{"damage":9.0,"enemies":"The Guardian","floor":16.0,"turns":6.0},{"damage":27.0,"enemies":"Spheric Guardian","floor":18.0,"turns":7.0},{"damage":14.0,"enemies":"3 Byrds","floor":19.0,"turns":4.0},{"damage":46.0,"enemies":"Snecko","floor":20.0,"turns":6.0},{"damage":14.0,"enemies":"Snake Plant","floor":28.0,"turns":4.0},{"damage":42.0,"enemies":"Shelled Parasite and Fungi","floor":29.0,"turns":12.0},{"damage":29.0,"enemies":"Centurion and Healer","floor":30.0,"turns":8.0},{"damage":20.0,"enemies":"Slavers","floor":31.0,"turns":3.0},{"damage":143,"enemies":"Champ","floor":33,"turns":17}],"seed_played":"-3618587403523015738","potions_obtained":[{"floor":4.0,"key":"CultistPotion"},{"floor":11.0,"key":"Weak Potion"},{"floor":14.0,"key":"AttackPotion"},{"floor":18.0,"key":"Explosive Potion"},{"floor":28.0,"key":"Regen Potion"},{"floor":30.0,"key":"SneckoOil"},{"floor":31.0,"key":"AttackPotion"}],"is_trial":false,"path_per_floor":["M","?","M","M","M","R","E","R","T","M","M","T","$","E","R","B",null,"M","M","M","$","?","R","$","R","T","R","M","M","M","E","R","B"],"character_chosen":"IRONCLAD","items_purchased":["Apotheosis","Exhume","PreservedInsect"],"campfire_rested":1,"item_purchase_floors":[13,13,21],"current_hp_per_floor":[74,74,75,75,65,65,46,46,46,50,58,58,58,36,36,35,65,52,52,20,20,20,20,20,20,20,35,47,40,47,51,51,0,0],"gold":101,"neow_bonus":"THREE_ENEMY_KILL","is_daily":false,"chose_seed":false,"campfire_upgraded":6,"win_rate":0.0,"timestamp":1610051501,"path_taken":["M","?","?","?","M","R","E","R","T","M","M","?","$","E","R","BOSS","M","?","M","$","?","R","?","R","T","R","M","?","?","E","R","BOSS"],"items_purchased_type":["Card","Card","Relic"],"build_version":"2020-12-22","purchased_purges":1,"victory":false,"max_hp_per_floor":[75,75,75,75,75,75,75,75,75,75,75,75,75,75,75,75,75,75,75,75,75,52,52,52,52,52,52,52,60,64,68,68,68,68],"relic_stats":{"Blood Vial":24,"Dream Catcher":1,"counters":[17,89],"Black Blood":127,"Pen Nib":[12],"PreservedInsect":42,"Champion Belt":[6],"Smiling Mask":25,"obtain_stats":[{"Blood Vial":7,"Dream Catcher":14,"Lantern":26,"NeowsBlessing":0,"Black Blood":17,"Pen Nib":12,"PreservedInsect":21,"Champion Belt":31,"Smiling Mask":9,"Burning Blood":0},{"Blood Vial":5,"Dream Catcher":8,"Lantern":12,"NeowsBlessing":0,"Black Blood":9,"Pen Nib":7,"PreservedInsect":12,"Champion Belt":16,"Smiling Mask":5,"Burning Blood":0},{"Blood Vial":12,"Dream Catcher":22,"Lantern":45,"NeowsBlessing":0,"Black Blood":28,"Pen Nib":17,"PreservedInsect":45,"Champion Belt":72,"Smiling Mask":12,"Burning Blood":0}]},"card_choices":[{"not_picked":["Cleave","Dark Embrace"],"picked":"Infernal Blade","floor":1.0},{"not_picked":["Clash","Burning Pact"],"picked":"Power Through","floor":3.0},{"not_picked":["Infernal Blade","Blood for Blood"],"picked":"Whirlwind","floor":4.0},{"not_picked":["Wild Strike","Iron Wave"],"picked":"Carnage","floor":5.0},{"not_picked":["Clash","Whirlwind"],"picked":"Seeing Red","floor":7.0},{"not_picked":["Cleave","Juggernaut"],"picked":"Anger","floor":10.0},{"not_picked":["Thunderclap","Headbutt"],"picked":"Shrug It Off","floor":11.0},{"not_picked":["Reckless Charge","Rupture","Headbutt"],"picked":"SKIP","floor":14.0},{"not_picked":["Brutality","Fiend Fire"],"picked":"Feed","floor":16.0},{"not_picked":["Reckless Charge+1","Wild Strike+1","Headbutt"],"picked":"SKIP","floor":18.0},{"not_picked":["Thunderclap","Dark Embrace","Twin Strike"],"picked":"SKIP","floor":19.0},{"not_picked":["Body Slam","Rupture+1"],"picked":"Shrug It Off","floor":20.0},{"not_picked":["Uppercut","Perfected Strike"],"picked":"Spot Weakness","floor":27.0},{"not_picked":["Body Slam","Perfected Strike"],"picked":"Ghostly Armor","floor":28.0},{"not_picked":["Iron Wave","Flex"],"picked":"Rage+1","floor":29.0},{"not_picked":["Burning Pact","Clash+1"],"picked":"Seeing Red","floor":30.0},{"not_picked":["Pommel Strike","Rupture"],"picked":"Bloodletting","floor":31.0}],"player_experience":508385,"relics_obtained":[{"floor":7.0,"key":"Blood Vial"},{"floor":9.0,"key":"Smiling Mask"},{"floor":12.0,"key":"Pen Nib"},{"floor":14.0,"key":"Dream Catcher"},{"floor":26.0,"key":"Lantern"},{"floor":31.0,"key":"Champion Belt"}],"event_choices":[{"damage_healed":0.0,"max_hp_gain":0.0,"max_hp_loss":0.0,"gold_gain":50.0,"event_name":"Golden Shrine","player_choice":"Pray","floor":2.0,"gold_loss":0.0,"damage_taken":0.0},{"damage_healed":0.0,"max_hp_gain":0.0,"max_hp_loss":23.0,"gold_gain":0.0,"event_name":"Vampires","player_choice":"Became a vampire","floor":22.0,"gold_loss":0.0,"damage_taken":0.0,"cards_obtained":["Bite","Bite","Bite","Bite","Bite"]}],"is_beta":false,"boss_relics":[{"not_picked":["Runic Cube","Tiny House"],"picked":"Black Blood"}],"items_purged_floors":[13],"is_endless":false,"potions_floor_spawned":[4,11,14,18,28,30,31],"killed_by":"Champ","ascension_level":17}}