{"host":"i9h64q9gphvrup4n","time":1610057463,"event":{"mods":["2.2 Compatiblity","AchievementEnabler","Aspiration","Astrologer","Bard","BaseMod","Beaked The Cultist","BetterRewards","Colored Powertips","Conspire","Downfall","Gremlin Mod","Hermit","Hubris","Infinite Spire","Jorbs\u0027s Wanderer Trilogy","Minty Spire (QoL Compilation)","Replay The Spire","Shop Mod","StSLib","SuperFastMode","The Blackbeard","The Bladedancer","The Bug Knight","The Construct","The Cursed","The Disciple","The Hierophant","The Jungle","The Necromancer","The Runesmith","The Wild Card","slay the spire mod where everything is the same but ironclad has a cowboy hat","vexMod"],"gold_per_floor":[113,113,129,144,163,163,193,213,213,213,227,237,270,20,20,125,125,144,157,157,157,171,199,199,218,218,218,236,251,271,301,301,301,301],"floor_reached":33,"playtime":1365,"items_purged":[],"score":353,"play_id":"dd0cc2af-2af5-49c8-9450-5c84a37da3ea","local_time":"20210107161103","is_ascension_mode":false,"campfire_choices":[{"floor":6,"key":"REST"},{"floor":10,"key":"REST"},{"floor":15,"key":"REST"},{"floor":24,"key":"REST"},{"floor":27,"key":"RECALL"},{"floor":32,"key":"REST"}],"circlet_count":0,"master_deck":["hermit:Strike_Hermit","hermit:Strike_Hermit","hermit:Strike_Hermit","hermit:Strike_Hermit","hermit:Defend_Hermit","hermit:Defend_Hermit","hermit:Defend_Hermit","hermit:Defend_Hermit","hermit:Snapshot+1","hermit:Covet","hermit:GoldenBullet+1","hermit:Deadeye+1","hermit:CalledShot","hermit:Quickdraw","hermit:CalledShot","hermit:Showdown+1","hermit:CalledShot","hermit:Horror","hermit:Headshot","hermit:TakeAim+1","hermit:TakeAim+1","hermit:CalledShot","hermit:HighNoon+1","hermit:Midnight","hermit:Quickdraw","hermit:Combo","hermit:Quickdraw","hermit:Malice","hermit:Misfire","hermit:Ricochet+1","hermit:Reprieve","hermit:HighNoon"],"relics":["hermit:Momento","aspiration:Nostalgia","Guardian:ModeShifter","hubris:Towel","Shuriken","hubris:PeanutButter","Regal Pillow","Guide Book","vexMod:ImprovementManual","MutagenicStrength","Mango","Replay:Bottled Flurry","vexMod:BerryBomb"],"acts_visited":["Exordium","TheCity"],"potions_floor_usage":[5,23,28,31,33,33],"damage_taken":[{"damage":0,"enemies":"2 Louse","floor":1,"turns":3},{"damage":6,"enemies":"Jaw Worm","floor":3,"turns":4},{"damage":0,"enemies":"Cultist","floor":4,"turns":3},{"damage":27,"enemies":"Exordium Thugs","floor":5,"turns":5},{"damage":31,"enemies":"3 Sentries","floor":7,"turns":9},{"damage":2,"enemies":"Looter","floor":8,"turns":2},{"damage":0,"enemies":"2 Fungi Beasts","floor":11,"turns":3},{"damage":0,"enemies":"Exordium Wildlife","floor":12,"turns":2},{"damage":10,"enemies":"Lagavulin","floor":13,"turns":4},{"damage":45,"enemies":"The Guardian","floor":16,"turns":8},{"damage":2,"enemies":"Spheric Guardian","floor":18,"turns":3},{"damage":8,"enemies":"3 Byrds","floor":19,"turns":4},{"damage":7,"enemies":"Snake Plant","floor":22,"turns":2},{"damage":21,"enemies":"Slavers","floor":23,"turns":4},{"damage":19,"enemies":"3 Cultists","floor":25,"turns":7},{"damage":13,"enemies":"Centurion and Healer","floor":28,"turns":3},{"damage":0,"enemies":"Shelled Parasite and Fungi","floor":29,"turns":3},{"damage":9,"enemies":"3 Cultists","floor":30,"turns":4},{"damage":27,"enemies":"Book of Stabbing","floor":31,"turns":4},{"damage":75,"enemies":"Champ","floor":33,"turns":9}],"seed_played":"-8042309326379017817","potions_obtained":[{"floor":3,"key":"AttackPotion"},{"floor":7,"key":"Elixir"},{"floor":11,"key":"champ:CounterPotion"},{"floor":12,"key":"Dexterity Potion"},{"floor":25,"key":"FearPotion"},{"floor":28,"key":"hexamod:EctoCoolerPotion"},{"floor":31,"key":"Strength Potion"}],"is_trial":false,"path_per_floor":["M","?","M","M","M","R","E","M","T","R","M","M","E","$","R","B",null,"M","M","?","?","M","E","R","M","T","R","M","M","M","E","R","B"],"character_chosen":"HERMIT","items_purchased":["Guide Book","hermit:TakeAim","hermit:CalledShot"],"campfire_rested":5,"item_purchase_floors":[14,14,14],"current_hp_per_floor":[75,75,69,69,42,64,33,31,31,53,53,53,43,43,75,30,75,73,65,65,65,58,51,89,70,70,70,57,57,48,31,74,0,0],"gold":301,"neow_bonus":"NOSTALGIA","is_daily":false,"chose_seed":false,"campfire_upgraded":0,"win_rate":0.0,"timestamp":1610057463,"path_taken":["M","?","M","M","M","R","E","M","T","R","M","M","E","$","R","BOSS","M","M","?","?","M","E","R","M","T","R","?","M","M","E","R","BOSS"],"items_purchased_type":["Relic","Card","Card"],"build_version":"2020-12-22","purchased_purges":0,"victory":false,"max_hp_per_floor":[75,75,75,75,75,75,75,75,75,75,75,75,75,75,75,75,75,75,75,75,75,75,89,89,89,89,89,89,89,89,95,95,95,95],"card_choices":[{"not_picked":["hermit:Maintenance","hermit:ItchyTrigger"],"picked":"hermit:GoldenBullet","floor":1},{"not_picked":["hermit:Roulette","hermit:PistolWhip"],"picked":"hermit:Deadeye","floor":3},{"not_picked":["hermit:Maintenance","hermit:TakeCover"],"picked":"hermit:CalledShot","floor":4},{"not_picked":["hermit:Brawl","hermit:BodyArmor"],"picked":"hermit:Quickdraw","floor":5},{"not_picked":["hermit:BodyArmor","hermit:Virtue"],"picked":"hermit:CalledShot","floor":7},{"not_picked":["hermit:SprayPray","hermit:LowProfile"],"picked":"hermit:Showdown","floor":8},{"not_picked":["hermit:BodyArmor","hermit:NoHoldsBarred"],"picked":"hermit:CalledShot","floor":11},{"not_picked":["hermit:HoleUp","hermit:Snipe"],"picked":"hermit:Horror","floor":12},{"not_picked":["hermit:Determination","hermit:Enervate"],"picked":"hermit:Headshot","floor":13},{"not_picked":["hermit:RoundhouseKick","hermit:BlackWind"],"picked":"hermit:HighNoon","floor":16},{"not_picked":["hermit:Vantage","hermit:Coalescence+1"],"picked":"hermit:Midnight","floor":18},{"not_picked":["hermit:Snipe","hermit:Glare+1"],"picked":"hermit:Quickdraw","floor":19},{"not_picked":["hermit:Coalescence","hermit:Misfire+1"],"picked":"hermit:Combo","floor":22},{"not_picked":["hermit:Misfire","hermit:Determination"],"picked":"hermit:Quickdraw","floor":23},{"not_picked":["hermit:ItchyTrigger","hermit:Manifest+1"],"picked":"hermit:Malice","floor":25},{"not_picked":["hermit:Feint","hermit:WideOpen"],"picked":"hermit:Misfire","floor":28},{"not_picked":["hermit:Cheat","hermit:SprayPray"],"picked":"hermit:Ricochet+1","floor":29},{"not_picked":["hermit:WideOpen","hermit:Vantage"],"picked":"hermit:Reprieve","floor":30},{"not_picked":["hermit:Manifest","hermit:LoneWolf"],"picked":"hermit:HighNoon","floor":31}],"player_experience":688547,"relics_obtained":[{"floor":7,"key":"Shuriken"},{"floor":9,"key":"hubris:PeanutButter"},{"floor":13,"key":"Regal Pillow"},{"floor":23,"key":"Mango"},{"floor":26,"key":"Replay:Bottled Flurry"},{"floor":31,"key":"vexMod:BerryBomb"}],"event_choices":[{"damage_healed":0,"gold_gain":0,"player_choice":"Inject Mutagens","damage_taken":0,"relics_obtained":["MutagenicStrength"],"max_hp_gain":0,"max_hp_loss":0,"event_name":"Drug Dealer","floor":20,"gold_loss":0},{"damage_healed":0,"gold_gain":0,"player_choice":"Bought 0 Potions","damage_taken":0,"max_hp_gain":0,"max_hp_loss":0,"event_name":"The Woman in Blue","floor":21,"gold_loss":0}],"is_beta":false,"boss_relics":[{"not_picked":["aspiration:FutureDiary","hubris:TerracottaHorce"],"picked":"vexMod:ImprovementManual"}],"items_purged_floors":[],"is_endless":false,"potions_floor_spawned":[3,7,11,12,16,18,25,28,31],"killed_by":"Champ","ascension_level":0}}