{"host":"2lvuisjyit3p3u01","time":1610047490,"event":{"mods":["Act Like it!","BaseMod","Bestiary","Better Synergies","CapriCore","Colored Map","Colored Powertips","Duelist Mod","GifTheSpireLib","Minty Spire (QoL Compilation)","Quick Restart","Replay The Spire","StSLib"],"gold_per_floor":[135,146,166,166,12,44,44,124,175,208,208,7,7,37,37,139,139,150,150,169,31,41,41,0,0,53,53,53,67,87,103,103,201,201,213,223,223,262,262,287,287,46,46,60,60,72,107,121,121,121],"floor_reached":51,"playtime":10488,"items_purged":["Delirium","theDuelist:CastleWalls"],"score":807,"play_id":"d20260dd-7ac3-4b3e-8bd9-ba7e5a2c901c","local_time":"20210107212450","is_ascension_mode":true,"campfire_choices":[{"data":"theDuelist:LordD","floor":7,"key":"SMITH"},{"data":"theDuelist:CyberDragonCore","floor":13,"key":"SMITH"},{"data":"theDuelist:BabyDragon","floor":15,"key":"SMITH"},{"data":"theDuelist:ChimeratechOverdragon","floor":23,"key":"SMITH"},{"data":"theDuelist:CoralDragon","floor":25,"key":"SMITH"},{"data":"theDuelist:Raigeki","floor":27,"key":"SMITH"},{"data":"theDuelist:BurstBreath","floor":32,"key":"SMITH"},{"floor":41,"key":"REST"},{"floor":45,"key":"REST"},{"floor":49,"key":"REST"}],"circlet_count":0,"master_deck":["theDuelist:BabyDragon","theDuelist:CaveDragon","theDuelist:CaveDragon","theDuelist:LesserDragon","theDuelist:LesserDragon","theDuelist:Sparks","theDuelist:YamataDragon","theDuelist:ForbiddenLance","theDuelist:CyberDragonCore+1","theDuelist:DragonCaptureJar","theDuelist:LordD+1","theDuelist:BabyDragon+1","theDuelist:PotGreed","theDuelist:ChimeratechOverdragon+1","theDuelist:BoosterDragon+1","theDuelist:CoralDragon+1","theDuelist:DragonShield+1","theDuelist:TwinBarrelDragon","theDuelist:TwinBarrelDragon","theDuelist:Raigeki+1","theDuelist:StrayLambs","theDuelist:BurstBreath+1","theDuelist:Freezadon","theDuelist:StardustDragon","theDuelist:TwinBarrelDragon+1","theDuelist:SnowDragon+1","theDuelist:WhiteNightDragon"],"relics":["theDuelist:MillenniumPuzzle","theDuelist:CardPoolRelic","theDuelist:CardPoolBasicRelic","theDuelist:BoosterPackPoolRelic","theDuelist:CardPoolAddRelic","theDuelist:CardPoolMinusRelic","theDuelist:CardPoolSaveRelic","theDuelist:CardPoolOptionsRelic","NeowsBlessing","Orrery","Happy Flower","Smiling Mask","Anchor","Lee\u0027s Waffle","Cables","Runic Cube","theDuelist:PointPass","Ornamental Fan","Anchor","theDuelist:SummonAnchor","Empty Cage","theDuelist:CursedHealer","Onion Ring","theDuelist:CursedHealer","Centennial Puzzle","Iron Hammer","Bronze Scales","Oddly Smooth Stone"],"acts_visited":["Exordium","TheCity","TheBeyond"],"potions_floor_usage":[10,16,30,30,33,40,47,48,50],"damage_taken":[{"damage":0,"enemies":"Cultist","floor":1,"turns":1},{"damage":0,"enemies":"Small Slimes","floor":2,"turns":1},{"damage":0,"enemies":"2 Louse","floor":3,"turns":1},{"damage":12,"enemies":"Lagavulin","floor":6,"turns":5},{"damage":0,"enemies":"3 Sentries","floor":10,"turns":5},{"damage":32,"enemies":"Hexaghost","floor":16,"turns":5},{"damage":0,"enemies":"Spheric Guardian","floor":18,"turns":3},{"damage":2,"enemies":"Chosen","floor":20,"turns":3},{"damage":0,"enemies":"Snake Plant","floor":22,"turns":3},{"damage":5,"enemies":"Sentry and Sphere","floor":29,"turns":3},{"damage":0,"enemies":"Snecko","floor":30,"turns":2},{"damage":4,"enemies":"3 Cultists","floor":31,"turns":4},{"damage":21,"enemies":"Champ","floor":33,"turns":6},{"damage":49,"enemies":"3 Darklings","floor":35,"turns":4},{"damage":13,"enemies":"3 Shapes","floor":36,"turns":4},{"damage":26,"enemies":"R_Hoarder","floor":40,"turns":4},{"damage":9,"enemies":"Spire Growth","floor":44,"turns":4},{"damage":16,"enemies":"Maw","floor":46,"turns":6},{"damage":9,"enemies":"Giant Head","floor":47,"turns":5},{"damage":12,"enemies":"3 Darklings","floor":48,"turns":7},{"damage":25,"enemies":"Replay:Hell Engine","floor":50,"turns":8}],"seed_played":"-5577584277409200855","potions_obtained":[{"floor":3,"key":"Block Potion"},{"floor":10,"key":"Energy Potion"},{"floor":16,"key":"theDuelist:BabyPotion"},{"floor":18,"key":"DuplicationPotion"},{"floor":22,"key":"theDuelist:SummonFuryPotion"},{"floor":29,"key":"FearPotion"},{"floor":33,"key":"theDuelist:WhiteBottle"},{"floor":35,"key":"Dexterity Potion"},{"floor":40,"key":"Toxic Potion"},{"floor":44,"key":"theDuelist:ElectricPotion"}],"is_trial":false,"path_per_floor":["M","M","M","?","$","E","R","?","T","E","?","$","R","?","R_BF","B",null,"M","?","M","$","M","R","?","R","T","R","?","M","M","M","R","B",null,"M","M","?","?","?","E","R","$","T","M","R","M","E","M","R","B",null],"character_chosen":"THE_DUELIST","items_purchased":["Orrery","Lee\u0027s Waffle","theDuelist:PointPass","theDuelist:TwinBarrelDragon","Ornamental Fan","Iron Hammer"],"campfire_rested":3,"item_purchase_floors":[5,12,21,21,21,42],"current_hp_per_floor":[72,72,72,72,72,60,60,60,60,60,60,87,87,87,87,55,79,79,79,77,77,77,77,77,77,77,77,77,72,72,68,68,47,77,28,15,40,6,31,5,31,31,31,22,48,32,23,11,37,12],"gold":121,"neow_bonus":"THREE_ENEMY_KILL","is_daily":false,"chose_seed":false,"campfire_upgraded":7,"win_rate":0.0,"timestamp":1610047490,"path_taken":["M","?","M","?","?","E","R","?","T","E","?","$","R","?","R_BF","BOSS","M","?","M","$","M","R","?","R","T","R","?","M","?","M","R","BOSS","M","?","?","?","?","E","R","$","T","M","R","?","E","M","R","BOSS"],"items_purchased_type":["Relic","Relic","Relic","Card","Relic","Relic"],"build_version":"2020-12-22","purchased_purges":2,"victory":true,"max_hp_per_floor":[80,80,80,80,80,80,80,80,80,80,80,87,87,87,87,87,87,87,87,87,87,87,87,87,87,87,87,87,87,87,87,87,87,87,87,87,87,87,87,87,87,87,87,87,87,87,87,87,87,87],"card_choices":[{"not_picked":["theDuelist:BigFire","theDuelist:Hinotama","theDuelist:LightningDarts","theDuelist:RainbowOverdragon"],"picked":"theDuelist:ForbiddenLance","floor":1},{"not_picked":["theDuelist:TwinHeadedFire","theDuelist:CloudianGhost","theDuelist:ScrapIronScarecrow","theDuelist:DarkDriceratops"],"picked":"theDuelist:CyberDragonCore","floor":2},{"not_picked":["theDuelist:TyrantWing","theDuelist:SpiralSpearStrike+1","theDuelist:DragonShield+1","theDuelist:DefenseZone+1"],"picked":"theDuelist:DragonCaptureJar","floor":3},{"not_picked":["theDuelist:ViceDragon","theDuelist:HazyFlameHydra","theDuelist:FrostflameDragon","theDuelist:ExploderDragon"],"picked":"theDuelist:LordD","floor":5},{"not_picked":["theDuelist:Pyrorex","theDuelist:MegafleetDragon","theDuelist:BlackStego","theDuelist:Berserking"],"picked":"theDuelist:BabyDragon","floor":5},{"not_picked":["theDuelist:Hinotama","theDuelist:BigEye","theDuelist:ReinforcementsArmy","theDuelist:BigKoala"],"picked":"theDuelist:PotGreed","floor":5},{"not_picked":["theDuelist:WingedDragonRa","theDuelist:CyberDragonInfinity"],"picked":"theDuelist:ChimeratechOverdragon","floor":6},{"not_picked":["theDuelist:TyrantWing","theDuelist:CyberLaserDragon","theDuelist:ArtifactSanctum","theDuelist:DragonTreasure"],"picked":"theDuelist:BoosterDragon","floor":10},{"not_picked":["theDuelist:TrihornedDragon","theDuelist:BlizzardDragon","theDuelist:UltraEvolutionPill","theDuelist:FrozenFitzgerald"],"picked":"theDuelist:CoralDragon","floor":18},{"not_picked":["theDuelist:ViceDragon+1","theDuelist:ThunderDragon","theDuelist:LeviaDragon+1","theDuelist:InfernityDoomDragon+1"],"picked":"theDuelist:DragonShield+1","floor":20},{"not_picked":["theDuelist:BigFire+1","theDuelist:ForbiddenLance","theDuelist:LightningDarts+1","theDuelist:SmashingGround"],"picked":"theDuelist:Raigeki","floor":22},{"not_picked":["theDuelist:SafeZone","theDuelist:JurassicImpact","theDuelist:BackupSoldier","theDuelist:ArtifactSanctum+1"],"picked":"theDuelist:BurstBreath","floor":29},{"not_picked":["theDuelist:CyberTwinDragon","theDuelist:BlackPtera","theDuelist:BlackBrachios","theDuelist:TrihornedDragon","theDuelist:BarrelDragon"],"picked":"SKIP","floor":30},{"not_picked":["theDuelist:MadFlameKaiju","theDuelist:Frostosaurus","theDuelist:BlackTyranno","theDuelist:BlackStego"],"picked":"theDuelist:Freezadon","floor":31},{"not_picked":["theDuelist:OceanDragonLord","theDuelist:ChimeratechOverdragon","theDuelist:BlueDuston","theDuelist:BlasterDragonInfernos+1"],"picked":"theDuelist:StardustDragon","floor":33},{"not_picked":["theDuelist:SeismicShockwave+1","theDuelist:MythicWaterDragon","theDuelist:BurstBreath+1"],"picked":"SKIP","floor":35},{"not_picked":["theDuelist:TrihornedDragon+1","theDuelist:SnowdustDragon+1","theDuelist:GaiaDragonChamp+1"],"picked":"SKIP","floor":36},{"not_picked":["theDuelist:BusterDrake+1","theDuelist:BarrelDragon","theDuelist:Freezadon","theDuelist:CyberDragonSieger+1"],"picked":"theDuelist:TwinBarrelDragon+1","floor":38},{"not_picked":["theDuelist:BlackBrachios+1","theDuelist:DreadnoughtDreadnoid+1","theDuelist:AncientGearGadjiltron+1","theDuelist:Babycerasaurus"],"picked":"theDuelist:SnowDragon+1","floor":38},{"not_picked":["theDuelist:SnowdustDragon+1","theDuelist:RedEyesZombie+1"],"picked":"theDuelist:WhiteNightDragon","floor":40},{"not_picked":["theDuelist:TyrantWing","theDuelist:SystemDown","theDuelist:Mountain+1","theDuelist:Berserking+1","theDuelist:CyberLaserDragon+1"],"picked":"SKIP","floor":44},{"not_picked":["theDuelist:BoosterDragon","theDuelist:CoralDragon+1","theDuelist:MetalDragon+1","theDuelist:TwinBarrelDragon","theDuelist:CyberDragonSieger"],"picked":"SKIP","floor":46},{"not_picked":["theDuelist:BigFire+1","theDuelist:HaneHane","theDuelist:BlockGolem+1","theDuelist:Reload","theDuelist:ImperialOrder+1"],"picked":"SKIP","floor":47},{"not_picked":["theDuelist:TwinHeadedFire","theDuelist:Kabazauls","theDuelist:CyberDragonCore+1","theDuelist:Anthrosaurus","theDuelist:DragonPiper"],"picked":"SKIP","floor":48}],"player_experience":265895,"relics_obtained":[{"floor":6,"key":"Happy Flower"},{"floor":9,"key":"Smiling Mask"},{"floor":10,"key":"Anchor"},{"floor":26,"key":"theDuelist:SummonAnchor"},{"floor":38,"key":"Onion Ring"},{"floor":40,"key":"Centennial Puzzle"},{"floor":43,"key":"Bronze Scales"},{"floor":47,"key":"Oddly Smooth Stone"}],"event_choices":[{"damage_healed":0,"gold_gain":0,"player_choice":"Leave","duelist":true,"damage_taken":0,"max_hp_gain":0,"max_hp_loss":0,"event_name":"Relic Duplicator","floor":4,"gold_loss":0},{"damage_healed":0,"gold_gain":0,"player_choice":"Grow","damage_taken":0,"max_hp_gain":0,"max_hp_loss":0,"event_name":"Living Wall","floor":11,"gold_loss":0,"cards_upgraded":["theDuelist:BoosterDragon"]},{"damage_healed":0,"gold_gain":30,"player_choice":"Searched \u00273\u0027 times","damage_taken":0,"relics_obtained":["Cables"],"max_hp_gain":0,"max_hp_loss":0,"event_name":"Dead Adventurer","floor":14,"gold_loss":0},{"damage_healed":0,"gold_gain":0,"player_choice":"Duplicated Relic - Anchor","duelist":true,"damage_taken":0,"max_hp_gain":0,"max_hp_loss":0,"event_name":"Relic Duplicator","floor":24,"gold_loss":0},{"damage_healed":0,"gold_gain":0,"player_choice":"1 cards matched","damage_taken":0,"max_hp_gain":0,"max_hp_loss":0,"event_name":"Match and Keep!","floor":28,"gold_loss":0,"cards_obtained":["theDuelist:StrayLambs"]},{"damage_healed":0,"gold_gain":0,"player_choice":"Succumb - +25HP/Cursed Relic","duelist":true,"damage_taken":0,"max_hp_gain":0,"max_hp_loss":0,"event_name":"Tomb of the Nameless","floor":37,"gold_loss":0},{"damage_healed":0,"gold_gain":0,"player_choice":"Succumb - +25HP/Cursed Relic","duelist":true,"damage_taken":0,"max_hp_gain":0,"max_hp_loss":0,"event_name":"Tomb of the Nameless","floor":39,"gold_loss":0}],"is_beta":false,"boss_relics":[{"not_picked":["ReplayTheSpireMod:DimensionalGlitch","Fusion Hammer"],"picked":"Runic Cube"},{"not_picked":["Black Star","Calling Bell"],"picked":"Empty Cage"}],"items_purged_floors":[12,21],"is_endless":false,"potions_floor_spawned":[3,10,16,18,22,29,33,35,40,44],"ascension_level":6}}