{"host":"2lo6hma6kymb0g9i","time":1610037403,"event":{"mods":["BaseMod","Colored Map","DeckTracker","Minty Spire (QoL Compilation)"],"gold_per_floor":[115,134,134,144,144,144,69,97,97,97,27,27,55,71,71,167,167,181,193,208,208,83,83,83,83,83,83,93,93,127,139,139,241,241,254,264,264,264,99,99,99,99,99,99,116,116,116,131,131,131,131],"floor_reached":50,"playtime":4048,"items_purged":["Strike_B","Defend_B","Zap+1"],"score":562,"play_id":"17087f64-96b9-4b25-ad07-3597bba98376","local_time":"20210108013643","is_ascension_mode":true,"campfire_choices":[{"data":"Go for the Eyes","floor":6.0,"key":"SMITH"},{"data":"Dualcast","floor":10.0,"key":"SMITH"},{"data":"Defragment","floor":15.0,"key":"SMITH"},{"data":"Redo","floor":23.0,"key":"SMITH"},{"data":"Hologram","floor":29.0,"key":"SMITH"},{"floor":32.0,"key":"REST"},{"data":"Defragment","floor":40,"key":"SMITH"},{"data":"Reinforced Body","floor":42,"key":"SMITH"},{"data":"Echo Form","floor":44,"key":"SMITH"},{"data":"Skim","floor":49,"key":"SMITH"}],"circlet_count":0,"master_deck":["Defend_B","Defend_B","Defend_B","Dualcast+1","Cold Snap","Go for the Eyes+1","All For One","Defragment+1","Defragment+1","Cold Snap+1","Redo+1","Doom and Gloom+1","Hologram+1","Skim+1","Echo Form+1","Chaos+1","Turbo","Reinforced Body+1","Loop"],"relics":["Cracked Core","Ornamental Fan","Molten Egg 2","Tiny Chest","Bag of Preparation","Empty Cage","Nilry\u0027s Codex","Girya","Art of War","Darkstone Periapt","Cursed Key"],"acts_visited":["Exordium","TheCity","TheBeyond"],"potions_floor_usage":[41,41,50],"damage_taken":[{"damage":0.0,"enemies":"Small Slimes","floor":1.0,"turns":3.0},{"damage":3.0,"enemies":"Jaw Worm","floor":2.0,"turns":4.0},{"damage":0.0,"enemies":"Cultist","floor":4.0,"turns":3.0},{"damage":29.0,"enemies":"Gremlin Nob","floor":8.0,"turns":6.0},{"damage":10.0,"enemies":"3 Sentries","floor":13.0,"turns":6.0},{"damage":8.0,"enemies":"Exordium Thugs","floor":14.0,"turns":4.0},{"damage":5.0,"enemies":"The Guardian","floor":16.0,"turns":14.0},{"damage":0.0,"enemies":"3 Byrds","floor":18.0,"turns":5.0},{"damage":1.0,"enemies":"Shell Parasite","floor":19.0,"turns":6.0},{"damage":11.0,"enemies":"Centurion and Healer","floor":20.0,"turns":15.0},{"damage":7.0,"enemies":"Shelled Parasite and Fungi","floor":28.0,"turns":5.0},{"damage":16.0,"enemies":"Book of Stabbing","floor":30.0,"turns":4.0},{"damage":14.0,"enemies":"Snake Plant","floor":31.0,"turns":3.0},{"damage":22.0,"enemies":"Automaton","floor":33.0,"turns":11.0},{"damage":23.0,"enemies":"3 Darklings","floor":35.0,"turns":4.0},{"damage":4.0,"enemies":"3 Shapes","floor":36.0,"turns":4.0},{"damage":5,"enemies":"Writhing Mass","floor":41,"turns":2},{"damage":40,"enemies":"4 Shapes","floor":45,"turns":5},{"damage":24,"enemies":"Jaw Worm Horde","floor":48,"turns":5},{"damage":43,"enemies":"Awakened One","floor":50,"turns":7}],"seed_played":"-7190920445074580693","potions_obtained":[{"floor":8.0,"key":"FearPotion"},{"floor":14.0,"key":"Strength Potion"},{"floor":28.0,"key":"FocusPotion"},{"floor":30.0,"key":"PowerPotion"},{"floor":31.0,"key":"SneckoOil"},{"floor":33.0,"key":"SmokeBomb"},{"floor":35.0,"key":"AttackPotion"}],"is_trial":false,"path_per_floor":["M","M","?","M","?","R","$","E","T","R","$","?","E","M","R","B",null,"M","M","M","?","$","R","T","?","T","$","M","R","E","M","R","B",null,"M","M","?","T","$","R","M","R","T","R","M","$","?","M","R","B"],"character_chosen":"DEFECT","items_purchased":["Defragment","Hologram","Reinforced Body"],"campfire_rested":1,"item_purchase_floors":[11,22,39],"current_hp_per_floor":[75,72,65,65,65,65,65,36,36,36,36,36,26,18,18,13,75,75,74,63,47,47,47,47,47,47,47,40,40,24,10,32,10,75,52,48,48,48,48,48,43,43,43,43,3,3,66,42,42,0,0],"gold":131,"neow_bonus":"UPGRADE_CARD","is_daily":false,"chose_seed":false,"campfire_upgraded":9,"win_rate":0.0,"timestamp":1610037403,"path_taken":["M","M","?","M","?","R","?","E","T","R","$","?","E","?","R","BOSS","M","M","M","?","?","R","?","?","T","?","M","R","E","M","R","BOSS","M","M","?","?","$","R","M","R","T","R","M","?","?","M","R","BOSS"],"items_purchased_type":["Card","Card","Card"],"build_version":"2020-12-22","purchased_purges":3,"victory":false,"max_hp_per_floor":[75,75,75,75,75,75,75,75,75,75,75,75,75,75,75,75,75,75,75,75,75,75,75,75,75,75,75,75,75,75,75,75,75,75,75,75,75,75,75,75,75,75,75,75,75,75,66,66,66,66,66],"card_choices":[{"not_picked":["Rebound","Compile Driver","Steam"],"picked":"SKIP","floor":1.0},{"not_picked":["Steam","Beam Cell"],"picked":"Cold Snap","floor":2.0},{"not_picked":["Heatsinks","Hello World"],"picked":"Go for the Eyes","floor":4.0},{"not_picked":["Ball Lightning","Storm"],"picked":"All For One","floor":8.0},{"not_picked":["Static Discharge","Tempest"],"picked":"Defragment","floor":13.0},{"not_picked":["Compile Driver+1","Loop"],"picked":"Cold Snap+1","floor":14.0},{"not_picked":["Defragment","Steam"],"picked":"Redo","floor":18.0},{"not_picked":["Cold Snap+1","White Noise","Aggregate"],"picked":"SKIP","floor":19.0},{"not_picked":["Beam Cell+1","Steam Power"],"picked":"Doom and Gloom+1","floor":20.0},{"not_picked":["Leap","Melter+1"],"picked":"Skim","floor":28.0},{"not_picked":["Barrage+1","Force Field"],"picked":"Echo Form","floor":30.0},{"not_picked":["Coolheaded","Reprogram"],"picked":"Chaos+1","floor":31.0},{"not_picked":["Sweeping Beam+1","Beam Cell+1"],"picked":"Turbo","floor":35.0},{"not_picked":["Ball Lightning+1","Consume+1","Go for the Eyes+1"],"picked":"SKIP","floor":36.0},{"not_picked":["Steam+1","Cold Snap+1","Recycle"],"picked":"SKIP","floor":45},{"not_picked":["Barrage+1","Go for the Eyes+1"],"picked":"Loop","floor":48}],"player_experience":942947,"relics_obtained":[{"floor":8.0,"key":"Ornamental Fan"},{"floor":9.0,"key":"Molten Egg 2"},{"floor":13.0,"key":"Bag of Preparation"},{"floor":21.0,"key":"Nilry\u0027s Codex"},{"floor":24.0,"key":"Girya"},{"floor":26.0,"key":"Art of War"},{"floor":30.0,"key":"Darkstone Periapt"}],"event_choices":[{"cards_removed":["Strike_B"],"damage_healed":0.0,"max_hp_gain":0.0,"max_hp_loss":0.0,"gold_gain":0.0,"event_name":"Golden Wing","player_choice":"Card Removal","floor":3.0,"gold_loss":0.0,"damage_taken":7.0},{"damage_healed":0.0,"max_hp_gain":0.0,"max_hp_loss":0.0,"gold_gain":0.0,"event_name":"Liars Game","player_choice":"Ignored","floor":5.0,"gold_loss":0.0,"damage_taken":0.0},{"damage_healed":0.0,"max_hp_gain":0.0,"max_hp_loss":0.0,"gold_gain":0.0,"event_name":"WeMeetAgain","player_choice":"Gave Potion","floor":12.0,"gold_loss":0.0,"damage_taken":0.0,"relics_obtained":["Tiny Chest"]},{"damage_healed":0.0,"max_hp_gain":0.0,"max_hp_loss":0.0,"gold_gain":0.0,"event_name":"Cursed Tome","player_choice":"Obtained Book","floor":21.0,"gold_loss":0.0,"damage_taken":16.0},{"damage_healed":0.0,"max_hp_gain":0.0,"max_hp_loss":0.0,"gold_gain":0.0,"event_name":"Ghosts","player_choice":"Ignored","floor":25.0,"gold_loss":0.0,"damage_taken":0.0},{"damage_healed":0.0,"max_hp_gain":0.0,"max_hp_loss":0.0,"gold_gain":0.0,"event_name":"Tomb of Lord Red Mask","player_choice":"Ignored","floor":37.0,"gold_loss":0.0,"damage_taken":0.0},{"damage_healed":66,"gold_gain":0,"player_choice":"Heal","damage_taken":0,"max_hp_gain":0,"max_hp_loss":9,"event_name":"The Moai Head","floor":47,"gold_loss":0}],"is_beta":false,"boss_relics":[{"not_picked":["SlaversCollar","SacredBark"],"picked":"Empty Cage"},{"not_picked":["Sozu","Fusion Hammer"],"picked":"Cursed Key"}],"items_purged_floors":[7,22,39],"is_endless":false,"potions_floor_spawned":[8,14,28,30,31,33,35,41],"killed_by":"Awakened One","ascension_level":4}}