{"host":"ig7tc0uedzltt2sr","time":1610063811,"event":{"mods":["BaseMod","Better Twitch Integration","Block Reminder","Colored Map","Colored Powertips","Communication Mod","Current Relic Mod","GifTheSpireLib","HexUI Lib","Minty Spire (QoL Compilation)","Quick Restart","Random Character Button","Rare Cards Sparkle","Relic Sorter","Relic Stats","Slay the Relics Exporter","StSLib","SuperFastMode","Synergy Search","Twitch Decklist","Twitch Utils","everything is the same but u backflip on backflip","slay the spire mod where everything is the same but ironclad has a cowboy hat"],"gold_per_floor":[115,129,129,129,91,19,29,45,70,86,86,86],"floor_reached":11,"playtime":49,"items_purged":[],"score":65,"play_id":"77b4bbce-4560-486b-a132-7df9a68ab49c","local_time":"20210107155651","is_ascension_mode":false,"campfire_choices":[],"circlet_count":0,"master_deck":["Strike_R","Strike_R","Strike_R","Strike_R","Strike_R","Defend_R","Defend_R","Defend_R","Bash","Searing Blow","Pommel Strike","True Grit","Reckless Charge","Limit Break","Heavy Blade"],"relics":["Burning Blood","NeowsBlessing"],"acts_visited":["Exordium"],"potions_floor_usage":[],"damage_taken":[{"damage":0,"enemies":"Small Slimes","floor":1,"turns":2},{"damage":0,"enemies":"2 Louse","floor":2,"turns":1},{"damage":0,"enemies":"Jaw Worm","floor":7,"turns":1},{"damage":1,"enemies":"Exordium Wildlife","floor":8,"turns":4},{"damage":36,"enemies":"Gremlin Gang","floor":10,"turns":6},{"damage":75,"enemies":"Gremlin Nob","floor":11,"turns":6}],"seed_played":"5653938722630488634","potions_obtained":[{"floor":1,"key":"Explosive Potion"},{"floor":2,"key":"Strength Potion"}],"is_trial":false,"path_per_floor":["M","M","?","?","?","$","M","M","T","M","E"],"character_chosen":"IRONCLAD","items_purchased":["Block Potion","True Grit"],"campfire_rested":0,"item_purchase_floors":[6,6],"current_hp_per_floor":[80,80,80,80,80,80,80,80,80,50,0,0],"gold":86,"neow_bonus":"THREE_ENEMY_KILL","is_daily":false,"chose_seed":false,"campfire_upgraded":0,"win_rate":0.0,"timestamp":1610063811,"path_taken":["M","M","?","?","?","$","?","M","T","M","E"],"items_purchased_type":["Potion","Card"],"build_version":"2020-12-22","purchased_purges":0,"victory":false,"max_hp_per_floor":[80,80,80,80,80,80,80,80,80,80,80,80],"relic_stats":{"counters":[6,20],"obtain_stats":[{"NeowsBlessing":0,"Burning Blood":0},{"NeowsBlessing":0,"Burning Blood":0},{"NeowsBlessing":0,"Burning Blood":0}],"Burning Blood":7},"card_choices":[{"not_picked":["Heavy Blade","Rampage"],"picked":"Searing Blow","floor":1},{"not_picked":["Sword Boomerang","Cleave"],"picked":"Pommel Strike","floor":2},{"not_picked":["Clash","Warcry"],"picked":"Reckless Charge","floor":7},{"not_picked":["Bloodletting","Whirlwind"],"picked":"Limit Break","floor":8},{"not_picked":["Iron Wave","Thunderclap"],"picked":"Heavy Blade","floor":10}],"player_experience":1462419,"relics_obtained":[],"event_choices":[{"damage_healed":0,"gold_gain":0,"player_choice":"Leave","damage_taken":0,"max_hp_gain":0,"max_hp_loss":0,"event_name":"The Cleric","floor":3,"gold_loss":0},{"cards_removed":["Defend_R"],"damage_healed":0,"gold_gain":0,"player_choice":"Forget","damage_taken":0,"max_hp_gain":0,"max_hp_loss":0,"event_name":"Living Wall","floor":4,"gold_loss":0},{"damage_healed":0,"gold_gain":0,"player_choice":"Left Gold","damage_taken":0,"max_hp_gain":0,"max_hp_loss":0,"event_name":"World of Goop","floor":5,"gold_loss":38}],"is_beta":false,"boss_relics":[],"items_purged_floors":[],"is_endless":false,"potions_floor_spawned":[1,2],"killed_by":"Gremlin Nob","ascension_level":0}}