{"host":"eeeqmyc7a1933jos","time":1610013682,"event":{"mods":["2.2 Compatiblity","Act Like it!","BaseMod","CapriCore","Colored Powertips","Conspire","Downfall","Elementarium","Friendly Minions","Gensokyo","GifTheSpireLib","Gremlin Mod","Hallownest","Hermit","Hubris","Infinite Spire","Jorbs\u0027s Wanderer Trilogy","Marisa????????","Mimic Mod","Minty Spire (QoL Compilation)","Pale of the Ancients","Random Character Button","Random Character Mod","Reimu??????","Relic Sorter","Relic Stats","Replay The Spire","SIMod","Shade Mod","StSLib","The Administrix","The Bug Knight","The Hierophant","The Immortal","The Mystic","The Runesmith","The Senshi","The Vixen","TheBandit","TheFirefly","TheVacant","Wandering Minibosses"],"gold_per_floor":[99,118,98,113,8,21,21,21,19,19,46,46,46,56,70,172,172,97,115,134,183,193,222,222,32,32,32,17,17,28,28,39,39,53,153,153,153,173,189,189,189,216,266,266,229,229,259,46,61,61,75,75],"floor_reached":53,"playtime":5523,"items_purged":["Pain","Slimebound:Defend_Slimebound"],"score":928,"play_id":"8d9d3bc9-5a9b-423f-a492-aba85c6244aa","local_time":"20210107110122","is_ascension_mode":true,"campfire_choices":[{"data":"Slimebound:MassRepurpose","floor":1,"key":"SMITH"},{"data":"Slimebound:RallyTheTroops","floor":10,"key":"SMITH"},{"data":"Slimebound:LeadByExample","floor":13,"key":"SMITH"},{"data":"Slimebound:SelfFormingGoo","floor":18,"key":"SMITH"},{"data":"1","floor":29,"key":"LIFT"},{"data":"2","floor":31,"key":"LIFT"},{"data":"3","floor":37,"key":"LIFT"},{"data":"Slimebound:SlimeBarrage","floor":44,"key":"SMITH"},{"data":"Slimebound:MassRepurpose","floor":46,"key":"SMITH"}],"circlet_count":0,"master_deck":["Slimebound:Strike_Slimebound","Slimebound:Strike_Slimebound","Slimebound:Strike_Slimebound","Slimebound:Tackle","Slimebound:Defend_Slimebound","Slimebound:Defend_Slimebound","Slimebound:Defend_Slimebound","Slimebound:Split","Slimebound:CorrosiveSpit","Slimebound:MassRepurpose+1","Slimebound:SamplingLick","Slimebound:SplitLeeching","Slimebound:SplitMire","Slimebound:SplitBruiser","Slimebound:RallyTheTroops+1","Slimebound:LeadByExample+1","Slimebound:Prepare","Gensokyo:SummonJeweledCobra","Slimebound:LevelUp","Slimebound:SplitAcid","Slimebound:SelfFormingGoo+1","Slimebound:SamplingLick","Slimebound:SlimeTap","Slimebound:SplitAcid+1","Slimebound:Prepare","Slimebound:SplitAcid+1","Slimebound:Schlurp","Slimebound:SlimeBarrage+1","Slimebound:Dissolve+1","Slimebound:SplitLeeching+1","Slimebound:MassRepurpose+1","AbeCurse","Slimebound:SamplingLick","Slimebound:LeechEnergy+1","infinitespire:Collect","Replay:SS_fish_3","expansioncontent:Flail","Replay:SS_forest_5","Slimebound:SplitBruiser","Slimebound:SamplingLick+1","Slimebound:SplitMire","Slimebound:SamplingLick","Slimebound:SlimeTap","Slimebound:LevelUp+1","Slimebound:HauntingLick","Slimebound:Replication+1","Slimebound:SplitLeeching+1"],"relics":["hubris:MysteriousPyramids","Gensokyo:Companionship","hermit:Momento","hubris:DeckOfHolding","Guardian:BottledAnomaly","theSenshi:HolyMoonChaliceRelic","Geode","Pyrelight","Girya","MarkOfWind","Guardian:PickAxe","conspire:RunicOctahedron","thefirefly:StealthSystem","infinitespire:Chaos","Elementarium:GolemsHeart","Abe\u0027s Treasure","Replay:Rubber Ducky","infinitespire:Lucky Rock","conspire:TopHat","hubris:TinFlute","Centennial Puzzle"],"acts_visited":["Exordium","Gensokyo:Gensokyo","TheBeyond"],"potions_floor_usage":[16,23,47],"damage_taken":[{"damage":4,"enemies":"Gensokyo:Python","floor":2,"turns":5},{"damage":16,"enemies":"Gensokyo:2_Kodama","floor":3,"turns":6},{"damage":8,"enemies":"Gensokyo:3_Fairies","floor":4,"turns":4},{"damage":16,"enemies":"Gensokyo:3_Kodama","floor":6,"turns":6},{"damage":29,"enemies":"Gensokyo:Kitsune","floor":9,"turns":5},{"damage":25,"enemies":"Gensokyo:Cirno","floor":11,"turns":6},{"damage":12,"enemies":"Gensokyo:2_Rabbits","floor":14,"turns":5},{"damage":5,"enemies":"Gensokyo:3_Kodama","floor":15,"turns":3},{"damage":39,"enemies":"downfall:Defect","floor":16,"turns":5},{"damage":21,"enemies":"Elementarium:2_ELEMENTALS","floor":19,"turns":3},{"damage":11,"enemies":"Elementarium:VoidCorruption","floor":20,"turns":4},{"damage":15,"enemies":"Elementarium:3_ELEMENTALS","floor":22,"turns":3},{"damage":16,"enemies":"Elementarium:FIRE_NOBILITY","floor":23,"turns":3},{"damage":25,"enemies":"downfall:FleeingMerchant","floor":25,"turns":5},{"damage":24,"enemies":"downfall:FleeingMerchant","floor":28,"turns":4},{"damage":21,"enemies":"Elementarium:Hydrostalker","floor":30,"turns":3},{"damage":16,"enemies":"Elementarium:STONE_GOLEMS","floor":32,"turns":3},{"damage":26,"enemies":"Elementarium:VOID_CORRUPTION_AND_TAR_GOLEM","floor":34,"turns":4},{"damage":43,"enemies":"downfall:Watcher","floor":35,"turns":5},{"damage":11,"enemies":"Orb Walker","floor":38,"turns":2},{"damage":12,"enemies":"3 Shapes","floor":39,"turns":3},{"damage":12,"enemies":"HollowMod:StalkingDevout","floor":42,"turns":4},{"damage":28,"enemies":"downfall:FleeingMerchant","floor":45,"turns":3},{"damage":28,"enemies":"Reptomancer","floor":47,"turns":2},{"damage":40,"enemies":"Transient","floor":49,"turns":5},{"damage":20,"enemies":"Sphere and 2 Shapes","floor":51,"turns":3},{"damage":48,"enemies":"downfall:Ironclad","floor":52,"turns":4}],"seed_played":"-4608938792368024465","potions_obtained":[{"floor":2,"key":"sneckomod:MuddlingPotion"},{"floor":9,"key":"DistilledChaos"},{"floor":14,"key":"Venom Potion"},{"floor":15,"key":"BlessingOfTheForge"},{"floor":19,"key":"SkillPotion"},{"floor":30,"key":"EssenceOfSteel"},{"floor":51,"key":"Slimebound:SlimedPotion"}],"is_trial":false,"path_per_floor":["R","M","M","M","COS","M","T","?","M","R","E","T","R","M","M","B",null,"R","M","M","?","M","E","T","$","PTL","PTL","$","R","M","R","M","?","M","B",null,"R","M","M","AVR","?","E","T","R","?","R","E","$","M","?","M","B",null],"character_chosen":"SLIMEBOUND","items_purchased":["Slimebound:SlimeBarrage","infinitespire:Chaos","hubris:TinFlute","Slimebound:SplitMire","Slimebound:SlimeTap","Slimebound:LevelUp+1","Slimebound:HauntingLick"],"campfire_rested":0,"item_purchase_floors":[25,25,45,45,48,48,48],"current_hp_per_floor":[42,50,50,60,60,57,57,57,60,60,60,60,60,56,60,45,60,70,69,70,53,58,62,62,69,69,69,66,66,65,65,57,57,63,67,70,70,67,70,70,60,68,68,68,70,70,70,70,70,70,70,70],"gold":75,"neow_bonus":"THREE_RARE_CARDS","is_daily":false,"chose_seed":false,"campfire_upgraded":6,"win_rate":0.0,"timestamp":1610013682,"path_taken":["R","M","M","M","COS","M","T","?","M","R","E","?","R","M","M","BOSS","R","M","M","?","M","E","T","?","PTL","PTL","?","R","M","R","?","?","M","BOSS","R","M","M","AVR","?","E","T","R","?","R","E","$","M","?","M","BOSS"],"items_purchased_type":["Card","Relic","Relic","Card","Card","Card","Card"],"build_version":"2020-12-22","purchased_purges":2,"victory":true,"max_hp_per_floor":[60,60,60,60,60,60,60,60,60,60,60,60,60,60,60,60,60,70,70,70,70,70,70,70,70,70,70,70,70,70,70,70,70,70,70,70,70,70,70,70,70,70,70,70,70,70,70,70,70,70,70,70],"relic_stats":{"Centennial Puzzle":[9],"counters":[27,107],"obtain_stats":[{"Lantern":12,"hubris:MysteriousPyramids":25,"conspire:TopHat":43,"Replay:Rubber Ducky":40,"Guardian:PickAxe":25,"Centennial Puzzle":47,"Ring of Fangs":8,"Gensokyo:Companionship":15,"theSenshi:HolyMoonChaliceRelic":25,"downfall:HeartBlessingBlue":18,"Ring of Peace":8,"MarkOfWind":25,"MealTicket":11,"hubris:DeckOfHolding":25,"Guardian:BottledAnomaly":25,"infinitespire:Chaos":25,"hubris:TinFlute":45,"thefirefly:StealthSystem":25,"Girya":25,"wanderingMiniBosses:ThiefScarf":25,"infinitespire:EmptyRelic":25,"conspire:RunicOctahedron":17,"Pyrelight":25,"Geode":25,"infinitespire:Lucky Rock":42,"CrazyTorch:ReiMu":21,"Elementarium:GolemsHeart":33,"Slimebound:AbsorbEndCombat":0,"Garlic":24,"infinitespire:PuzzleCube":23,"hermit:Momento":25,"Abe\u0027s Treasure":36},{"Lantern":6,"hubris:MysteriousPyramids":14,"conspire:TopHat":22,"Replay:Rubber Ducky":21,"Guardian:PickAxe":14,"Centennial Puzzle":24,"Ring of Fangs":4,"Gensokyo:Companionship":8,"theSenshi:HolyMoonChaliceRelic":14,"downfall:HeartBlessingBlue":9,"Ring of Peace":4,"MarkOfWind":14,"MealTicket":6,"hubris:DeckOfHolding":14,"Guardian:BottledAnomaly":14,"infinitespire:Chaos":14,"hubris:TinFlute":23,"thefirefly:StealthSystem":14,"Girya":14,"wanderingMiniBosses:ThiefScarf":14,"infinitespire:EmptyRelic":14,"conspire:RunicOctahedron":9,"Pyrelight":14,"Geode":14,"infinitespire:Lucky Rock":22,"CrazyTorch:ReiMu":11,"Elementarium:GolemsHeart":17,"Slimebound:AbsorbEndCombat":0,"Garlic":13,"infinitespire:PuzzleCube":13,"hermit:Momento":14,"Abe\u0027s Treasure":19},{"Lantern":31,"hubris:MysteriousPyramids":62,"conspire:TopHat":90,"Replay:Rubber Ducky":86,"Guardian:PickAxe":62,"Centennial Puzzle":95,"Ring of Fangs":20,"Gensokyo:Companionship":37,"theSenshi:HolyMoonChaliceRelic":62,"downfall:HeartBlessingBlue":44,"Ring of Peace":20,"MarkOfWind":62,"MealTicket":31,"hubris:DeckOfHolding":62,"Guardian:BottledAnomaly":62,"infinitespire:Chaos":62,"hubris:TinFlute":93,"thefirefly:StealthSystem":62,"Girya":62,"wanderingMiniBosses:ThiefScarf":62,"infinitespire:EmptyRelic":62,"conspire:RunicOctahedron":44,"Pyrelight":62,"Geode":62,"infinitespire:Lucky Rock":90,"CrazyTorch:ReiMu":51,"Elementarium:GolemsHeart":72,"Slimebound:AbsorbEndCombat":0,"Garlic":57,"infinitespire:PuzzleCube":57,"hermit:Momento":62,"Abe\u0027s Treasure":81}]},"card_choices":[{"not_picked":["Slimebound:LeechLife","Slimebound:DouseInSlime"],"picked":"Slimebound:MassRepurpose","floor":0},{"not_picked":["Slimebound:ProtectTheBoss","Slimebound:LeechingTouch"],"picked":"Slimebound:SamplingLick","floor":2},{"not_picked":["Slimebound:LeechingTouch","Slimebound:SamplingLick"],"picked":"Slimebound:SplitLeeching","floor":3},{"not_picked":["Slimebound:SlimeTap","Slimebound:Grow"],"picked":"Slimebound:SplitMire","floor":4},{"not_picked":["Slimebound:SlimeSpikes","Slimebound:SplitMire"],"picked":"Slimebound:SplitBruiser","floor":6},{"not_picked":["Slimebound:DouseInSlime","Slimebound:SlimeSlap"],"picked":"Slimebound:RallyTheTroops","floor":9},{"not_picked":["Slimebound:Replication","Slimebound:RollThrough"],"picked":"Slimebound:LeadByExample","floor":9},{"not_picked":["Slimebound:Chomp","Slimebound:RejuvenatingLick"],"picked":"Slimebound:Prepare","floor":11},{"not_picked":["Slimebound:FlameTackle","Slimebound:LeechEnergy"],"picked":"Slimebound:LevelUp","floor":14},{"not_picked":["Slimebound:Schlurp","Slimebound:SplitMire"],"picked":"Slimebound:SplitAcid","floor":15},{"not_picked":["Slimebound:WasteNot","Slimebound:OozeBath"],"picked":"Slimebound:SelfFormingGoo","floor":16},{"not_picked":["Slimebound:PressTheAttack","Slimebound:SlimeSpikes"],"picked":"Slimebound:SamplingLick","floor":19},{"not_picked":["Slimebound:Prepare","Slimebound:ItLooksTasty"],"picked":"Slimebound:SlimeTap","floor":20},{"not_picked":["Slimebound:AcidTongue+1","Slimebound:LeadByExample"],"picked":"Slimebound:SplitAcid+1","floor":21},{"not_picked":["Slimebound:RollThrough","Slimebound:FinishingTackle"],"picked":"Slimebound:Prepare","floor":21},{"not_picked":["Slimebound:GoopSpray","Slimebound:SplitLeeching"],"picked":"Slimebound:SplitAcid+1","floor":22},{"not_picked":["Slimebound:Prepare+1","Slimebound:SplitMire"],"picked":"Slimebound:Schlurp","floor":23},{"not_picked":["Slimebound:PressTheAttack","Slimebound:ProtectTheBoss","Slimebound:BestDefense"],"picked":"SKIP","floor":25},{"not_picked":["Slimebound:ComboTackle","Slimebound:GrowthPunch"],"picked":"Slimebound:Dissolve+1","floor":28},{"not_picked":["Slimebound:Gluttony","Slimebound:LivingWall","Slimebound:RainOfGoop"],"picked":"SKIP","floor":30},{"not_picked":["Slimebound:ComboTackle","Slimebound:RollThrough","Slimebound:ViciousTackle"],"picked":"SKIP","floor":32},{"not_picked":["Slimebound:WasteNot","Slimebound:Grow+1"],"picked":"Slimebound:SplitLeeching+1","floor":34},{"not_picked":["Slimebound:DouseInSlime","Slimebound:Overexert"],"picked":"Slimebound:MassRepurpose","floor":35},{"not_picked":["Slimebound:GrowthPunch+1","Slimebound:Schlurp"],"picked":"Slimebound:SamplingLick","floor":38},{"not_picked":["Slimebound:GrowthPunch","Slimebound:PressTheAttack+1"],"picked":"Slimebound:LeechEnergy+1","floor":39},{"not_picked":["Replay:SS_forest_2","expansioncontent:ChargeUp"],"picked":"Replay:SS_fish_3","floor":41},{"not_picked":["expansioncontent:CaCaw","expansioncontent:FaceSlap"],"picked":"expansioncontent:Flail","floor":41},{"not_picked":["expansioncontent:Sear","expansioncontent:Collect"],"picked":"Replay:SS_forest_5","floor":41},{"not_picked":["Slimebound:FinishingTackle+1","Slimebound:SamplingLick+1"],"picked":"Slimebound:SplitBruiser","floor":42},{"not_picked":["Slimebound:HauntingLick","Slimebound:Schlurp+1"],"picked":"Slimebound:SamplingLick+1","floor":45},{"not_picked":["Slimebound:DouseInSlime","Slimebound:PressTheAttack"],"picked":"Slimebound:SamplingLick","floor":47},{"not_picked":["Slimebound:RollThrough","Slimebound:Schlurp+1"],"picked":"Slimebound:Replication+1","floor":49},{"not_picked":["Slimebound:ComboTackle","Slimebound:LeechingTouch+1"],"picked":"Slimebound:SplitLeeching+1","floor":51}],"player_experience":1404831,"relics_obtained":[{"floor":8,"key":"Ring of Peace"},{"floor":8,"key":"Ring of Fangs"},{"floor":11,"key":"MealTicket"},{"floor":12,"key":"Lantern"},{"floor":21,"key":"CrazyTorch:ReiMu"},{"floor":23,"key":"infinitespire:PuzzleCube"},{"floor":24,"key":"Garlic"},{"floor":25,"key":"wanderingMiniBosses:ThiefScarf"},{"floor":25,"key":"Ring of Fangs"},{"floor":42,"key":"infinitespire:Lucky Rock"},{"floor":43,"key":"conspire:TopHat"},{"floor":47,"key":"Centennial Puzzle"}],"event_choices":[{"damage_healed":0,"gold_gain":0,"player_choice":"Chest","damage_taken":0,"relics_obtained":["Elementarium:GolemsHeart"],"max_hp_gain":0,"max_hp_loss":0,"event_name":"Elementarium:AbandonedFactory","floor":33,"gold_loss":0,"cards_obtained":["Pain"]}],"is_beta":false,"boss_relics":[{"not_picked":["hubris:VirtuousBlindfold","Astrolabe"],"picked":"conspire:RunicOctahedron"},{"not_picked":["conspire:SpecialSausage","hubris:TerracottaHorce"],"picked":"Abe\u0027s Treasure"}],"items_purged_floors":[40,45],"is_endless":false,"potions_floor_spawned":[2,9,14,15,19,20,30,35,38,51],"ascension_level":1}}