{"host":"ixqzyafodex1tsi5","time":1610008998,"event":{"mods":["ATMod(°¢èªMod)","AchievementEnabler","Act Like it!","BaseMod","Gensokyo","GifTheSpireLib","Lobotomy","LobotomyExtend","Luminous","Minty Spire (QoL Compilation)","Relic Stats","Replay The Spire","RumiaBox-Â¶Ã×æ«µÄÉñÃØºÐ×Ó","Shop Mod","Spicy Shops","StSLib","The Cursed","[IsaacMod]ÒÔÈö¼âËþ","¡¾¹¦ÄÜMod¡¿»ìãçÖ®»·ÐÞ¸´²¹¶¡","¡¾ÒÅÎï¿¨ÅÆ¡¿REMEMod"],"gold_per_floor":[109,120,136,311,330,355,355,374,419,465,481,481,542,569,578,735,735,884,907,88,131,168,248,75,75,75,222,222],"floor_reached":27,"playtime":1532,"items_purged":["Doubt","Defend_R"],"score":425,"play_id":"8d253db6-7d11-4650-b724-62295d91db8c","local_time":"20210107164318","is_ascension_mode":true,"campfire_choices":[{"data":"GoldRush","floor":7.0,"key":"SMITH"}],"circlet_count":0,"master_deck":["Strike_R","Defend_R+1","Defend_R","Bash","AT_ManFootWork","GoldRush+1","MHz","Twin Strike","REME_Cut","Sword Boomerang","Immolate","Funeral","BigBird","REME_ACTH","Woodsman","AT_DrawKnifeCut+1"],"relics":["Burning Blood","REME_ComplimentaryCards","HushsDoor","AT_ATBox","BFFS","CogitoBucket","RabbitCall","LetterFromLob","Matryoshka","HellTrain","SalivaCoin","CeramicFish","ReplayTheSpireMod:TigerMarble","TheBean","Centennial Puzzle","ZombieArmy","Ring of Chaos","AdjustmentMirror","SSSystem","Art of War","TheAbacus","Akabeko","War Paint","Charon\u0027s Ashes","Strange Spoon"],"acts_visited":["Exordium","TheCity"],"potions_floor_usage":[23,27,27],"damage_taken":[{"damage":1.0,"enemies":"Cultist","floor":1.0,"turns":3.0},{"damage":2.0,"enemies":"Jaw Worm","floor":2.0,"turns":3.0},{"damage":0.0,"enemies":"2 Louse","floor":3.0,"turns":3.0},{"damage":11.0,"enemies":"Blue Slaver","floor":5.0,"turns":3.0},{"damage":35.0,"enemies":"3 Sentries","floor":6.0,"turns":8.0},{"damage":37.0,"enemies":"Red Slaver","floor":8.0,"turns":5.0},{"damage":1.0,"enemies":"Lagavulin","floor":10.0,"turns":2.0},{"damage":0.0,"enemies":"Gremlin Gang","floor":11.0,"turns":1.0},{"damage":11.0,"enemies":"3 Sentries","floor":13.0,"turns":2.0},{"damage":26.0,"enemies":"The Guardian","floor":16.0,"turns":5.0},{"damage":27.0,"enemies":"3 Byrds","floor":18.0,"turns":4.0},{"damage":1.0,"enemies":"Spheric Guardian","floor":19.0,"turns":2.0},{"damage":31.0,"enemies":"Snake Plant","floor":21.0,"turns":2.0},{"damage":10.0,"enemies":"Cultist and Chosen","floor":22.0,"turns":3.0},{"damage":48,"enemies":"Slavers","floor":23,"turns":3},{"damage":96,"enemies":"Centurion and Healer","floor":27,"turns":9}],"seed_played":"-2553188329282980227","potions_obtained":[{"floor":3.0,"key":"Regen Potion"},{"floor":6.0,"key":"ElixirPotion"},{"floor":8.0,"key":"Adrenaline Potion"},{"floor":10.0,"key":"GamblersBrew"},{"floor":16.0,"key":"REME_GoldPotion"},{"floor":21.0,"key":"Venom Potion"},{"floor":22.0,"key":"SpeedPotion"},{"floor":23,"key":"Weak Potion"}],"is_trial":false,"path_per_floor":["M","M","M","?","M","E","R","M","T","E","M","?","E","T","R","B",null,"M","M","$","M","M","E","$","$","T","M"],"character_chosen":"IRONCLAD","items_purchased":["SSSystem","Art of War","TheAbacus","Akabeko","War Paint","Strange Spoon"],"campfire_rested":0,"item_purchase_floors":[20,20,20,20,20,24],"current_hp_per_floor":[80,80,80,80,75,61,61,30,30,35,41,41,36,36,36,18,65,45,57,57,39,48,26,26,26,26,0,0],"gold":222,"neow_bonus":"","is_daily":false,"chose_seed":false,"campfire_upgraded":1,"win_rate":0.0,"timestamp":1610008998,"path_taken":["M","?","M","?","M","E","R","M","T","E","M","?","E","?","R","BOSS","M","M","$","M","?","E","?","$","T","?"],"items_purchased_type":["Relic","Relic","Relic","Relic","Relic","Relic"],"build_version":"2020-12-22","purchased_purges":2,"victory":false,"max_hp_per_floor":[80,80,80,80,80,80,80,80,80,80,80,80,80,80,80,80,80,80,80,80,80,80,80,80,80,80,80,80],"relic_stats":{"Strange Spoon":[4],"Centennial Puzzle":[20],"TheAbacus":[42],"counters":[19,61],"CeramicFish":81,"Charon\u0027s Ashes":[93],"Art of War":[0],"War Paint":["ReplayTheSpireMod:Muscle Training","Defend_R"],"obtain_stats":[{"RabbitCall":0,"AT_ATBox":0,"CeramicFish":9,"SSSystem":20,"AdjustmentMirror":18,"Burning Blood":0,"BFFS":0,"CogitoBucket":0,"Centennial Puzzle":14,"Matryoshka":6,"TheBean":13,"TheAbacus":20,"ZombieArmy":14,"KeepersGift":0,"Ring of Chaos":17,"Charon\u0027s Ashes":23,"War Paint":20,"Akabeko":20,"Strange Spoon":24,"LetterFromLob":1,"SalivaCoin":9,"ReplayTheSpireMod:TigerMarble":10,"Art of War":20,"HellTrain":8,"HushsDoor":0,"REME_ComplimentaryCards":0},{"RabbitCall":0,"AT_ATBox":0,"CeramicFish":7,"SSSystem":14,"AdjustmentMirror":13,"Burning Blood":0,"BFFS":0,"CogitoBucket":0,"Centennial Puzzle":10,"Matryoshka":5,"TheBean":10,"TheAbacus":14,"ZombieArmy":10,"KeepersGift":0,"Ring of Chaos":11,"Charon\u0027s Ashes":17,"War Paint":14,"Akabeko":14,"Strange Spoon":17,"LetterFromLob":1,"SalivaCoin":7,"ReplayTheSpireMod:TigerMarble":8,"Art of War":14,"HellTrain":7,"HushsDoor":0,"REME_ComplimentaryCards":0},{"RabbitCall":0,"AT_ATBox":0,"CeramicFish":26,"SSSystem":43,"AdjustmentMirror":41,"Burning Blood":0,"BFFS":0,"CogitoBucket":0,"Centennial Puzzle":31,"Matryoshka":20,"TheBean":31,"TheAbacus":43,"ZombieArmy":31,"KeepersGift":0,"Ring of Chaos":36,"Charon\u0027s Ashes":51,"War Paint":43,"Akabeko":43,"Strange Spoon":51,"LetterFromLob":3,"SalivaCoin":26,"ReplayTheSpireMod:TigerMarble":28,"Art of War":43,"HellTrain":26,"HushsDoor":0,"REME_ComplimentaryCards":0}],"Burning Blood":75},"card_choices":[{"not_picked":["CrumblingArmor","Murderer","Scorched"],"picked":"Singing Bowl","floor":1.0},{"not_picked":["HeroicMonk","Scarecrow"],"picked":"MHz","floor":1.0},{"not_picked":["True Grit","AT_DiedThrough","Reckless Charge"],"picked":"SKIP","floor":1.0},{"not_picked":["OSAHOGD","Scarecrow","BeautyBeast"],"picked":"Singing Bowl","floor":2.0},{"not_picked":["Cleave","Wild Strike"],"picked":"Twin Strike","floor":2.0},{"not_picked":["Murderer","Bloodbath","BeautyBeast"],"picked":"Singing Bowl","floor":3.0},{"not_picked":["Anger","Havoc","Abandon"],"picked":"SKIP","floor":3.0},{"not_picked":["MeatLantern","Laetitia","NakedNest"],"picked":"Singing Bowl","floor":5.0},{"not_picked":["Wild Strike","Twin Strike"],"picked":"REME_Cut","floor":5.0},{"not_picked":["GreedKing","OldLady","NakedNest"],"picked":"Singing Bowl","floor":6.0},{"not_picked":["Dropkick","Bludgeon"],"picked":"Sword Boomerang","floor":6.0},{"not_picked":["BeautyBeast","LittlePrince","VoidDream"],"picked":"Singing Bowl","floor":8.0},{"not_picked":["Dual Wield","Fire Breathing"],"picked":"ReplayTheSpireMod:Muscle Training","floor":8.0},{"not_picked":["Scorched","CrumblingArmor","Bloodbath"],"picked":"Singing Bowl","floor":10.0},{"not_picked":["Abandon","Uppercut"],"picked":"Immolate","floor":10.0},{"not_picked":["SpiderBud","WallGazer","CherryBlossoms"],"picked":"Singing Bowl","floor":11.0},{"not_picked":["AT_GerminateFire","Dark Embrace","Warcry"],"picked":"SKIP","floor":11.0},{"not_picked":["DreamingCurrent","Bloodbath","Rudolta"],"picked":"Singing Bowl","floor":13.0},{"not_picked":["Murderer","WhiteNight"],"picked":"Funeral","floor":13.0},{"not_picked":["Heavy Blade","Body Slam"],"picked":"Bomb","floor":13.0},{"not_picked":["MeatLantern","CrumblingArmor","SingingMachine"],"picked":"Singing Bowl","floor":16.0},{"not_picked":["Bloodbath","QueenOfHatred"],"picked":"BigBird","floor":16.0},{"not_picked":["Fiend Fire","Offering"],"picked":"REME_ACTH","floor":16.0},{"not_picked":["NakedNest","LongBird"],"picked":"Woodsman","floor":18.0},{"not_picked":["Reckless Charge","Iron Wave","Flex+1"],"picked":"SKIP","floor":18.0},{"not_picked":["LittlePrince","BigBadWolf","LittleHelper"],"picked":"Singing Bowl","floor":19.0},{"not_picked":["Clothesline+1","Run Through+1","Havoc+1"],"picked":"SKIP","floor":19.0},{"not_picked":["GreedKing","GalaxyChild","Rudolta"],"picked":"Singing Bowl","floor":21.0},{"not_picked":["Burning Pact+1","Clash"],"picked":"AT_CaressingTears+1","floor":21.0},{"not_picked":["Scorched","DreamingCurrent","BlackSwan"],"picked":"Singing Bowl","floor":22.0},{"not_picked":["Headbutt","Thunderclap","Heavy Blade"],"picked":"SKIP","floor":22.0},{"not_picked":["WallGazer","VoidDream","HeroicMonk"],"picked":"Singing Bowl","floor":23},{"not_picked":["REME_Cut+1","Thunderclap"],"picked":"AT_DrawKnifeCut+1","floor":23}],"player_experience":239565,"relics_obtained":[{"floor":1.0,"key":"LetterFromLob"},{"floor":6.0,"key":"Matryoshka"},{"floor":9.0,"key":"SalivaCoin"},{"floor":9.0,"key":"CeramicFish"},{"floor":10.0,"key":"ReplayTheSpireMod:TigerMarble"},{"floor":13.0,"key":"TheBean"},{"floor":14.0,"key":"Centennial Puzzle"},{"floor":14.0,"key":"ZombieArmy"},{"floor":23,"key":"Charon\u0027s Ashes"}],"event_choices":[{"damage_healed":0.0,"max_hp_gain":0.0,"max_hp_loss":0.0,"gold_gain":175.0,"event_name":"Liars Game","player_choice":"AGREE","floor":4.0,"gold_loss":0.0,"damage_taken":0.0,"cards_obtained":["Doubt"]}],"is_beta":false,"boss_relics":[{"not_picked":["REME_ChargedStone","AddBug"],"picked":"Ring of Chaos"},{"not_picked":[]}],"items_purged_floors":[20,24],"is_endless":false,"potions_floor_spawned":[3,6,8,10,16,21,22,23],"killed_by":"Centurion and Healer","ascension_level":5}}