{"host":"m1168lp3vv5pgdep","time":1610034540,"event":{"mods":["Act Like it!","Aspiration","BaseMod","Better Altar","Better Match","Better Sensory Stone","Better Skull","Better Third Choice","Block Reminder","CCEM","Curses Come First","Elementarium","Gensokyo","GungeonMod","Hallownest","Hermit","Hubris","Menagerie","Minty Spire (QoL Compilation)","Pale of the Ancients","Permanent Neow","Quick Restart","Small Relic Pack","Spicy Shops","StSLib","The Bug Knight","The Forsaken","The Marked","Wandering Minibosses","WarShipGirlsR/????R mod"],"gold_per_floor":[119,129,129,148,20,55,55,55,55,69,99,111,111,146,146,146,146],"floor_reached":16,"playtime":1314,"items_purged":["Strike_R"],"score":132,"play_id":"71b13041-8857-4880-87fe-e61bc8f2a397","local_time":"20210107154900","is_ascension_mode":true,"campfire_choices":[{"floor":8,"key":"RECALL"},{"data":"Armaments","floor":13,"key":"SMITH"},{"data":"Armaments","floor":15,"key":"SMITH"}],"circlet_count":0,"master_deck":["Strike_R","Strike_R","Strike_R","Strike_R","Defend_R","Defend_R","Defend_R","Defend_R","Bash","Armaments+1","Flame Barrier","Armaments+1","Shrug It Off","Entrench"],"relics":["Burning Blood","CultistMask","DemoMod:PoisonVial","CCEMRelics:TechnogenicHelmet","PreservedInsect","hubris:TinFlute"],"acts_visited":["Exordium"],"potions_floor_usage":[11,12,16],"damage_taken":[{"damage":7,"enemies":"Small Slimes","floor":1,"turns":3},{"damage":0,"enemies":"Cultist","floor":2,"turns":3},{"damage":8,"enemies":"2 Louse","floor":4,"turns":3},{"damage":16,"enemies":"3 Sentries","floor":6,"turns":12},{"damage":2,"enemies":"Blue Slaver","floor":10,"turns":5},{"damage":34,"enemies":"Lagavulin","floor":11,"turns":13},{"damage":13,"enemies":"Looter","floor":12,"turns":4},{"damage":10,"enemies":"Gremlin Nob","floor":14,"turns":4},{"damage":59,"enemies":"Hexaghost","floor":16,"turns":14}],"seed_played":"5668862225303379265","potions_obtained":[{"floor":1,"key":"Dexterity Potion"},{"floor":2,"key":"SpeedPotion"},{"floor":12,"key":"BloodPotion"}],"is_trial":false,"path_per_floor":["M","M","?","M","$","E","?","R","T","M","E","M","R","E","R","B"],"character_chosen":"IRONCLAD","items_purchased":["Armaments"],"campfire_rested":0,"item_purchase_floors":[5],"current_hp_per_floor":[79,80,80,78,78,68,76,76,76,80,52,61,61,57,57,0,0],"gold":146,"neow_bonus":"THREE_CARDS","is_daily":false,"chose_seed":false,"campfire_upgraded":2,"win_rate":0.0,"timestamp":1610034540,"path_taken":["M","M","?","M","?","E","?","R","T","?","E","M","R","E","R","BOSS"],"items_purchased_type":["Card"],"build_version":"2020-12-22","purchased_purges":1,"victory":false,"max_hp_per_floor":[80,80,80,80,80,80,80,80,80,80,80,80,80,80,80,80,80],"card_choices":[{"not_picked":["Sword Boomerang","Anger"],"picked":"Armaments","floor":0},{"not_picked":["Anger","Sword Boomerang","hubris:ReadiedAction"],"picked":"SKIP","floor":1},{"not_picked":["Flex","Sword Boomerang","Headbutt"],"picked":"SKIP","floor":2},{"not_picked":["hubris:ReadiedAction","Burning Pact"],"picked":"Flame Barrier","floor":4},{"not_picked":["Warcry","Heavy Blade"],"picked":"Shrug It Off","floor":6},{"not_picked":["hubris:ReadiedAction","Havoc"],"picked":"Entrench","floor":10},{"not_picked":["Flex","Cleave","Fiend Fire"],"picked":"SKIP","floor":11},{"not_picked":["Rage","Headbutt","Perfected Strike"],"picked":"SKIP","floor":12},{"not_picked":["Headbutt","Warcry","Twin Strike"],"picked":"SKIP","floor":14}],"player_experience":249599,"relics_obtained":[{"floor":6,"key":"DemoMod:PoisonVial"},{"floor":9,"key":"CCEMRelics:TechnogenicHelmet"},{"floor":11,"key":"PreservedInsect"},{"floor":14,"key":"hubris:TinFlute"}],"event_choices":[{"damage_healed":0,"gold_gain":0,"player_choice":"Trade","damage_taken":0,"relics_obtained":["CultistMask"],"max_hp_gain":0,"max_hp_loss":0,"event_name":"FaceTrader","floor":3,"gold_loss":0}],"is_beta":false,"boss_relics":[],"items_purged_floors":[5],"is_endless":false,"potions_floor_spawned":[1,2,12],"killed_by":"Hexaghost","ascension_level":2}}