{"host":"8u7tvcybuv0u72fd","time":1610002776,"event":{"mods":["BaseMod","BetterRewards","Colored Map","Colored Powertips","Minty Spire (QoL Compilation)","Quick Restart","Shop Mod"],"gold_per_floor":[117,117,192,192,192,192,233,233,233,261,261,280,315,327,327,439,439,457,457,502,527,551,551,563,582,673,683,711,723,273,285,285,388,388,400,410,425,451,451,451,493,238,270,287,287,287,287,9,9,9,9,9,9,44,44],"floor_reached":56,"playtime":2801,"items_purged":["Strike_R","Pain"],"score":1532,"play_id":"144738d9-6079-4c0d-a81b-f57a8bf27201","local_time":"20210107015936","is_ascension_mode":false,"campfire_choices":[{"data":"Bash","floor":6.0,"key":"SMITH"},{"data":"Body Slam","floor":8.0,"key":"SMITH"},{"floor":11.0,"key":"DIG"},{"data":"Shrug It Off","floor":15.0,"key":"SMITH"},{"data":"Bite","floor":23.0,"key":"SMITH"},{"data":"Cleave","floor":29.0,"key":"SMITH"},{"data":"Demon Form","floor":32.0,"key":"SMITH"},{"data":"Heavy Blade","floor":40.0,"key":"SMITH"},{"floor":45.0,"key":"RECALL"},{"data":"Limit Break","floor":49,"key":"SMITH"},{"floor":52,"key":"DIG"}],"circlet_count":0,"master_deck":["Defend_R","Defend_R","Defend_R","Defend_R","Bash+1","Shrug It Off+1","Cleave+1","Body Slam+1","Headbutt","Limit Break+1","Bite","Bite","Bite","Bite+1","Iron Wave+1","Pommel Strike+1","Injury","Demon Form+1","Heavy Blade+1","Sword Boomerang+1","Offering"],"relics":["Burning Blood","CeramicFish","Singing Bowl","Dead Branch","Blue Candle","Shovel","Gremlin Horn","Boot","Cursed Key","Mercury Hourglass","MawBank","Kunai","Anchor","SacredBark","Art of War","Orichalcum","Oddly Smooth Stone","Shuriken","Lizard Tail"],"acts_visited":["TheCity","TheBeyond","TheEnding"],"potions_floor_usage":[54,55,55],"damage_taken":[{"damage":2.0,"enemies":"Jaw Worm","floor":1.0,"turns":4.0},{"damage":13.0,"enemies":"Lagavulin","floor":7.0,"turns":6.0},{"damage":0.0,"enemies":"2 Louse","floor":10.0,"turns":2.0},{"damage":0.0,"enemies":"Small Slimes","floor":12.0,"turns":3.0},{"damage":17.0,"enemies":"3 Sentries","floor":13.0,"turns":6.0},{"damage":5.0,"enemies":"Looter","floor":14.0,"turns":3.0},{"damage":45.0,"enemies":"Slime Boss","floor":16.0,"turns":10.0},{"damage":17.0,"enemies":"Spheric Guardian","floor":18.0,"turns":4.0},{"damage":8.0,"enemies":"Shell Parasite","floor":21.0,"turns":5.0},{"damage":19.0,"enemies":"Snake Plant","floor":22.0,"turns":5.0},{"damage":29.0,"enemies":"Sentry and Sphere","floor":24.0,"turns":6.0},{"damage":15.0,"enemies":"Cultist and Chosen","floor":25.0,"turns":6.0},{"damage":8.0,"enemies":"Chosen and Byrds","floor":27.0,"turns":5.0},{"damage":24.0,"enemies":"Book of Stabbing","floor":28.0,"turns":4.0},{"damage":5.0,"enemies":"Centurion and Healer","floor":31.0,"turns":4.0},{"damage":21.0,"enemies":"Champ","floor":33.0,"turns":5.0},{"damage":25.0,"enemies":"Orb Walker","floor":35.0,"turns":4.0},{"damage":37.0,"enemies":"3 Darklings","floor":36.0,"turns":4.0},{"damage":42.0,"enemies":"Spire Growth","floor":37.0,"turns":5.0},{"damage":26.0,"enemies":"Sphere and 2 Shapes","floor":38.0,"turns":6.0},{"damage":3.0,"enemies":"Reptomancer","floor":41.0,"turns":5.0},{"damage":7.0,"enemies":"Jaw Worm Horde","floor":44.0,"turns":4.0},{"damage":95,"enemies":"Awakened One","floor":50,"turns":9},{"damage":33,"enemies":"Shield and Spear","floor":54,"turns":4},{"damage":158,"enemies":"The Heart","floor":55,"turns":8}],"seed_played":"7091767437223009126","potions_obtained":[{"floor":7.0,"key":"Weak Potion"},{"floor":14.0,"key":"ElixirPotion"},{"floor":16.0,"key":"Block Potion"},{"floor":18.0,"key":"Dexterity Potion"},{"floor":25.0,"key":"LiquidBronze"},{"floor":28.0,"key":"CultistPotion"},{"floor":35.0,"key":"SneckoOil"},{"floor":37.0,"key":"SpeedPotion"},{"floor":41.0,"key":"Fire Potion"},{"floor":44.0,"key":"BlessingOfTheForge"}],"is_trial":false,"path_per_floor":["M","$","?","?","?","R","E","R","T","M","R","M","E","M","R","B",null,"M","?","?","M","M","R","M","M","T","M","E","R","$","M","R","B",null,"M","M","M","M","?","R","E","$","T","M","R","?","?","$","R","B",null,"R","$","E","B",null],"character_chosen":"IRONCLAD","items_purchased":["Blood Vial","CeramicFish","Singing Bowl","Shrug It Off","PowerPotion","Cleave","Kunai","Demon Form","Anchor","Oddly Smooth Stone","BloodPotion","Fire Potion","Offering","BloodPotion"],"campfire_rested":0,"item_purchase_floors":[0,0,0,0,0,0,30,30,30,42,42,42,48,48],"current_hp_per_floor":[55,55,44,41,68,68,63,63,63,71,71,81,74,79,79,42,88,79,61,61,75,78,78,82,98,98,101,91,91,91,105,105,102,107,96,69,47,37,37,37,52,97,97,109,109,109,109,109,109,41,109,109,109,91,60],"gold":44,"neow_bonus":"","is_daily":false,"chose_seed":false,"campfire_upgraded":8,"win_rate":0.0,"timestamp":1610002776,"path_taken":["M","$","?","?","?","R","E","R","T","M","R","M","E","M","R","BOSS","M","?","?","M","M","R","M","M","T","?","E","R","$","M","R","BOSS","M","M","?","M","?","R","E","$","T","M","R","?","?","?","R","BOSS","R","$","E","BOSS"],"items_purchased_type":["Relic","Relic","Relic","Card","Potion","Card","Relic","Card","Relic","Relic","Potion","Potion","Card","Potion"],"build_version":"2020-12-22","purchased_purges":2,"victory":true,"max_hp_per_floor":[82,82,82,82,82,82,82,82,82,82,82,84,86,88,88,88,88,90,95,95,95,95,95,97,99,99,101,103,103,103,105,105,107,107,109,111,113,113,113,113,113,113,113,115,115,115,109,109,109,109,109,109,109,111,111],"card_choices":[{"not_picked":["Feel No Pain","Thunderclap","Evolve"],"picked":"Singing Bowl","floor":1.0},{"not_picked":["Clash","Rampage"],"picked":"Body Slam","floor":7.0},{"not_picked":["Inflame","Dual Wield"],"picked":"Headbutt","floor":10.0},{"not_picked":["Perfected Strike","Iron Wave","Anger"],"picked":"Singing Bowl","floor":12.0},{"not_picked":["Sword Boomerang","Spot Weakness","Dark Embrace"],"picked":"Singing Bowl","floor":13.0},{"not_picked":["Anger","Hemokinesis","Power Through"],"picked":"Singing Bowl","floor":14.0},{"not_picked":["Impervious","Immolate"],"picked":"Limit Break","floor":16.0},{"not_picked":["Pommel Strike","Armaments+1","Body Slam"],"picked":"Singing Bowl","floor":18.0},{"not_picked":["Rampage+1","Twin Strike"],"picked":"Iron Wave+1","floor":21.0},{"not_picked":["Hemokinesis","Armaments+1"],"picked":"Pommel Strike+1","floor":22.0},{"not_picked":["Headbutt","Shrug It Off","Twin Strike"],"picked":"Singing Bowl","floor":24.0},{"not_picked":["Combust","Clash","Shrug It Off"],"picked":"Singing Bowl","floor":25.0},{"not_picked":["Clash+1","Searing Blow","Dual Wield"],"picked":"Singing Bowl","floor":27.0},{"not_picked":["Pommel Strike+1","Heavy Blade","Carnage"],"picked":"Singing Bowl","floor":28.0},{"not_picked":["Rupture","Bludgeon","Clash+1"],"picked":"Singing Bowl","floor":31.0},{"not_picked":["Demon Form","Corruption","Juggernaut"],"picked":"Singing Bowl","floor":33.0},{"not_picked":["Evolve+1","True Grit+1","Body Slam"],"picked":"Singing Bowl","floor":35.0},{"not_picked":["Feel No Pain","Intimidate","Havoc"],"picked":"Singing Bowl","floor":36.0},{"not_picked":["Havoc","Body Slam+1","Combust+1"],"picked":"Singing Bowl","floor":37.0},{"not_picked":["Cleave","Second Wind+1"],"picked":"Heavy Blade","floor":38.0},{"not_picked":["Anger","Headbutt"],"picked":"Sword Boomerang+1","floor":41.0},{"not_picked":["Shrug It Off","Pummel","Clothesline+1"],"picked":"Singing Bowl","floor":44.0},{"not_picked":["Hemokinesis","Combust","Bludgeon"],"picked":"Singing Bowl","floor":54}],"player_experience":1273807,"relics_obtained":[{"floor":7.0,"key":"Blue Candle"},{"floor":9.0,"key":"Shovel"},{"floor":11.0,"key":"Gremlin Horn"},{"floor":13.0,"key":"Boot"},{"floor":26.0,"key":"Mercury Hourglass"},{"floor":28.0,"key":"MawBank"},{"floor":41.0,"key":"Orichalcum"},{"floor":52,"key":"Shuriken"},{"floor":54,"key":"Lizard Tail"}],"event_choices":[{"damage_healed":0.0,"max_hp_gain":0.0,"max_hp_loss":0.0,"gold_gain":75.0,"event_name":"World of Goop","player_choice":"Gather Gold","floor":3.0,"gold_loss":0.0,"damage_taken":11.0},{"damage_healed":0.0,"max_hp_gain":0.0,"max_hp_loss":0.0,"gold_gain":0.0,"event_name":"Scrap Ooze","player_choice":"Success","floor":4.0,"gold_loss":0.0,"damage_taken":3.0,"relics_obtained":["Dead Branch"]},{"damage_healed":27.0,"max_hp_gain":0.0,"max_hp_loss":0.0,"gold_gain":0.0,"event_name":"Big Fish","player_choice":"Banana","floor":5.0,"gold_loss":0.0,"damage_taken":0.0},{"damage_healed":0.0,"max_hp_gain":5.0,"max_hp_loss":0.0,"gold_gain":0.0,"event_name":"Forgotten Altar","player_choice":"Shed Blood","floor":19.0,"gold_loss":0.0,"damage_taken":23.0},{"damage_healed":0.0,"max_hp_gain":0.0,"max_hp_loss":0.0,"gold_gain":0.0,"event_name":"Vampires","player_choice":"Became a vampire (Vial)","floor":20.0,"relics_lost":["Blood Vial"],"gold_loss":0.0,"damage_taken":0.0,"cards_obtained":["Bite","Bite","Bite","Bite","Bite"]},{"cards_removed":["Bite"],"damage_healed":0.0,"max_hp_gain":0.0,"max_hp_loss":0.0,"gold_gain":0.0,"event_name":"WeMeetAgain","player_choice":"Gave Card","floor":39.0,"gold_loss":0.0,"damage_taken":0.0,"relics_obtained":["Art of War"]},{"damage_healed":0.0,"max_hp_gain":0.0,"max_hp_loss":0.0,"gold_gain":0.0,"event_name":"Mysterious Sphere","player_choice":"Ignored","floor":46.0,"gold_loss":0.0,"damage_taken":0.0},{"damage_healed":0.0,"max_hp_gain":0.0,"max_hp_loss":6.0,"gold_gain":0.0,"event_name":"Winding Halls","player_choice":"Max HP","floor":47.0,"gold_loss":0.0,"damage_taken":0.0}],"is_beta":false,"boss_relics":[{"not_picked":["Snecko Eye","Calling Bell"],"picked":"Cursed Key"},{"not_picked":["Sozu","Fusion Hammer"],"picked":"SacredBark"}],"items_purged_floors":[0,48],"is_endless":false,"potions_floor_spawned":[7,14,16,18,25,28,35,37,41,44],"ascension_level":0}}