{"host":"n900smz9wr3yo27a","time":1610027344,"event":{"mods":["Arknights The Spire","BaseMod","CapriCore","GungeonMod","Hermit","Koishi","Lobotomy","Marisa£¨Ùöéë¡¡Øª×âÞÞ£©","Minty Spire (QoL Compilation)","Prisma Mod","Replay The Spire","StSLib","Td1madao Mod","The Animator","The Bug Knight","The Cursed","The Dragon Tamer","The Gatherer","The Hierophant","The Immortal","The Jungle","The Necromancer","The Poker Player","The Runesmith","WarShipGirlsR/??á´Ò³R mod"],"gold_per_floor":[118,118,137,137,137,137,147,180,180,180,197,227,8,26,26,131,131,142,42,42,42,75,75,103,103,103,103,119,138,13,42,42,138,188,203,46,46,123,123,123,123,123,123,123,123,123,179,234,234,244],"floor_reached":51,"playtime":2238,"items_purged":["rmod:steelsupply","rmod:steelsupply","rmod:expedition"],"score":1133,"play_id":"4b241fb1-a76d-420c-be39-7893b0f9f0bb","local_time":"20210107224904","daily_mods":["Draft","Vintage","Heirloom","Time Dilation","Flight","DeadlyEvents","Elite Swarm"],"is_ascension_mode":false,"campfire_choices":[{"data":"rmod:fletcherpendant","floor":6,"key":"SMITH"},{"data":"rmod:steelsupply","floor":10,"key":"SMITH"},{"data":"rmod:abidefaith","floor":23,"key":"SMITH"},{"data":"rmod:fletcher","floor":25,"key":"SMITH"},{"data":"rmod:fletcher","floor":27,"key":"SMITH"},{"data":"rmod:launchingtorpedo","floor":32,"key":"PURGE"},{"data":"rmod:desperatesituation","floor":40,"key":"SMITH"},{"data":"rmod:openingtorpedo","floor":40,"key":"SMITH"},{"data":"rmod:salvage","floor":41,"key":"SMITH"},{"data":"rmod:diamondstrike","floor":41,"key":"SMITH"},{"data":"rmod:supportescort","floor":42,"key":"SMITH"},{"data":"rmod:victimresponsibility","floor":42,"key":"SMITH"},{"data":"rmod:supportescort","floor":44,"key":"SMITH"},{"data":"rmod:windflower","floor":44,"key":"SMITH"},{"data":"rmod:victimresponsibility","floor":46,"key":"SMITH"},{"data":"rmod:wolves","floor":46,"key":"SMITH"},{"data":"rmod:aluminumsupply","floor":49,"key":"SMITH"},{"data":"rmod:diaomin","floor":49,"key":"SMITH"}],"circlet_count":0,"master_deck":["rmod:diamondstrike+1","rmod:salvage+1","rmod:diaomin+1","rmod:victimresponsibility+1","rmod:fletcherpendant+1","rmod:wolves+1","rmod:intelligenceanalysis","rmod:aluminumsupply+1","rmod:diamondstrike","rmod:steelsupply+1","rmod:supportescort+1","rmod:firesupport","rmod:openingtorpedo+1","rmod:fletcherpendant+1","rmod:fletcherpendant","rmod:diamondstrike+1","rmod:fletcher+1","rmod:abidefaith+1","rmod:fletcher+1","rmod:windflower+1","rmod:supportescort+1","rmod:fletcherpendant","rmod:desperatesituation+1","rmod:generalist","rmod:victimresponsibility+1","rmod:fletcher+1"],"relics":["replay:Trail_Library","Calipers","Singing Bowl","ReplayTheSpireMod:Ninjato","DemoMod:Antibody","DemoMod:PartiallyEatenCheese","Replay:Mystery Machine","Blue Candle","DemoMod:SerJunkan","DemoMod:Junk","rmod:mogul","Pantograph","Lantern","Shuriken","Runesmith:Nanobots","Bag of Marbles","DemoMod:AgedBell","ReplayTheSpireMod:Shallot","Tiny House","Replay:Bandana","Oddly Smooth Stone","Replay:Arrowhead"],"acts_visited":["Exordium","TheCity","TheBeyond"],"potions_floor_usage":[51,51,51],"damage_taken":[{"damage":0,"enemies":"Small Slimes","floor":1,"turns":2},{"damage":0,"enemies":"Jaw Worm","floor":3,"turns":2},{"damage":0,"enemies":"2 Louse","floor":7,"turns":1},{"damage":20,"enemies":"3 Sentries","floor":8,"turns":4},{"damage":0,"enemies":"Exordium Wildlife","floor":11,"turns":1},{"damage":0,"enemies":"2 Fungi Beasts","floor":14,"turns":1},{"damage":28,"enemies":"Hexaghost","floor":16,"turns":5},{"damage":6,"enemies":"3 Byrds","floor":18,"turns":4},{"damage":0,"enemies":"Slavers","floor":22,"turns":2},{"damage":11,"enemies":"Book of Stabbing","floor":24,"turns":4},{"damage":1,"enemies":"Chosen","floor":28,"turns":3},{"damage":0,"enemies":"Snake Plant","floor":29,"turns":1},{"damage":11,"enemies":"Gremlin Leader","floor":31,"turns":3},{"damage":3,"enemies":"Pondfish","floor":33,"turns":7},{"damage":20,"enemies":"3 Darklings","floor":35,"turns":3},{"damage":0,"enemies":"Reptomancer","floor":38,"turns":4},{"damage":3,"enemies":"Giant Head","floor":47,"turns":5},{"damage":0,"enemies":"Reptomancer","floor":48,"turns":3},{"damage":20,"enemies":"Time Eater","floor":50,"turns":9},{"damage":0,"enemies":"Malkuth","floor":51,"turns":8},{"damage":0,"enemies":"Netzach","floor":51,"turns":7},{"damage":0,"enemies":"Chesed","floor":51,"turns":6},{"damage":0,"enemies":"Binah","floor":51,"turns":15},{"damage":76,"enemies":"Angela","floor":51,"turns":9}],"seed_played":"-2990473270698138728","potions_obtained":[{"floor":7,"key":"Fire Potion"},{"floor":14,"key":"LiquidMemories"},{"floor":16,"key":"ColorlessPotion"},{"floor":33,"key":"LiquidBronze"},{"floor":34,"key":"PowerPotion"}],"is_trial":true,"path_per_floor":["M","?","M","?","T","R","M","E","T","R","M","?","$","M","R","B",null,"M","$","?","?","E","R","E","R","T","R","M","M","$","E","R","B",null,"M","$","?","E","T","R","R","R","T","R","$","R","E","E","R","B",null],"character_chosen":"PRAEFECT","items_purchased":["rmod:fletcher","rmod:expedition","Oddly Smooth Stone"],"campfire_rested":0,"item_purchase_floors":[13,13,36],"current_hp_per_floor":[75,75,75,50,50,50,50,34,34,34,34,19,19,19,42,14,79,73,73,58,58,62,62,51,51,51,51,50,50,50,41,41,89,97,77,77,77,77,77,77,77,77,77,77,77,77,76,78,78,81],"gold":400,"neow_bonus":"","is_daily":false,"chose_seed":false,"campfire_upgraded":17,"win_rate":0.0,"timestamp":1610027344,"path_taken":["M","?","M","?","?","R","M","?","T","R","?","?","$","?","R","BOSS","M","$","?","?","?","R","?","R","T","R","?","M","$","E","R","BOSS","M","$","?","?","?","R","R","R","T","R","?","R","?","E","R","BOSS"],"items_purchased_type":["Card","Card","Relic"],"build_version":"2020-12-22","purchased_purges":3,"victory":true,"max_hp_per_floor":[75,75,75,75,75,75,75,77,77,77,77,79,79,79,79,79,79,79,79,84,84,86,86,86,86,86,86,86,86,86,88,88,90,97,97,97,97,97,97,97,97,97,97,97,97,97,99,101,101,101],"card_choices":[{"not_picked":["rmod:selfconfidence","rmod:robin"],"picked":"rmod:diamondstrike","floor":0},{"not_picked":["rmod:tearstotiara","rmod:firesupport"],"picked":"rmod:salvage","floor":0},{"not_picked":["rmod:ammunitionsupply","rmod:fuelsupply"],"picked":"rmod:diaomin","floor":0},{"not_picked":["rmod:unsinkable","rmod:advancebysurprise"],"picked":"rmod:victimresponsibility","floor":0},{"not_picked":["rmod:aviationdawn","rmod:unsinkable"],"picked":"rmod:fletcherpendant","floor":0},{"not_picked":["rmod:fuelsupply","rmod:lonelyqueen"],"picked":"rmod:wolves","floor":0},{"not_picked":["rmod:unsinkable","rmod:ammunitionsupply"],"picked":"rmod:intelligenceanalysis","floor":0},{"not_picked":["rmod:slowdown","rmod:chargemoney"],"picked":"rmod:aluminumsupply","floor":0},{"not_picked":["rmod:aluminumsupply","rmod:unsinkable"],"picked":"rmod:diamondstrike","floor":0},{"not_picked":["rmod:circuitoustactics","rmod:generalist"],"picked":"rmod:steelsupply","floor":0},{"not_picked":["rmod:unsinkable","rmod:firesupport"],"picked":"rmod:supportescort","floor":0},{"not_picked":["rmod:intelligenceanalysis","rmod:ammunitionsupply"],"picked":"rmod:firesupport","floor":0},{"not_picked":["rmod:supportescort","rmod:diamondstrike"],"picked":"rmod:openingtorpedo","floor":0},{"not_picked":["rmod:smokecover","rmod:luckystar"],"picked":"rmod:steelsupply","floor":0},{"not_picked":["rmod:punchline","rmod:aluminumsupply"],"picked":"rmod:launchingtorpedo","floor":0},{"not_picked":["rmod:secretscript","rmod:u235","rmod:timeschanged"],"picked":"Singing Bowl","floor":8},{"not_picked":["rmod:luckystar","rmod:tearstotiara","rmod:fuelsupply"],"picked":"Singing Bowl","floor":12},{"not_picked":["rmod:acesubmarine","rmod:seals"],"picked":"rmod:abidefaith","floor":16},{"not_picked":["rmod:expeditionaryescort","rmod:abidefaith","rmod:u235"],"picked":"Singing Bowl","floor":22},{"not_picked":["rmod:secretscript","rmod:fletcher"],"picked":"rmod:windflower","floor":24},{"not_picked":["rmod:expeditionaryescort","rmod:stealaluminum","rmod:seals"],"picked":"Singing Bowl","floor":31},{"not_picked":["rmod:highspeedmaneuver","rmod:expeditionaryescort","rmod:windflower"],"picked":"Singing Bowl","floor":33},{"not_picked":["rmod:ammunitionsupply","rmod:aviationdawn","rmod:salvage"],"picked":"Singing Bowl","floor":34},{"not_picked":["rmod:windflower","rmod:highspeedmaneuver"],"picked":"rmod:desperatesituation","floor":38},{"not_picked":["rmod:saltedfish","rmod:windflower","rmod:u235"],"picked":"Singing Bowl","floor":47},{"not_picked":["rmod:secretscript","rmod:supriseattacks","rmod:seals"],"picked":"Singing Bowl","floor":48}],"player_experience":814520,"relics_obtained":[{"floor":1,"key":"Singing Bowl"},{"floor":3,"key":"ReplayTheSpireMod:Ninjato"},{"floor":7,"key":"DemoMod:PartiallyEatenCheese"},{"floor":8,"key":"Replay:Mystery Machine"},{"floor":9,"key":"Blue Candle"},{"floor":11,"key":"DemoMod:SerJunkan"},{"floor":12,"key":"DemoMod:Junk"},{"floor":14,"key":"DemoMod:Junk"},{"floor":18,"key":"Pantograph"},{"floor":22,"key":"Lantern"},{"floor":24,"key":"Shuriken"},{"floor":26,"key":"Runesmith:Nanobots"},{"floor":28,"key":"Bag of Marbles"},{"floor":29,"key":"DemoMod:AgedBell"},{"floor":31,"key":"ReplayTheSpireMod:Shallot"},{"floor":35,"key":"Replay:Bandana"},{"floor":38,"key":"Replay:Arrowhead"},{"floor":39,"key":"DemoMod:Junk"},{"floor":43,"key":"DemoMod:Junk"},{"floor":47,"key":"DemoMod:Junk"},{"floor":48,"key":"DemoMod:Junk"}],"event_choices":[{"damage_healed":0,"gold_gain":0,"player_choice":"Success","damage_taken":25,"relics_obtained":["DemoMod:Antibody"],"max_hp_gain":0,"max_hp_loss":0,"event_name":"Scrap Ooze","floor":4,"gold_loss":0},{"damage_healed":0,"gold_gain":0,"player_choice":"Shed Blood","damage_taken":20,"max_hp_gain":5,"max_hp_loss":0,"event_name":"Forgotten Altar","floor":20,"gold_loss":0},{"damage_healed":0,"gold_gain":0,"player_choice":"Ignored","damage_taken":0,"max_hp_gain":0,"max_hp_loss":0,"event_name":"N\u0027loth","floor":21,"gold_loss":0},{"damage_healed":0,"gold_gain":0,"player_choice":"Ignored","damage_taken":0,"max_hp_gain":0,"max_hp_loss":0,"event_name":"NoteForYourself","floor":37,"gold_loss":0}],"is_beta":false,"boss_relics":[{"not_picked":["Painkiller Herb","SacredBark"],"picked":"rmod:mogul"},{"not_picked":["Replay:Wanted Poster","Snecko Heart"],"picked":"Tiny House"}],"items_purged_floors":[13,19,30],"is_endless":false,"potions_floor_spawned":[7,14,16,18,24,28,29,33,35,47],"ascension_level":0}}