{"host":"2se5dq1do2gp0x9k","time":1610054919,"event":{"mods":["BaseMod","Block Reminder","Colored Map","Colored Powertips","Minty Spire (QoL Compilation)","Relic Stats","StSLib","SuperFastMode","Synergy Search"],"gold_per_floor":[115,115,135,135,145,174,186,186,186,202,127,36,36,62,62,139,139,158,208,222,235,250,250,250],"floor_reached":23,"playtime":1010,"items_purged":[],"score":399,"play_id":"2adff82f-3f7e-4cff-9566-3e559ef2de66","local_time":"20210107132839","is_ascension_mode":true,"campfire_choices":[{"data":"Halt","floor":8,"key":"SMITH"},{"data":"Tantrum","floor":13,"key":"SMITH"},{"data":"Tantrum","floor":15,"key":"SMITH"}],"circlet_count":0,"master_deck":["AscendersBane","Strike_P","Strike_P","Strike_P","Strike_P","Defend_P","Defend_P","Defend_P","Eruption","Vigilance","Tantrum+1","TalkToTheHand","Consecrate","Tantrum+1","Halt+1","FearNoEvil","Trip","FlurryOfBlows","Blasphemy","EmptyFist+1","Meditate"],"relics":["PureWater","NeowsBlessing","Pantograph","InkBottle","Eternal Feather","Sundial","SlaversCollar"],"acts_visited":["Exordium","TheCity"],"potions_floor_usage":[16],"damage_taken":[{"damage":0,"enemies":"Cultist","floor":1,"turns":1},{"damage":0,"enemies":"Small Slimes","floor":3,"turns":1},{"damage":0,"enemies":"Jaw Worm","floor":5,"turns":1},{"damage":31,"enemies":"Lagavulin","floor":6,"turns":8},{"damage":1,"enemies":"Exordium Wildlife","floor":7,"turns":3},{"damage":3,"enemies":"Looter","floor":10,"turns":2},{"damage":0,"enemies":"Gremlin Nob","floor":14,"turns":2},{"damage":1,"enemies":"Hexaghost","floor":16,"turns":6},{"damage":9,"enemies":"Chosen","floor":18,"turns":3},{"damage":28,"enemies":"3 Byrds","floor":20,"turns":4},{"damage":23,"enemies":"3 Cultists","floor":21,"turns":4},{"damage":19,"enemies":"Cultist and Chosen","floor":22,"turns":3},{"damage":17,"enemies":"Book of Stabbing","floor":23,"turns":1}],"seed_played":"8603165636503429669","potions_obtained":[{"floor":5,"key":"SkillPotion"},{"floor":7,"key":"PowerPotion"},{"floor":10,"key":"FairyPotion"},{"floor":16,"key":"BlessingOfTheForge"},{"floor":22,"key":"SteroidPotion"}],"is_trial":false,"path_per_floor":["M","?","M","?","M","E","M","R","T","M","?","$","R","E","R","B",null,"M","?","M","M","M","E"],"character_chosen":"WATCHER","items_purchased":["Trip"],"campfire_rested":0,"item_purchase_floors":[12],"current_hp_per_floor":[61,56,56,56,56,25,24,24,24,21,21,21,30,30,39,63,67,58,58,30,7,8,0,0],"gold":250,"neow_bonus":"THREE_ENEMY_KILL","is_daily":false,"chose_seed":false,"campfire_upgraded":3,"win_rate":0.0,"timestamp":1610054919,"path_taken":["M","?","M","?","M","E","M","R","T","M","?","?","R","E","R","BOSS","M","?","M","M","M","E"],"items_purchased_type":["Card"],"build_version":"2020-12-22","purchased_purges":0,"victory":false,"max_hp_per_floor":[68,68,68,68,68,68,68,68,68,68,68,68,68,68,68,68,68,68,68,68,68,68,68,68],"relic_stats":{"counters":[13,39],"Sundial":[0],"Pantograph":25,"Eternal Feather":18,"obtain_stats":[{"SlaversCollar":17,"NeowsBlessing":0,"Sundial":14,"Pantograph":2,"Eternal Feather":9,"PureWater":0,"InkBottle":6},{"SlaversCollar":8,"NeowsBlessing":0,"Sundial":7,"Pantograph":1,"Eternal Feather":5,"PureWater":0,"InkBottle":4},{"SlaversCollar":24,"NeowsBlessing":0,"Sundial":18,"Pantograph":1,"Eternal Feather":14,"PureWater":0,"InkBottle":11}],"InkBottle":[8]},"card_choices":[{"not_picked":["Evaluate","ForeignInfluence"],"picked":"Tantrum","floor":1},{"not_picked":["EmptyBody","SashWhip"],"picked":"TalkToTheHand","floor":3},{"not_picked":["Evaluate","Brilliance"],"picked":"Consecrate","floor":5},{"not_picked":["Sanctity","Pray"],"picked":"Tantrum","floor":6},{"not_picked":["SandsOfTime","EmptyFist"],"picked":"Halt","floor":7},{"not_picked":["BowlingBash","Vengeance"],"picked":"FearNoEvil","floor":10},{"not_picked":["Perseverance","Wireheading"],"picked":"FlurryOfBlows","floor":14},{"not_picked":["Omniscience","Brilliance"],"picked":"Blasphemy","floor":16},{"not_picked":["JustLucky+1","FlyingSleeves"],"picked":"EmptyFist+1","floor":18},{"not_picked":["FollowUp","WindmillStrike","Weave"],"picked":"SKIP","floor":20},{"not_picked":["WreathOfFlame+1","FlyingSleeves"],"picked":"Meditate","floor":21},{"not_picked":["Wireheading","Swivel","CarveReality"],"picked":"SKIP","floor":22}],"player_experience":3794527,"relics_obtained":[{"floor":6,"key":"InkBottle"},{"floor":9,"key":"Eternal Feather"},{"floor":14,"key":"Sundial"}],"event_choices":[{"damage_healed":0,"gold_gain":0,"player_choice":"Success","damage_taken":5,"relics_obtained":["Pantograph"],"max_hp_gain":0,"max_hp_loss":0,"event_name":"Scrap Ooze","floor":2,"gold_loss":0},{"damage_healed":0,"gold_gain":0,"player_choice":"Ignored","damage_taken":0,"max_hp_gain":0,"max_hp_loss":0,"event_name":"Liars Game","floor":4,"gold_loss":0},{"cards_removed":["Defend_P"],"damage_healed":0,"gold_gain":0,"player_choice":"Card Removal","damage_taken":0,"max_hp_gain":0,"max_hp_loss":0,"event_name":"The Cleric","floor":11,"gold_loss":75},{"damage_healed":0,"gold_gain":50,"player_choice":"Stole From Cult","damage_taken":0,"max_hp_gain":0,"max_hp_loss":0,"event_name":"Nest","floor":19,"gold_loss":0}],"is_beta":false,"boss_relics":[{"not_picked":["Runic Pyramid","Ectoplasm"],"picked":"SlaversCollar"}],"items_purged_floors":[],"is_endless":false,"potions_floor_spawned":[5,7,10,14,16,18,22],"killed_by":"Book of Stabbing","ascension_level":15}}