{"host":"xb8s6f94jxtwitgf","time":1610055937,"event":{"mods":["Act Like it!","BaseMod","Better Third Choice","BetterRewards","GifTheSpireLib","Hubris","Minty Spire (QoL Compilation)","Remove Card Discount Mod","Spicy Shops","Spikes Relics","StSLib","TheVelvet"],"gold_per_floor":[112,130,146,146,146,177,177,191,191,219,219,319,319,329,329,432,432,450,287,303,323,339,368,368,383,383,383,113,113,28,46,46,143,143,157,157,184,113,127,127,147,147,147,147,147],"floor_reached":44,"playtime":14180,"items_purged":["hadesmod:Defend","hadesmod:Strike","hadesmod:Strike","hadesmod:Defend","hadesmod:PrepareAttack","hadesmod:Xactivate","hadesmod:Dash"],"score":513,"play_id":"efa1dd4c-7301-4eea-9a61-c385baa1532f","local_time":"20210107214537","is_ascension_mode":false,"campfire_choices":[{"data":"hadesmod:ArrayStrike","floor":7.0,"key":"SMITH"},{"floor":13.0,"key":"REST"},{"data":"hadesmod:RuyiJinguBang","floor":15.0,"key":"SMITH"},{"data":"hadesmod:CutDust","floor":24.0,"key":"SMITH"},{"data":"hadesmod:Defend","floor":27.0,"key":"SMITH"},{"floor":32.0,"key":"REST"},{"data":"Bandage Up","floor":40,"key":"SMITH"},{"data":"hadesmod:HeroMode","floor":42,"key":"SMITH"}],"circlet_count":0,"master_deck":["hadesmod:Strike","hadesmod:SwapStrike","hadesmod:Defend+","hadesmod:Defend","hadesmod:RuyiJinguBang+","hadesmod:Slide","hadesmod:Hitpower","hadesmod:ArrayStrike+","hadesmod:BarrageStrike","hadesmod:WeakWep+","hadesmod:SapPower","hadesmod:MagnhildStrike","hadesmod:ArrayBlast","hadesmod:FulcrumStrike+1","hadesmod:SickeningStrength","hadesmod:CutDust+","hadesmod:RevolverStrike+","Bandage Up+1","hadesmod:ArrayBlast","hadesmod:HeroMode+","hadesmod:SickeningStrength"],"relics":["hadesmod:WeaponCharger","Lizard Tail","CrustySpines","Orichalcum","Black Star","Bag of Marbles","hubris:TenFootPole","Unceasing Top","hubris:CuriousFeather","Juzu Bracelet","Sozu","Strawberry","Pear"],"acts_visited":["Exordium","TheCity","TheBeyond"],"potions_floor_usage":[41],"damage_taken":[{"damage":1.0,"enemies":"Cultist","floor":1.0,"turns":3.0},{"damage":2.0,"enemies":"Jaw Worm","floor":2.0,"turns":3.0},{"damage":3.0,"enemies":"2 Louse","floor":3.0,"turns":4.0},{"damage":16.0,"enemies":"Gremlin Nob","floor":6.0,"turns":5.0},{"damage":0.0,"enemies":"2 Fungi Beasts","floor":8.0,"turns":2.0},{"damage":30.0,"enemies":"3 Sentries","floor":10.0,"turns":9.0},{"damage":0.0,"enemies":"3 Louse","floor":14.0,"turns":1.0},{"damage":27.0,"enemies":"The Guardian","floor":16.0,"turns":12.0},{"damage":4.0,"enemies":"Spheric Guardian","floor":18.0,"turns":3.0},{"damage":22.0,"enemies":"2 Thieves","floor":20.0,"turns":4.0},{"damage":0.0,"enemies":"Cultist and Chosen","floor":21.0,"turns":5.0},{"damage":14.0,"enemies":"Chosen and Byrds","floor":22.0,"turns":5.0},{"damage":31.0,"enemies":"Book of Stabbing","floor":23.0,"turns":5.0},{"damage":9.0,"enemies":"Snake Plant","floor":25.0,"turns":3.0},{"damage":6.0,"enemies":"Centurion and Healer","floor":31.0,"turns":4.0},{"damage":18.0,"enemies":"hubris:MusketHawk","floor":33.0,"turns":6.0},{"damage":28.0,"enemies":"3 Darklings","floor":35.0,"turns":5.0},{"damage":11,"enemies":"3 Shapes","floor":39,"turns":3},{"damage":24,"enemies":"Transient","floor":41,"turns":5},{"damage":68,"enemies":"Nemesis","floor":44,"turns":4}],"seed_played":"-1804230835750337514","potions_obtained":[{"floor":2.0,"key":"Explosive Potion"},{"floor":14.0,"key":"AttackPotion"},{"floor":16.0,"key":"DuplicationPotion"},{"floor":20.0,"key":"BlessingOfTheForge"},{"floor":21.0,"key":"SteroidPotion"},{"floor":22.0,"key":"SkillPotion"},{"floor":31.0,"key":"Energy Potion"}],"is_trial":false,"path_per_floor":["M","M","M","?","?","E","R","M","T","E","?","?","R","M","R","B",null,"M","$","M","M","M","E","R","M","T","R","$","?","?","M","R","B",null,"M","?","T","$","M","R","M","R","T","E"],"character_chosen":"THE_HUNTRESS","items_purchased":["Bag of Marbles","hadesmod:ArrayBlast","Bandage Up","hadesmod:SickeningStrength"],"campfire_rested":2,"item_purchase_floors":[19,19,28,38],"current_hp_per_floor":[65,63,60,60,60,44,44,44,44,14,14,14,33,33,33,6,66,62,62,40,40,26,29,29,20,20,20,20,20,20,22,41,31,66,46,46,53,53,50,50,38,38,48,0,0],"gold":147,"neow_bonus":"TEN_PERCENT_HP_BONUS","is_daily":false,"chose_seed":false,"campfire_upgraded":6,"win_rate":0.0,"timestamp":1610055937,"path_taken":["M","M","?","?","?","E","R","M","T","E","?","?","R","M","R","BOSS","M","$","M","?","M","E","R","M","T","R","$","?","?","M","R","BOSS","M","?","?","?","M","R","M","R","T","E"],"items_purchased_type":["Relic","Card","Card","Card"],"build_version":"2020-12-22","purchased_purges":7,"victory":false,"max_hp_per_floor":[66,66,66,66,66,66,66,66,66,66,66,66,66,66,66,66,66,66,66,66,66,66,66,66,66,66,66,66,66,66,66,66,66,66,66,66,73,73,73,73,73,73,83,83,83],"card_choices":[{"not_picked":["hadesmod:FierceCry","hadesmod:CerberusStrike"],"picked":"hadesmod:Slide","floor":1.0},{"not_picked":["hadesmod:CameraSpamma","hadesmod:Slide"],"picked":"hadesmod:Hitpower","floor":2.0},{"not_picked":["hadesmod:DrawHit","hadesmod:SlotSlash"],"picked":"hadesmod:ArrayStrike","floor":3.0},{"not_picked":["hadesmod:IThinkEyePatchesAreHot","hadesmod:SplashyHit"],"picked":"hadesmod:BarrageStrike","floor":6.0},{"not_picked":["hadesmod:Focus","hadesmod:CrescentStrike"],"picked":"hadesmod:WeakWep","floor":8.0},{"not_picked":["hadesmod:Slide","hadesmod:CrescentDexterity"],"picked":"hadesmod:PrepareAttack","floor":10.0},{"not_picked":["hadesmod:SlotSlash","hadesmod:Velvet"],"picked":"hadesmod:Xactivate","floor":14.0},{"not_picked":["hadesmod:BarrageStrike","hadesmod:MidasTouch"],"picked":"hadesmod:SapPower","floor":16.0},{"not_picked":["hadesmod:CameraSmack","hadesmod:GlanceShot"],"picked":"hadesmod:MagnhildStrike","floor":18.0},{"not_picked":["hadesmod:Restrikeler","hadesmod:CrescentStrike"],"picked":"hadesmod:FulcrumStrike+1","floor":20.0},{"not_picked":["hadesmod:GlanceShot","hadesmod:MagnhildStrike"],"picked":"hadesmod:SickeningStrength","floor":21.0},{"not_picked":["hadesmod:Slide+1","hadesmod:GlanceShot"],"picked":"hadesmod:CutDust","floor":22.0},{"not_picked":["hadesmod:Restrikeler","hadesmod:Hitpower","hadesmod:FierceCry"],"picked":"SKIP","floor":23.0},{"not_picked":["hadesmod:MagnhildStrike","hadesmod:AlternateAnesidora"],"picked":"hadesmod:RevolverStrike+","floor":25.0},{"not_picked":["hadesmod:SlotSlash+","hadesmod:QuickActivate"],"picked":"hadesmod:ArrayBlast","floor":31.0},{"not_picked":["hadesmod:SapPower","hadesmod:StrengthOfAlistar"],"picked":"hadesmod:HeroMode","floor":33.0},{"not_picked":["hadesmod:Snapshoot","hadesmod:IThinkEyePatchesAreHot+","hadesmod:GlanceShot+"],"picked":"SKIP","floor":35.0},{"not_picked":["hadesmod:Slide+1","hadesmod:IThinkEyePatchesAreHot","hadesmod:WeakWep+1"],"picked":"SKIP","floor":39},{"not_picked":["hadesmod:CerberusStrike","hadesmod:GlanceShot","hadesmod:CrescentDexterity"],"picked":"SKIP","floor":41}],"player_experience":963242,"relics_obtained":[{"floor":6.0,"key":"Lizard Tail"},{"floor":9.0,"key":"CrustySpines"},{"floor":10.0,"key":"Orichalcum"},{"floor":23.0,"key":"hubris:TenFootPole"},{"floor":23.0,"key":"Unceasing Top"},{"floor":26.0,"key":"hubris:CuriousFeather"},{"floor":37,"key":"Strawberry"},{"floor":43,"key":"Pear"}],"event_choices":[{"damage_healed":0.0,"max_hp_gain":0.0,"max_hp_loss":0.0,"gold_gain":0.0,"event_name":"Golden Wing","player_choice":"Ignored","floor":4.0,"gold_loss":0.0,"damage_taken":0.0},{"damage_healed":0.0,"max_hp_gain":0.0,"max_hp_loss":0.0,"gold_gain":0.0,"event_name":"betterThird:BetterSerpent","player_choice":"Ignored","floor":5.0,"gold_loss":0.0,"damage_taken":146.0},{"damage_healed":0.0,"max_hp_gain":0.0,"max_hp_loss":0.0,"gold_gain":100.0,"event_name":"Golden Shrine","player_choice":"Pray","floor":12.0,"gold_loss":0.0,"damage_taken":0.0},{"damage_healed":0.0,"max_hp_gain":0.0,"max_hp_loss":0.0,"gold_gain":0.0,"event_name":"Addict","player_choice":"Obtained Relic","floor":30.0,"gold_loss":85.0,"damage_taken":0.0,"relics_obtained":["Juzu Bracelet"]},{"damage_healed":0,"gold_gain":0,"player_choice":"Memory 1","damage_taken":0,"max_hp_gain":0,"max_hp_loss":0,"event_name":"SensoryStone","floor":36,"gold_loss":0}],"is_beta":false,"boss_relics":[{"not_picked":["hubris:CrackedHourglass","Tiny House"],"picked":"Black Star"},{"not_picked":["CosmicIsotope","hubris:RunicObelisk"],"picked":"Sozu"}],"items_purged_floors":[19,19,19,19,28,28,28],"is_endless":false,"potions_floor_spawned":[2,14,16,20,21,22,31,39],"killed_by":"Nemesis","ascension_level":0}}