{"host":"gc25k2e755t5hnpi","time":1610028750,"event":{"mods":["Act Like it!","BaseMod","Chen","Colored Powertips","Decade(王小明)","Gensokyo","Koishi","KomeijiMod","Marisa（F雨　魔理沙）","Minty Spire (QoL Compilation)","MostiFishMod","Pale of the Ancients","Reimu（博丽灵梦）","Remilia（蕾米莉亚）","Replay The Spire","RumiaBox-露米娅的神秘盒子","Spicy Shops","StSLib","TestMod","Wandering Minibosses","Yakumo Yukari mod","Youmu（魂魄妖梦）","Yuyuko","noobMod","vexMod","【功能Mod】混沌之环修复补丁","【功能Mod】聪明的最终Boss"],"gold_per_floor":[131,143,154,207,226,252,265,265,265,300,315,325,342,342,342,439,1105,1137,1151,1170,1197,1197,1239,1239,389,463,463,487,506,506,526,526,637,637,649,662,483,483,513,513,513,587,611,521,230,246,246,294,294,294,309,319,319,122,122,137,137,191,191,191],"floor_reached":61,"playtime":11621,"items_purged":[],"score":1555,"play_id":"e44e3bb6-9111-4b01-a114-80b6984b7e93","local_time":"20210107221230","is_ascension_mode":false,"campfire_choices":[{"floor":24,"key":"RECALL"},{"data":"Human_Monster_Realm_purple","floor":27,"key":"SMITH"},{"data":"ButterflyHabitatTemple_purple","floor":32,"key":"SMITH"},{"data":"GradualImprovement","floor":40,"key":"SMITH"},{"data":"Boundary_LifeAndDeath_purple","floor":47,"key":"SMITH"},{"data":"UniverseChoice_purple","floor":49,"key":"SMITH"},{"data":"ExternalForce_HighSpeedFlying_purple","floor":55,"key":"SMITH"},{"data":"Umbrella_purple","floor":57,"key":"SMITH"}],"circlet_count":0,"master_deck":["AT_purpleEX","AT_purpleEX","AT_purpleEX","AT_purpleEX","Defend_purpleEX","Defend_purpleEX","Defend_purpleEX","Defend_purpleEX","Observe_purple_1","Observe_purple_2+1","Bait_HighSpeedFlying_purple+1","Mirror_FormAndEmptin_purple","Boundary_of_Extermination_purpleEX+1","DarkRealmRedLine_purple","DarkRealmRedLine_purple","LoveAcrossDimensions_purple+1","ExistenceContinue_purple+1","WeekHit_purple","Mirror_Drifter_purple","Mirror_FourBoundary_purple+1","Mirror_FourBoundary_purple+1","Boundary_LifeAndDeath_purple+1","ButterflyHabitatTemple_purple+1","OpenedBox_purple","Bait_Toxicbait_purple+1","CommonSense_AntiCommonSense_purple+1","Boundary_DreamRealityDamnation_purple","Human_Monster_Realm_purple+1","Fantasy_PerpetualMotionMachine_purple+1","Boundary_DreamRealityDamnation_purple","Monsters_DoubleDeathButterfly_purple+1","SfantasyHide_purple+1","DimensionStaggered_purple","GradualImprovement+1","ExternalForce_HighSpeedFlying_purple+1","Gensokyo:CustomPotion","Boundary_of_Extermination_purpleEX+1","Fantasy_PerpetualMotionMachine_purple+1","MNeedle_purple","Umbrella_purple+1"],"relics":["Boundary_crack","Memoryfragments_purpleEX","testmod-TestBox","ice","DaveBox","FeatherPendant","testmod-BloodSacrificeSpiritualization","Tiny Chest","SynthV:TestCard","vexMod:Dragonfruit","ArrowTower","Mastiff:ReiMu","GodSword6","Bottled Tornado","vexMod:RockOfEvil","wanderingMiniBosses:Inkheart","Smiling Mask","ReplayFunnel","Membership Card","Blood Vial","testmod-Nyarlathotep","LastBattle","Pantograph","Lantern","RhineSuit","Juzu Bracelet","Toolbox","Gensokyo:EmptyGrave","ThegodofHakurei_purpleEX","ReplayTheSpireMod:TigerMarble","testmod-Charity","RuthlessExorcism:ReiMu","paleoftheancients:Timepiece","paleoftheancients:KeyRelic","CultistMask","Pear","ChiLing","Chi","Ling","MagicDraw3","Mango","paleoftheancients:SoulOfTheDefect","SSSystem"],"acts_visited":["Exordium","TheCity","Gensokyo:Gensokyoest","paleoftheancients:PaleOfTheAncients"],"potions_floor_usage":[16,50,50,52,60],"damage_taken":[{"damage":1,"enemies":"2 Louse","floor":1,"turns":2},{"damage":7,"enemies":"Small Slimes","floor":2,"turns":1},{"damage":7,"enemies":"Cultist","floor":3,"turns":3},{"damage":3,"enemies":"Large Slime","floor":5,"turns":3},{"damage":30,"enemies":"Replay:BlueRogue","floor":6,"turns":3},{"damage":11,"enemies":"Red Slaver","floor":7,"turns":2},{"damage":13,"enemies":"Gremlin Nob","floor":10,"turns":3},{"damage":0,"enemies":"Exordium Wildlife","floor":11,"turns":2},{"damage":1,"enemies":"Looter","floor":12,"turns":2},{"damage":10,"enemies":"2 Fungi Beasts","floor":13,"turns":2},{"damage":14,"enemies":"Fading Forest","floor":16,"turns":11},{"damage":3,"enemies":"2 Thieves","floor":18,"turns":2},{"damage":17,"enemies":"Shell Parasite","floor":19,"turns":5},{"damage":7,"enemies":"Snake Plant","floor":20,"turns":5},{"damage":11,"enemies":"Gremlin Leader","floor":23,"turns":4},{"damage":4,"enemies":"Centurion and Healer","floor":29,"turns":2},{"damage":7,"enemies":"Snecko","floor":31,"turns":3},{"damage":2,"enemies":"Automaton","floor":33,"turns":6},{"damage":5,"enemies":"Gensokyo:3_Bats","floor":35,"turns":2},{"damage":1,"enemies":"Gensokyo:AncientGuardian","floor":36,"turns":4},{"damage":0,"enemies":"Gensokyo:3_Boulders","floor":39,"turns":4},{"damage":5,"enemies":"Gensokyo:Sharpion","floor":46,"turns":2},{"damage":6,"enemies":"Gensokyo:Scarlet_Devils","floor":50,"turns":6},{"damage":13,"enemies":"Gensokyo:Scarlet_Devils","floor":51,"turns":5},{"damage":26,"enemies":"Gensokyo:Scarlet_Devils","floor":52,"turns":5},{"damage":31,"enemies":"Gensokyo:Scarlet_Devils","floor":56,"turns":4},{"damage":9,"enemies":"paleoftheancients:N","floor":60,"turns":4}],"seed_played":"-3154414531745735590","potions_obtained":[{"floor":1,"key":"DistilledChaos"},{"floor":3,"key":"CultistPotion"},{"floor":4,"key":"Strength Potion"},{"floor":5,"key":"Energy Potion"},{"floor":19,"key":"Venom Potion"},{"floor":31,"key":"Adrenaline Potion"},{"floor":53,"key":"Dexterity Potion"}],"is_trial":false,"path_per_floor":["M","M","M","?","M","E","M","?","T","E","M","M","M","T","R","B",null,"M","M","M","T","?","E","R","$","T","R","T","M","?","M","R","B",null,"M","M","$","?","M","R","?","T","T","?","COS","M","R","T","R","B","M","M","?","$","R","M","R","T","?","B",null],"character_chosen":"Youkari","items_purchased":["Membership Card","Blood Vial","testmod-Nyarlathotep","LastBattle","Boundary_DreamRealityDamnation_purple","Human_Monster_Realm_purple","UniverseChoice_purple","Juzu Bracelet","GradualImprovement","Toolbox","ChiLing","MagicDraw3"],"campfire_rested":0,"item_purchase_floors":[25,25,25,25,25,25,25,37,37,37,54,54],"current_hp_per_floor":[70,63,60,65,73,54,43,43,43,30,43,49,43,43,65,75,38,35,27,28,28,28,17,17,17,17,17,17,17,17,17,17,38,38,38,38,38,35,35,35,35,35,35,35,35,36,36,37,37,38,39,50,50,50,50,58,58,59,59,66],"gold":191,"neow_bonus":"RANDOM_COMMON_RELIC","is_daily":false,"chose_seed":false,"campfire_upgraded":7,"win_rate":0.0,"timestamp":1610028750,"path_taken":["M","M","M","?","M","E","M","?","T","E","M","M","?","?","R","BOSS","M","M","M","?","?","E","R","?","T","R","?","M","?","M","R","BOSS","M","M","$","?","M","R","?","?","T","?","COS","M","R","?","R","BOSS","M","M","?","$","R","M","R","T","?","BOSS"],"items_purchased_type":["Relic","Relic","Relic","Relic","Card","Card","Card","Relic","Card","Relic","Relic","Relic"],"build_version":"2020-12-22","purchased_purges":0,"victory":true,"max_hp_per_floor":[70,70,70,75,75,75,75,75,75,75,75,75,75,75,75,75,38,38,38,38,38,38,38,38,38,38,38,38,38,38,38,38,38,38,38,38,38,35,35,35,35,35,35,35,35,36,36,37,37,38,39,50,50,50,50,65,65,66,66,66],"card_choices":[{"not_picked":["RuptureOfTimeAndSpace_purple","Extrememeaning_purpleEX"],"picked":"Bait_HighSpeedFlying_purple","floor":1},{"not_picked":["PositiveMatter_Antimatter_Universe_purple","ExternalForce_HighSpeedFlying_purple","Worldmountain_purple","MonsterNeedle_purple"],"picked":"Mirror_FormAndEmptin_purple","floor":2},{"not_picked":["Umbrella_purple","StateErode_purple","StateDuplicate_purple","Mirror_FormAndEmptin_purple"],"picked":"Boundary_of_Extermination_purpleEX","floor":3},{"not_picked":["Charmbait_purple","StateErode_purple","RuleDissolution_purple","PositiveMatter_Antimatter_Universe_purple"],"picked":"DarkRealmRedLine_purple","floor":4},{"not_picked":["RuleDissolution_purple","StateErode_purple","AdvanceAttack_purple","MeetDecomposer_purple"],"picked":"DarkRealmRedLine_purple","floor":5},{"not_picked":["ExistenceContinue_purple","MonsterNeedle_purple","Nest_LightFlightworm_purple","Umbrella_purple"],"picked":"LoveAcrossDimensions_purple","floor":6},{"not_picked":["Line_surface_state_purple","SharpContractionReality_purple","RuleDissolution_purple","AdvanceAttack_purple"],"picked":"ExistenceContinue_purple","floor":7},{"not_picked":["StretchesForeverDream_purple","Boundary_ObjectiveBoundary_purple","ExternalForce_HighSpeedFlying_purple","MonsterNeedle_purple"],"picked":"WeekHit_purple","floor":10},{"not_picked":["Mirror_FormAndEmptin_purple","Worldmountain_purple","Realm_recovery_purpleEX","OmniscientAndOmnipotent_Monster_purple"],"picked":"Mirror_Drifter_purple","floor":11},{"not_picked":["Realm_recovery_purpleEX","DarkRealmRedLine_purple","Umbrella_purple","OmniscientAndOmnipotent_Monster_purple"],"picked":"Mirror_FourBoundary_purple","floor":12},{"not_picked":["Anti_communist_purple","Boundary_of_Extermination_purpleEX","WingOfChimera_purple","StateErode_purple"],"picked":"Mirror_FourBoundary_purple","floor":13},{"not_picked":["WangLiang_LineAndCurveDreams_purple","LoveAcrossDimensions_purple","Price_of_realm_purpleEX","Mirror_TwoAndThreeElementRealm_purple"],"picked":"Boundary_LifeAndDeath_purple","floor":16},{"not_picked":["Worldmountain_purple","Shallow_ocean_purpleEX","Line_surface_state_purple+1","AdvanceAttack_purple"],"picked":"ButterflyHabitatTemple_purple","floor":18},{"not_picked":["OmniscientAndOmnipotent_Monster_purple","DimensionStaggered_purple","Charmbait_purple","StateErode_purple+1"],"picked":"OpenedBox_purple","floor":19},{"not_picked":["Charmbait_purple","Mirror_WaveAndshot_purple","SharpContractionReality_purple","Erosivefilter_purple"],"picked":"Bait_Toxicbait_purple+1","floor":20},{"not_picked":["Charmbait_purple","Realm_recovery_purpleEX","Mirror_FourBoundary_purple+1","OmniscientAndOmnipotent_Monster_purple"],"picked":"CommonSense_AntiCommonSense_purple","floor":23},{"not_picked":["SharpContractionReality_purple","StateErode_purple","Worldmountain_purple","ButterflyHabitatTemple_purple"],"picked":"Fantasy_PerpetualMotionMachine_purple+1","floor":29},{"not_picked":["StateDuplicate_purple","Anti_communist_purple","DimensionStaggered_purple","Boundary_LightAndDark_purple"],"picked":"Boundary_DreamRealityDamnation_purple","floor":31},{"not_picked":["Boundary_LifeAndDeath_purple","UniverseChoice_purple","Price_of_realm_purpleEX","Know_ledgeAbilityRealm_purple"],"picked":"Monsters_DoubleDeathButterfly_purple","floor":33},{"not_picked":["Line_surface_state_purple+1","StateErode_purple","MetroBOOM_purple+1","Worldmountain_purple+1"],"picked":"SfantasyHide_purple+1","floor":35},{"not_picked":["Line_surface_state_purple+1","Shallow_ocean_purpleEX","SfantasyHide_purple+1","ExistenceContinue_purple+1"],"picked":"DimensionStaggered_purple","floor":36},{"not_picked":["OpenedBox_purple+1","AdvanceAttack_purple+1","RuleDissolution_purple","Realm_recovery_purpleEX+1"],"picked":"ExternalForce_HighSpeedFlying_purple","floor":39},{"not_picked":["SfantasyHide_purple","RuleDissolution_purple+1","Boundary_LightAndDark_purple","StateDuplicate_purple+1"],"picked":"Boundary_of_Extermination_purpleEX+1","floor":46},{"not_picked":["Shallow_ocean_purpleEX","Worldmountain_purple","Realm_recovery_purpleEX","Charmbait_purple"],"picked":"Fantasy_PerpetualMotionMachine_purple+1","floor":51},{"not_picked":["Mirror_FormAndEmptin_purple+1","Boundary_LightAndDark_purple","DimensionStaggered_purple","LoveAcrossDimensions_purple"],"picked":"MNeedle_purple","floor":52},{"not_picked":["Worldmountain_purple","Yakumo_Ran_purple+1","ExistenceContinue_purple+1","Line_surface_state_purple"],"picked":"Umbrella_purple","floor":56}],"player_experience":714649,"relics_obtained":[{"floor":1,"key":"SynthV:TestCard"},{"floor":4,"key":"vexMod:Dragonfruit"},{"floor":6,"key":"ArrowTower"},{"floor":8,"key":"Mastiff:ReiMu"},{"floor":10,"key":"GodSword6"},{"floor":14,"key":"Bottled Tornado"},{"floor":20,"key":"wanderingMiniBosses:Inkheart"},{"floor":21,"key":"Smiling Mask"},{"floor":23,"key":"ReplayFunnel"},{"floor":26,"key":"Pantograph"},{"floor":28,"key":"Lantern"},{"floor":42,"key":"ThegodofHakurei_purpleEX"},{"floor":43,"key":"ReplayTheSpireMod:TigerMarble"},{"floor":48,"key":"RuthlessExorcism:ReiMu"},{"floor":56,"key":"paleoftheancients:SoulOfTheDefect"},{"floor":58,"key":"SSSystem"}],"event_choices":[{"damage_healed":0,"gold_gain":0,"player_choice":"Relic","damage_taken":0,"max_hp_gain":0,"max_hp_loss":0,"event_name":"Wheel of Change","floor":8,"gold_loss":0},{"damage_healed":0,"gold_gain":0,"player_choice":"Ignored","damage_taken":0,"max_hp_gain":0,"max_hp_loss":0,"event_name":"给自己的盒子","floor":22,"gold_loss":0},{"damage_healed":0,"gold_gain":0,"player_choice":"Ignored","damage_taken":0,"max_hp_gain":0,"max_hp_loss":0,"event_name":"Ghosts","floor":30,"gold_loss":0}],"is_beta":false,"boss_relics":[{"not_picked":["testmod-SaigiyounoYou","SynthV:MejaisSoulstealer"],"picked":"vexMod:RockOfEvil"},{"not_picked":["testmod-TimeTraveler","Empty Cage"],"picked":"RhineSuit"}],"items_purged_floors":[],"is_endless":false,"potions_floor_spawned":[1,3,5,7,11,13,19,20,23,31,35,46],"ascension_level":0}}