{"host":"w5vfr18i2ft1pzo2","time":1610046386,"event":{"mods":["Act Like it!","Aspiration","BaseMod","Better Third Choice","BetterRewards","Colored Map","Colored Powertips","Conspire","Curses Come First","DNKmod","Defuse TimeMaze Blight","Dota2Spire","Elementarium","Energized Spire","Evolution","Force Act Four","Friendly Minions","Gensokyo","GifTheSpireLib","Gold Saver","GungeonMod","Halation","Hallownest","Hubris","Hyrulean Relics","Infinite Spire","Jedi Mod","Marisa????????","Minty Spire (QoL Compilation)","MostiFishMod","Prisma Mod","Remilia??????","Replay The Spire","SacredBarkPlus","Small Relic Pack","Spicy Shops","Spikes Relics","StSLib","Stuff the Spire","SuperFastMode","Synergy Search","The Blue Laboratory","The Servant 0.9.4","Trackpad","Treasure Hunter","Uncapped","Wandering Minibosses","Yakumo Yukari mod","noobMod","vexMod","??????REMEMod"],"gold_per_floor":[2080,2080,2080,2080,1562,1562,1597,1620,1672,1684,1702,1702,1702,1733,1733,1809,1809,1824,1839,1839,1839,1839,1839,1839,1839,1839,1839,1874,1893,1317,1352,1352,1430,1430,1446,1451,1451,1451,1451,1451,1470,1470,1497,1521,1535,1548,1567,1581,1581,1581,1581,1581,1421,1447,1453],"floor_reached":56,"playtime":1298,"items_purged":["Unload+1","Catalyst+1","PiercingWail+1"],"score":2675,"play_id":"700b7e3b-9565-43d0-9470-81fe61ab0d28","local_time":"20210108030626","is_ascension_mode":true,"campfire_choices":[{"floor":6,"key":"RECALL"},{"data":"SandsOfTime","floor":23,"key":"SMITH"},{"data":"BlessedFruit","floor":25,"key":"SMITH"},{"data":"Replay:Fractal Strike","floor":32,"key":"SMITH"},{"data":"hubris:Fate","floor":40,"key":"SMITH"},{"floor":42,"key":"REST"},{"floor":52,"key":"REST"}],"circlet_count":0,"master_deck":["Strike_P+1","Strike_P+1","Eruption+1","Vigilance+1","Vault+1","WheelKick+1","LessonLearned+1","Transmutation+1","BlessedFruit+1","BlessedFruit+1","TH:CopperCoins+1","MostiFishMod:PathToVictory+1","MentalFortress+1","Wireheading+1","Consecrate+1","EmptyMind+1","REME_CRH+1","CutThroughFate+1","SandsOfTime+1","Replay:Fractal Strike+1","Master of Strategy+1","FollowUp+1","Blasphemy+1","hubris:Fate+1","Flash of Steel","TH:DeckOfManyThings+1","WheelKick"],"relics":["PureWater","EVO:Axolotl","DaveBox","ice","REME_ComplimentaryCards","BrkXgEgg","SynthV:TestCard","hubris:Towel","HeavenlyBonsai","Mango","SentryEyes","CrustySpines","ExusiaiGun","Dota2Spire:Dagon","Frozen Egg 2","Happy Flower","StuffTheSpire:DarkSteelAnvil","infinitespire:Lucky Rock","hubris:ToyBattleship","Orichalcum","wanderingMiniBosses:AbyssPearl","halation:PromiseList"],"acts_visited":["Exordium","TheCity","TheBeyond","TheEnding"],"potions_floor_usage":[1,7,11,16,16,16,16,50],"damage_taken":[{"damage":0,"enemies":"2 Louse","floor":1,"turns":2},{"damage":0,"enemies":"Gremlin Nob","floor":7,"turns":1},{"damage":0,"enemies":"Small Slimes","floor":8,"turns":3},{"damage":0,"enemies":"conspire:RoseBush","floor":10,"turns":1},{"damage":0,"enemies":"Large Slime","floor":11,"turns":1},{"damage":0,"enemies":"3 Sentries","floor":14,"turns":3},{"damage":4,"enemies":"Hexaghost","floor":16,"turns":4},{"damage":0,"enemies":"Spheric Guardian","floor":18,"turns":1},{"damage":0,"enemies":"2 Thieves","floor":19,"turns":2},{"damage":0,"enemies":"Book of Stabbing","floor":28,"turns":1},{"damage":0,"enemies":"Shelled Parasite and Fungi","floor":29,"turns":1},{"damage":0,"enemies":"Slavers","floor":31,"turns":1},{"damage":0,"enemies":"hubris:MusketHawk","floor":33,"turns":1},{"damage":0,"enemies":"3 Darklings","floor":35,"turns":1},{"damage":10,"enemies":"3 Darklings","floor":36,"turns":4},{"damage":28,"enemies":"3 Shapes","floor":41,"turns":1},{"damage":11,"enemies":"Transient","floor":44,"turns":3},{"damage":0,"enemies":"Spire Growth","floor":45,"turns":1},{"damage":0,"enemies":"3 Darklings","floor":46,"turns":1},{"damage":0,"enemies":"Jaw Worm Horde","floor":47,"turns":1},{"damage":35,"enemies":"Sphere and 2 Shapes","floor":48,"turns":1},{"damage":0,"enemies":"Donu and Deca","floor":50,"turns":1},{"damage":0,"enemies":"Shield and Spear","floor":54,"turns":2},{"damage":94,"enemies":"The Heart","floor":55,"turns":5}],"seed_played":"-112183054272707297","potions_obtained":[{"floor":1,"key":"SteroidPotion"},{"floor":11,"key":"jedi:tentaclejuice"},{"floor":18,"key":"DistilledChaos"},{"floor":35,"key":"SteroidPotion"}],"is_trial":false,"path_per_floor":["M","?","?","?","$","R","E","M","T","M","M","T","T","E","R_BF","B",null,"M","M","?","?","T","R","?","R","T","AVR","E","M","$","E","R","B",null,"M","?","AVR","?","?","R","M","R","T","M","M","M","M","M","R_BF","B",null,"R","$","E","B",null],"character_chosen":"WATCHER","items_purchased":["WheelKick","LessonLearned+1","Transmutation+1","Master of Strategy+1","StuffTheSpire:DarkSteelAnvil","infinitespire:Lucky Rock","Flash of Steel"],"campfire_rested":2,"item_purchase_floors":[5,5,5,30,30,30,53],"current_hp_per_floor":[66,66,66,66,66,66,66,68,68,68,70,84,84,86,86,85,89,89,91,91,91,91,91,91,91,91,91,91,91,91,91,91,92,93,93,96,96,96,96,96,68,96,96,92,98,98,101,66,66,69,104,115,115,115,47],"gold":1453,"neow_bonus":"REMOVE_TWO","is_daily":false,"chose_seed":false,"campfire_upgraded":4,"win_rate":0.0,"timestamp":1610046386,"path_taken":["M","?","?","?","?","R","E","M","T","?","M","?","?","E","R_BF","BOSS","M","M","?","?","?","R","?","R","T","AVR","E","?","$","E","R","BOSS","M","?","AVR","?","?","R","M","R","T","M","M","?","M","M","R_BF","BOSS","R","$","E","BOSS"],"items_purchased_type":["Card","Card","Card","Card","Relic","Relic","Card"],"build_version":"2020-12-22","purchased_purges":3,"victory":true,"max_hp_per_floor":[67,67,67,67,67,67,67,69,69,69,71,85,85,87,87,90,90,90,92,92,92,92,92,92,92,92,92,92,92,92,92,92,93,93,93,96,96,96,96,96,96,96,96,103,109,109,112,112,112,115,115,115,115,115,120],"card_choices":[{"not_picked":["Study","MostiFishMod:Speedup","Replay:BluntJabs"],"picked":"SKIP","floor":1},{"not_picked":["TH:Mimic","TH:PixieDust","TH:CursedSword"],"picked":"TH:CopperCoins","floor":7},{"not_picked":["PathToVictory","ClearTheMind","Replay:ManipulateFuture","MostiFishMod:LegendTransform"],"picked":"MostiFishMod:PathToVictory","floor":7},{"not_picked":["Collect","MostiFishMod:Pointsdynamics+1","EmptyBody","PathToVictory"],"picked":"MentalFortress","floor":8},{"not_picked":["TH:CopperCoins","TH:BikiniMail","TH:DeckOfManyThings","TH:ElvenBoots"],"picked":"SKIP","floor":9},{"not_picked":["Replay:Battleflow","MostiFishMod:Clarity","REME_Repentance","ThirdEye"],"picked":"Wireheading","floor":10},{"not_picked":["ClearTheMind","MostiFishMod:FlowState","Crescendo","MostiFishMod:LegendTransform"],"picked":"Consecrate","floor":11},{"not_picked":["TH:ArmorSpikes","TH:CursedSword","TH:CopperCoins","TH:TreasureMap"],"picked":"SKIP","floor":12},{"not_picked":["TH:PixieDust","TH:ArmorSpikes","TH:CopperCoins","TH:CursedSword"],"picked":"SKIP","floor":13},{"not_picked":["BattleHymn","Crescendo","Sanctity","Protect"],"picked":"EmptyMind","floor":14},{"not_picked":["TH:PixieDust","TH:ElvenBoots","TH:BikiniMail","TH:ArmorSpikes"],"picked":"SKIP","floor":14},{"not_picked":["MostiFishMod:Disappear+1","SpiritShield+1","MostiFishMod:Minus+1","Replay:LoomingThreat+1"],"picked":"REME_CRH+1","floor":16},{"not_picked":["Replay:ManipulateFuture+1","Halt","MostiFishMod:ScryFuture+1","Prostrate"],"picked":"CutThroughFate","floor":18},{"not_picked":["WaveOfTheHand","MostiFishMod:Clarity+1","PathToVictory","ThirdEye"],"picked":"SandsOfTime","floor":19},{"not_picked":["TH:ArmorSpikes","TH:TreasureMap","TH:CopperCoins","TH:EnergyPotion"],"picked":"SKIP","floor":22},{"not_picked":["TH:TreasureMap","TH:Mimic","TH:CopperCoins","TH:ElvenBoots"],"picked":"SKIP","floor":26},{"not_picked":["TH:CopperCoins","TH:BikiniMail","TH:ArmorSpikes","TH:DeckOfManyThings"],"picked":"SKIP","floor":28},{"not_picked":["EmptyBody","Sanctity","CrushJoints","Crescendo","Halt"],"picked":"SKIP","floor":28},{"not_picked":["EmptyFist","CrushJoints","ClearTheMind","MostiFishMod:Speedup+1","WaveOfTheHand"],"picked":"SKIP","floor":29},{"not_picked":["FlurryOfBlows","EmptyBody","MostiFishMod:DustFall+1","Protect"],"picked":"FollowUp","floor":31},{"not_picked":["TH:ElvenBoots","TH:EnergyPotion","TH:TreasureMap","TH:CursedSword"],"picked":"SKIP","floor":31},{"not_picked":["Alpha+1","REME_WorshipGod+1","Judgement+1","MostiFishMod:StarHerder+1"],"picked":"Blasphemy+1","floor":33},{"not_picked":["EmptyBody","Vengeance","ThirdEye","Crescendo+1","MostiFishMod:LegendTransform+1"],"picked":"SKIP","floor":35},{"not_picked":["EmptyFist","Replay:Battleflow+1","JustLucky","Replay:DivineShield","Consecrate+1"],"picked":"SKIP","floor":41},{"not_picked":["TH:ArmorSpikes","TH:Mimic","TH:PixieDust","TH:DeckOfManyThings"],"picked":"SKIP","floor":43},{"not_picked":["MostiFishMod:Nomercy+1","REME_MusicOfDeath+1","ThirdEye+1","Prostrate+1","Halt+1"],"picked":"SKIP","floor":44},{"not_picked":["SashWhip","REME_Repentance+1","SandsOfTime","Protect","EmptyFist"],"picked":"SKIP","floor":45},{"not_picked":["TalkToTheHand","MostiFishMod:Speedup+1","Conclude","Replay:ManipulateFuture","Replay:BluntJabs"],"picked":"SKIP","floor":46},{"not_picked":["FlyingSleeves","CutThroughFate+1","Weave","Crescendo","MostiFishMod:StarLaLaLa+1"],"picked":"SKIP","floor":47},{"not_picked":["EmptyBody","Collect","WaveOfTheHand","FollowUp","Weave+1"],"picked":"SKIP","floor":48},{"not_picked":["TH:ArmorSpikes","TH:ElvenBoots","TH:CopperCoins"],"picked":"TH:DeckOfManyThings","floor":54},{"not_picked":["MostiFishMod:Unraveling+1","MostiFishMod:FlowState","LikeWater+1","EmptyFist"],"picked":"WheelKick","floor":54}],"player_experience":250244,"relics_obtained":[{"floor":1,"key":"SynthV:TestCard"},{"floor":7,"key":"HeavenlyBonsai"},{"floor":12,"key":"Mango"},{"floor":13,"key":"SentryEyes"},{"floor":14,"key":"CrustySpines"},{"floor":22,"key":"Dota2Spire:Dagon"},{"floor":26,"key":"Frozen Egg 2"},{"floor":28,"key":"Happy Flower"},{"floor":31,"key":"hubris:ToyBattleship"},{"floor":43,"key":"Orichalcum"},{"floor":44,"key":"wanderingMiniBosses:AbyssPearl"},{"floor":54,"key":"halation:PromiseList"}],"event_choices":[{"damage_healed":0,"gold_gain":0,"player_choice":"0 cards matched","damage_taken":0,"max_hp_gain":0,"max_hp_loss":0,"event_name":"Match and Keep!","floor":24,"gold_loss":0,"cards_obtained":[]},{"damage_healed":0,"gold_gain":0,"player_choice":"Got Potions","damage_taken":0,"max_hp_gain":0,"max_hp_loss":0,"event_name":"Lab","floor":39,"gold_loss":0},{"damage_healed":0,"gold_gain":0,"player_choice":"0 cards matched","damage_taken":0,"max_hp_gain":0,"max_hp_loss":0,"event_name":"Match and Keep!","floor":49,"gold_loss":0,"cards_obtained":[]}],"is_beta":false,"boss_relics":[{"not_picked":["Painkiller Herb","jedi:hotpepper"],"picked":"ExusiaiGun"},{"not_picked":["energizedSpire:EnergizedDie","Pandora\u0027s Box","conspire:SlowCooker"]}],"items_purged_floors":[5,27,30],"is_endless":false,"potions_floor_spawned":[1,11,18,35,46,47,48],"ascension_level":17}}