{"host":"irwdypew7j0recua","time":1610059566,"event":{"mods":["BaseMod","Better Vampires","Custom Start","Downfall","Googly Eyes","Hermit","Infinite Spire","Marisa????????","Minty Spire (QoL Compilation)","READ ME - Snecko Mod","Replay The Spire","Reworked Bosses","Shop Mod","StSLib","The Animator","The Cursed","The Necromancer","The Servant 0.9.4","The Wild Card"],"gold_per_floor":[99,112,112,22,42,70,70,81,31,63,13,23,23,23,42,143,143,93,108,108,124,209,244,293,306,256,272,283,86,86,96,112,212,212,162,181,281,281,311,341,416,426,426,426],"floor_reached":42,"playtime":2719,"items_purged":["Slimebound:Defend_Slimebound","Slimebound:Strike_Slimebound"],"score":430,"play_id":"21f97ad6-ad48-4a6a-a177-878edf1bd0a0","local_time":"20210107204606","is_ascension_mode":false,"campfire_choices":[{"data":"Slimebound:Split","floor":1,"key":"SMITH"},{"data":"Slimebound:ForwardTackle","floor":9,"key":"SMITH"},{"data":"Slimebound:LevelUp","floor":11,"key":"SMITH"},{"floor":13,"key":"REST"},{"data":"Slimebound:SlimeBrawl","floor":18,"key":"SMITH"},{"data":"Slimebound:RejuvenatingLick","floor":26,"key":"SMITH"},{"data":"Slimebound:OneTwoCombo","floor":35,"key":"SMITH"}],"circlet_count":0,"master_deck":["Slimebound:Strike_Slimebound","Slimebound:Strike_Slimebound","Slimebound:Split+1","Slimebound:CorrosiveSpit","Slimebound:SlimeBrawl+1","Slimebound:PressTheAttack","Slimebound:Schlurp","Slimebound:ForwardTackle+1","Slimebound:LevelUp+1","Slimebound:SplitLeeching","Slimebound:LeechingTouch","Slimebound:RejuvenatingLick+1","Slimebound:OneTwoCombo+1","Slimebound:Prepare+1","Slimebound:Chomp+1","Slimebound:RainOfGoop+1","Slimebound:SplitLeeching+1","Slimebound:SplitMire","Slimebound:SplitLeeching+1","Slimebound:LevelUp","Apotheosis","Slimebound:MegaLick","Slimebound:AcidTongue","Slimebound:SelfFormingGoo","Slimebound:SplitMire+1","Slimebound:DouseInSlime","Slimebound:ProtectTheBoss","Slimebound:LeechEnergy","Regret","Slimebound:Split","expansioncontent:Chronoboost","Slimebound:SplitMire+1","Slimebound:LeechEnergy+1","Slimebound:Gluttony+1"],"relics":["Slimebound:AbsorbEndCombat","Slimebound:GreedOozeRelic","Slimebound:AggressiveSlimeRelic","Lizard Tail","ReplayTheSpireMod:Ninjato","Astrolabe","Shovel","Tiny Chest","Slimebound:TarBlob","downfall:GremlinSack","Replay:Bandana","Eternal Feather"],"acts_visited":["Exordium","TheCity","TheBeyond"],"potions_floor_usage":[],"damage_taken":[{"damage":11,"enemies":"Small Slimes","floor":2,"turns":3},{"damage":22,"enemies":"downfall:FleeingMerchant","floor":4,"turns":4},{"damage":17,"enemies":"2 Louse","floor":5,"turns":3},{"damage":38,"enemies":"3 Sentries","floor":6,"turns":6},{"damage":12,"enemies":"Cultist","floor":8,"turns":2},{"damage":29,"enemies":"Gremlin Nob","floor":10,"turns":3},{"damage":24,"enemies":"2 Fungi Beasts","floor":12,"turns":3},{"damage":20,"enemies":"Exordium Thugs","floor":15,"turns":4},{"damage":53,"enemies":"downfall:Ironclad","floor":16,"turns":5},{"damage":15,"enemies":"Spheric Guardian","floor":19,"turns":2},{"damage":36,"enemies":"Shell Parasite","floor":21,"turns":3},{"damage":46,"enemies":"Replay:Snechameleon","floor":23,"turns":3},{"damage":24,"enemies":"Snecko","floor":25,"turns":2},{"damage":28,"enemies":"3 Cultists","floor":27,"turns":3},{"damage":35,"enemies":"Centurion and Healer","floor":28,"turns":3},{"damage":43,"enemies":"downfall:FleeingMerchant","floor":29,"turns":4},{"damage":22,"enemies":"Cultist and Chosen","floor":31,"turns":3},{"damage":18,"enemies":"Snecko","floor":32,"turns":3},{"damage":82,"enemies":"downfall:Silent","floor":33,"turns":5},{"damage":21,"enemies":"3 Shapes","floor":36,"turns":3},{"damage":30,"enemies":"3 Shapes","floor":37,"turns":2},{"damage":70,"enemies":"3 Darklings","floor":39,"turns":3},{"damage":39,"enemies":"Spire Growth","floor":40,"turns":3},{"damage":127,"enemies":"Nightmare","floor":42,"turns":4}],"seed_played":"6681519949761264572","potions_obtained":[{"floor":2,"key":"Energy Potion"},{"floor":5,"key":"Dexterity Potion"},{"floor":8,"key":"Elixir"},{"floor":39,"key":"Flashbang"}],"is_trial":false,"path_per_floor":["R","M","?","$","M","E","T","M","R","E","R","M","R","?","M","B",null,"R","M","?","M","?","E","T","M","R","M","M","$","T","M","M","B",null,"R","M","?","AVR","M","M","T","NM"],"character_chosen":"SLIMEBOUND","items_purchased":["Apotheosis"],"campfire_rested":1,"item_purchase_floors":[29],"current_hp_per_floor":[66,63,63,63,54,44,44,48,48,35,35,27,46,46,42,23,66,66,66,66,48,36,28,28,42,42,56,59,61,61,66,64,32,66,66,61,66,66,56,65,65,0,0,0],"gold":426,"neow_bonus":"TEN_PERCENT_HP_BONUS","is_daily":false,"chose_seed":false,"campfire_upgraded":6,"win_rate":0.0,"timestamp":1610059566,"path_taken":["R","M","?","$","M","E","T","M","R","E","R","M","R","?","M","BOSS","R","M","?","?","?","E","T","M","R","M","M","$","?","M","M","BOSS","R","M","?","AVR","?","M","T","NM"],"items_purchased_type":["Card"],"build_version":"2020-12-22","purchased_purges":2,"victory":false,"max_hp_per_floor":[66,66,66,66,66,66,66,66,66,66,66,66,66,66,66,66,66,66,66,66,66,66,66,66,66,66,66,66,66,66,66,66,66,66,66,66,66,66,66,66,66,66,66,66],"card_choices":[{"not_picked":["Slimebound:LeechEnergy","Slimebound:LivingWall"],"picked":"Slimebound:SlimeBrawl","floor":2},{"not_picked":["Slimebound:ViciousTackle","Slimebound:Equalize"],"picked":"Slimebound:PressTheAttack","floor":4},{"not_picked":["Slimebound:FinishingTackle","Slimebound:ViciousTackle"],"picked":"Slimebound:Schlurp","floor":5},{"not_picked":["Slimebound:SelfFormingGoo","Slimebound:LeechEnergy"],"picked":"Slimebound:ForwardTackle","floor":6},{"not_picked":["Slimebound:SplitBruiser","Slimebound:LeechingTouch"],"picked":"Slimebound:LevelUp","floor":8},{"not_picked":["Slimebound:ItLooksTasty","Slimebound:HauntingLick"],"picked":"Slimebound:SplitLeeching","floor":10},{"not_picked":["Slimebound:ViciousTackle","Slimebound:FinishingTackle"],"picked":"Slimebound:LeechingTouch","floor":12},{"not_picked":["Slimebound:SplitBruiser","Slimebound:SplitMire"],"picked":"Slimebound:RejuvenatingLick","floor":15},{"not_picked":["Slimebound:SlimeSlap","Slimebound:MassRepurpose"],"picked":"Slimebound:OneTwoCombo","floor":16},{"not_picked":["Slimebound:RollThrough","Slimebound:SlimeSpikes"],"picked":"Slimebound:SplitLeeching+1","floor":19},{"not_picked":["Slimebound:HauntingLick","Slimebound:LeechingTouch"],"picked":"Slimebound:SplitMire","floor":21},{"not_picked":["Slimebound:Schlurp","Slimebound:GrowthPunch","Slimebound:ComboTackle"],"picked":"SKIP","floor":23},{"not_picked":["Slimebound:LeechingTouch","Slimebound:LeechEnergy"],"picked":"Slimebound:SplitLeeching+1","floor":25},{"not_picked":["Slimebound:Schlurp","Slimebound:RollThrough","Slimebound:ComboTackle"],"picked":"SKIP","floor":27},{"not_picked":["Slimebound:Schlurp","Slimebound:RollThrough","Slimebound:ComboTackle"],"picked":"SKIP","floor":27},{"not_picked":["Slimebound:BestDefense+1","Slimebound:LeechingTouch","Slimebound:PressTheAttack"],"picked":"SKIP","floor":28},{"not_picked":["Slimebound:GoopSpray+1","Slimebound:SplitLeeching"],"picked":"Slimebound:LevelUp","floor":29},{"not_picked":["Slimebound:GrowthPunch","Slimebound:SplitLeeching"],"picked":"Slimebound:MegaLick","floor":31},{"not_picked":["Slimebound:SamplingLick+1","Slimebound:SlimeSpikes"],"picked":"Slimebound:AcidTongue","floor":32},{"not_picked":["Slimebound:OozeBath","Slimebound:MassRepurpose"],"picked":"Slimebound:SelfFormingGoo","floor":33},{"not_picked":["Slimebound:GrowthPunch+1","Slimebound:SpikyOuterGoop"],"picked":"Slimebound:SplitMire+1","floor":36},{"not_picked":["Slimebound:PressTheAttack","Slimebound:RollThrough"],"picked":"Slimebound:SplitMire+1","floor":37},{"not_picked":["Slimebound:SamplingLick","Slimebound:RainOfGoop"],"picked":"Slimebound:LeechEnergy+1","floor":39},{"not_picked":["Slimebound:LeechEnergy","Slimebound:SlimeBarrage+1"],"picked":"Slimebound:Gluttony+1","floor":40}],"player_experience":145988,"relics_obtained":[{"floor":6,"key":"Slimebound:AggressiveSlimeRelic"},{"floor":7,"key":"Lizard Tail"},{"floor":10,"key":"ReplayTheSpireMod:Ninjato"},{"floor":23,"key":"Shovel"},{"floor":30,"key":"Tiny Chest"},{"floor":37,"key":"downfall:GremlinSack"},{"floor":41,"key":"Eternal Feather"}],"event_choices":[{"cards_removed":["Slimebound:Tackle"],"damage_healed":0,"gold_gain":0,"player_choice":"Offered Basic","damage_taken":0,"max_hp_gain":0,"max_hp_loss":0,"event_name":"Bonfire Elementals","floor":20,"gold_loss":0}],"is_beta":false,"boss_relics":[{"not_picked":["Replay:Wanted Poster","Busted Crown"],"picked":"Astrolabe"},{"not_picked":["Snecko Eye","ChewingGum"],"picked":"Slimebound:TarBlob"}],"items_purged_floors":[4,38],"is_endless":false,"potions_floor_spawned":[2,5,8,15,25,27,31,32,39],"killed_by":"Nightmare","ascension_level":0}}