{"host":"a0paspe0zwqgzttz","time":1610041434,"event":{"mods":["AchievementEnabler","Act Like it!","BaseMod","BetterRewards","Colored Powertips","Conspire","Downfall","GifTheSpireLib","Hermit","Highlight Path","Lobotomy","Mad Scientist","Marisa????????","Minty Spire (QoL Compilation)","Quick Restart","Replay The Spire","Robot Space Explorer","Shop Mod","StSLib","SuperFastMode","The Bug Knight","The Construct","The Cursed","The Hierophant","The Jungle","The Mystic","The Necromancer","The Runesmith","The Senshi","The Servant 0.9.4"],"gold_per_floor":[115,95,115,129,129,129,129,144,144,144,111,111,66,91,91,211,211,231,79,79,79,79],"floor_reached":21,"playtime":2071,"items_purged":[],"score":167,"play_id":"fdd24ae6-d8e4-4832-b69f-799f508342b9","local_time":"20210107124354","is_ascension_mode":false,"campfire_choices":[{"data":"construct:AttackMode","floor":6,"key":"SMITH"},{"data":"Replay:Light Bash","floor":10,"key":"SMITH"}],"circlet_count":0,"master_deck":["construct:Strike_Gold","construct:Strike_Gold","construct:Strike_Gold","construct:Strike_Gold+1","construct:Strike_Gold","construct:Defend_Gold","construct:Defend_Gold","construct:Defend_Gold","construct:Defend_Gold","construct:Defend_Gold","construct:AttackMode+1","construct:DefenseMode","Replay:Light Bash+1","mysticmod:ArcaneDodge","construct:HyperBeam","construct:Autoturret+1","construct:QuickAttack","construct:CripplingShot","construct:MetalShell","construct:Anticipate+1","construct:SuppressiveFire","construct:ChargeShot","construct:Reserves","construct:BatteryAcid","RitualDagger"],"relics":["construct:Cogwheel","Golden Idol","Eternal Feather","Divine Protection","conspire:RoyalGoblet","Bag of Marbles"],"acts_visited":["Exordium","TheCity"],"potions_floor_usage":[16,16,18,21],"damage_taken":[{"damage":1,"enemies":"Jaw Worm","floor":1,"turns":2},{"damage":5,"enemies":"Cultist","floor":3,"turns":4},{"damage":0,"enemies":"Small Slimes","floor":4,"turns":3},{"damage":9,"enemies":"Blue Slaver","floor":8,"turns":4},{"damage":0,"enemies":"Exordium Wildlife","floor":14,"turns":4},{"damage":14,"enemies":"The Guardian","floor":16,"turns":12},{"damage":38,"enemies":"3 Byrds","floor":18,"turns":9},{"damage":48,"enemies":"Spheric Guardian","floor":21,"turns":7}],"seed_played":"3495171961418438855","potions_obtained":[{"floor":2,"key":"LiquidBronze"},{"floor":4,"key":"Energy Potion"},{"floor":14,"key":"Dexterity Potion"},{"floor":16,"key":"LiquidMemories"}],"is_trial":false,"path_per_floor":["M","?","M","M","?","R","T","M","T","R","$","?","$","M","R","B",null,"M","$","?","M"],"character_chosen":"THE_CONSTRUCT_MOD","items_purchased":["construct:Anticipate+1","construct:SuppressiveFire","Bag of Marbles"],"campfire_rested":0,"item_purchase_floors":[11,13,19],"current_hp_per_floor":[84,84,79,79,58,58,58,49,49,58,58,58,58,58,85,71,85,47,47,41,0,0],"gold":79,"neow_bonus":"THREE_RARE_CARDS","is_daily":false,"chose_seed":false,"campfire_upgraded":2,"win_rate":0.0,"timestamp":1610041434,"path_taken":["M","?","?","?","?","R","?","M","T","R","?","?","$","M","R","BOSS","M","?","?","?"],"items_purchased_type":["Card","Card","Relic"],"build_version":"2020-12-22","purchased_purges":0,"victory":false,"max_hp_per_floor":[85,85,85,85,85,85,85,85,85,85,85,85,85,85,85,85,85,85,85,85,85,85],"card_choices":[{"not_picked":["construct:GoldenBullet","construct:SpinDrive"],"picked":"construct:HyperBeam","floor":0},{"not_picked":["construct:ShiftStrike","construct:ClusterMines"],"picked":"construct:Autoturret","floor":1},{"not_picked":["construct:ShiftGuard","construct:SaveState"],"picked":"construct:QuickAttack","floor":3},{"not_picked":["construct:Anticipate","construct:PowerUp"],"picked":"construct:CripplingShot","floor":4},{"not_picked":["construct:ClusterMines","construct:SweepLaser"],"picked":"construct:MetalShell","floor":8},{"not_picked":["construct:SyphonStrike","construct:Analyze"],"picked":"construct:ChargeShot","floor":14},{"not_picked":["construct:PanicFire","construct:SiegeForm"],"picked":"construct:Reserves","floor":16},{"not_picked":["construct:HeavyBolt","construct:CripplingShot"],"picked":"construct:BatteryAcid","floor":18}],"player_experience":445749,"relics_obtained":[{"floor":7,"key":"Eternal Feather"},{"floor":9,"key":"Divine Protection"}],"event_choices":[{"damage_healed":0,"gold_gain":0,"player_choice":"Bought 1 Potion","damage_taken":0,"max_hp_gain":0,"max_hp_loss":0,"event_name":"The Woman in Blue","floor":2,"gold_loss":0},{"damage_healed":0,"gold_gain":0,"player_choice":"Take Damage","damage_taken":21,"relics_obtained":["Golden Idol"],"max_hp_gain":0,"max_hp_loss":0,"event_name":"Golden Idol","floor":5,"gold_loss":0},{"damage_healed":0,"gold_gain":0,"player_choice":"Upgraded","damage_taken":0,"max_hp_gain":0,"max_hp_loss":0,"event_name":"Upgrade Shrine","floor":12,"gold_loss":0,"cards_upgraded":["construct:Strike_Gold"]},{"damage_healed":0,"gold_gain":0,"player_choice":"Joined the Cult","damage_taken":6,"max_hp_gain":0,"max_hp_loss":0,"event_name":"Nest","floor":20,"gold_loss":0,"cards_obtained":["RitualDagger"]}],"is_beta":false,"boss_relics":[{"not_picked":["conspire:RunicOctahedron","Black Star"],"picked":"conspire:RoyalGoblet"}],"items_purged_floors":[],"is_endless":false,"potions_floor_spawned":[4,14,16],"killed_by":"Spheric Guardian","ascension_level":0}}