{"host":"1a3cjta80tad0aqj","time":1610027890,"event":{"mods":["2.2 Compatiblity","AchievementEnabler","BaseMod","Colored Map","DeckTracker","KOR Keyword Fix","Keyboard Shortcuts","Minty Spire (QoL Compilation)","Permanent Neow","Quick Restart","Random Character Button","StSLib","SuperFastMode","everything is the same but u backflip on backflip"],"gold_per_floor":[117,129,141,152,77,77,87,87,87,87,100,116,16,16,16],"floor_reached":14,"playtime":755,"items_purged":["Defend_P","Defend_P"],"score":84,"play_id":"16e42ca0-5c68-4fe4-b616-6b5d63d8dede","local_time":"20210107225810","is_ascension_mode":false,"campfire_choices":[{"data":"Eruption","floor":6.0,"key":"SMITH"}],"circlet_count":0,"master_deck":["Strike_P","Strike_P","Strike_P+1","Defend_P+1","Eruption+1","Vigilance"],"relics":["Empty Cage","Molten Egg 2"],"acts_visited":["Exordium"],"potions_floor_usage":[],"damage_taken":[{"damage":5.0,"enemies":"2 Louse","floor":1.0,"turns":4.0},{"damage":0.0,"enemies":"Small Slimes","floor":2.0,"turns":3.0},{"damage":17.0,"enemies":"Jaw Worm","floor":3.0,"turns":4.0},{"damage":6.0,"enemies":"Blue Slaver","floor":4.0,"turns":4.0},{"damage":6.0,"enemies":"Exordium Wildlife","floor":7.0,"turns":4.0},{"damage":0.0,"enemies":"3 Louse","floor":11.0,"turns":3.0},{"damage":4,"enemies":"Exordium Thugs","floor":12,"turns":4},{"damage":28,"enemies":"Gremlin Nob","floor":14,"turns":2}],"seed_played":"8578402797539500707","potions_obtained":[{"floor":2.0,"key":"EssenceOfSteel"},{"floor":4.0,"key":"Swift Potion"},{"floor":12,"key":"Swift Potion"}],"is_trial":false,"path_per_floor":["M","M","M","M","$","R","M","?","T","?","M","M","$","E"],"character_chosen":"WATCHER","items_purchased":[],"campfire_rested":0,"item_purchase_floors":[],"current_hp_per_floor":[67,67,50,44,44,44,38,38,38,24,24,20,20,0,0],"gold":16,"neow_bonus":"BOSS_RELIC","is_daily":false,"chose_seed":false,"campfire_upgraded":1,"win_rate":0.0,"timestamp":1610027890,"path_taken":["M","M","M","M","$","R","M","?","T","?","M","?","$","E"],"items_purchased_type":[],"build_version":"2020-12-22","purchased_purges":2,"victory":false,"max_hp_per_floor":[72,72,72,72,72,72,72,72,72,72,72,72,72,72,72],"card_choices":[{"not_picked":["FlyingSleeves","Halt","WreathOfFlame"],"picked":"SKIP","floor":1.0},{"not_picked":["ForeignInfluence","FlyingSleeves","CarveReality"],"picked":"SKIP","floor":2.0},{"not_picked":["EmptyFist","EmptyBody","LessonLearned"],"picked":"SKIP","floor":3.0},{"not_picked":["FlurryOfBlows","Crescendo","JustLucky"],"picked":"SKIP","floor":4.0},{"not_picked":["PathToVictory","Perseverance","EmptyBody"],"picked":"SKIP","floor":7.0},{"not_picked":["FlyingSleeves+1","SashWhip+1","EmptyBody"],"picked":"SKIP","floor":11.0},{"not_picked":["SashWhip+1","Prostrate","CrushJoints+1"],"picked":"SKIP","floor":12}],"player_experience":165908,"relics_obtained":[{"floor":9.0,"key":"Molten Egg 2"}],"event_choices":[{"damage_healed":0.0,"max_hp_gain":0.0,"max_hp_loss":0.0,"gold_gain":0.0,"event_name":"Dead Adventurer","player_choice":"Searched \u00270\u0027 times","floor":8.0,"gold_loss":0.0,"damage_taken":0.0},{"damage_healed":0.0,"max_hp_gain":0.0,"max_hp_loss":0.0,"gold_gain":0.0,"event_name":"Shining Light","player_choice":"Entered Light","floor":10.0,"gold_loss":0.0,"damage_taken":14.0,"cards_upgraded":["Defend_P","Strike_P"]}],"is_beta":false,"boss_relics":[],"items_purged_floors":[5,13],"is_endless":false,"potions_floor_spawned":[2,4,12],"killed_by":"Gremlin Nob","ascension_level":0}}