{"host":"684z1xpuwaoqmmh1","time":1610057615,"event":{"mods":["BaseMod","Downfall","Hermit","Jorbs\u0027s Wanderer Trilogy","Marisa????????","Minty Spire (QoL Compilation)","StSLib","The Hierophant","The Mystic"],"gold_per_floor":[109,121,137,148,168,203,203,203,203],"floor_reached":8,"playtime":445,"items_purged":[],"score":96,"play_id":"f6dde520-3159-4202-8292-41f3939133db","local_time":"20210108001335","is_ascension_mode":true,"campfire_choices":[{"data":"hermit:Combo","floor":7,"key":"SMITH"}],"circlet_count":0,"master_deck":["AscendersBane","hermit:Strike_Hermit","hermit:Strike_Hermit","hermit:Strike_Hermit","hermit:Strike_Hermit","hermit:Defend_Hermit","hermit:Defend_Hermit","hermit:Defend_Hermit","hermit:Defend_Hermit","hermit:Snapshot","hermit:Covet","stsjorbsmod:Procrastination","hermit:Midnight","hermit:Dive","hermit:Spite","hermit:Combo+1"],"relics":["hermit:Momento","champ:DuelingGlove","Bird Faced Urn"],"acts_visited":["Exordium"],"potions_floor_usage":[6,6,8],"damage_taken":[{"damage":0.0,"enemies":"Cultist","floor":1.0,"turns":3.0},{"damage":1.0,"enemies":"Small Slimes","floor":2.0,"turns":2.0},{"damage":0.0,"enemies":"2 Louse","floor":3.0,"turns":3.0},{"damage":14.0,"enemies":"Exordium Thugs","floor":4.0,"turns":5.0},{"damage":1.0,"enemies":"3 Louse","floor":5.0,"turns":4.0},{"damage":18,"enemies":"Gremlin Nob","floor":6,"turns":4},{"damage":41,"enemies":"Lagavulin","floor":8,"turns":5}],"seed_played":"1149308217849859117","potions_obtained":[{"floor":1.0,"key":"ColorlessPotion"},{"floor":5.0,"key":"champ:CounterPotion"},{"floor":6,"key":"PowerPotion"}],"is_trial":false,"path_per_floor":["M","M","M","M","M","E","R","E"],"character_chosen":"HERMIT","items_purchased":[],"campfire_rested":0,"item_purchase_floors":[],"current_hp_per_floor":[68,67,67,53,52,34,34,0,0],"gold":203,"neow_bonus":"ONE_RARE_RELIC","is_daily":false,"chose_seed":false,"campfire_upgraded":1,"win_rate":0.0,"timestamp":1610057615,"path_taken":["M","M","M","M","M","E","R","E"],"items_purchased_type":[],"build_version":"2020-12-22","purchased_purges":0,"victory":false,"max_hp_per_floor":[75,75,75,75,75,75,75,75,75],"card_choices":[{"not_picked":["hermit:WideOpen","hermit:SprayPray"],"picked":"hermit:Midnight","floor":1.0},{"not_picked":["hermit:LuckOfTheDraw","hermit:CalledShot","hermit:Coalescence"],"picked":"SKIP","floor":2.0},{"not_picked":["hermit:SprayPray","hermit:Gestalt"],"picked":"hermit:Dive","floor":3.0},{"not_picked":["hermit:Dive","hermit:Glare"],"picked":"hermit:Spite","floor":4.0},{"not_picked":["hermit:TrackingShot","hermit:Enervate"],"picked":"hermit:Combo","floor":5.0},{"not_picked":["hermit:ItchyTrigger","hermit:Vantage","hermit:Purgatory"],"picked":"SKIP","floor":6}],"player_experience":2424715,"relics_obtained":[{"floor":6,"key":"Bird Faced Urn"}],"event_choices":[],"is_beta":false,"boss_relics":[],"items_purged_floors":[],"is_endless":false,"potions_floor_spawned":[1,5,6],"killed_by":"Lagavulin","ascension_level":12}}