{"host":"pzqipjs7wsinit61","time":1610049170,"event":{"mods":["BaseMod","Colored Map","Colored Powertips","Jorbs\u0027s Wanderer Trilogy","Minty Spire (QoL Compilation)","Replay The Spire","StSLib","everything is the same but u backflip on backflip","slay the spire mod where everything is the same but ironclad has a cowboy hat"],"gold_per_floor":[116,116,126,149,27,57,57,57,57,78,78,78,78,89,89,103,103,198,198,132,142,42,54,91,91,118,135,187,215,215,31,61,61,61,166,166,186,236,236,252,107,107,22,57,109,128,144,180,180,31,31,31,31,31,31,79,79],"floor_reached":58,"playtime":8062,"items_purged":["stsjorbsmod:Strike_Wanderer","stsjorbsmod:Procrastination","Delirium"],"score":1211,"play_id":"6e8a15f0-8bce-4254-8a79-ccc1dea8ef91","local_time":"20210107145250","is_ascension_mode":false,"campfire_choices":[{"data":"stsjorbsmod:FreshAdventure","floor":12,"key":"SMITH"},{"data":"stsjorbsmod:Prepare","floor":15,"key":"SMITH"},{"data":"stsjorbsmod:Prepare","floor":17,"key":"SMITH"},{"data":"stsjorbsmod:FlameWard","floor":25,"key":"SMITH"},{"data":"stsjorbsmod:SiphonEnergy","floor":34,"key":"SMITH"},{"data":"stsjorbsmod:Message","floor":42,"key":"SMITH"},{"floor":51,"key":"RECALL"},{"data":"stsjorbsmod:MageArmor","floor":54,"key":"SMITH"}],"circlet_count":0,"master_deck":["stsjorbsmod:ForbiddenGrimoire+1","stsjorbsmod:Strike_Wanderer+1","stsjorbsmod:Defend_Wanderer+1","stsjorbsmod:EyeOfTheStorm+1","stsjorbsmod:LocateObject","stsjorbsmod:TrueStrike+1","stsjorbsmod:BookOfTongues","stsjorbsmod:Prepare+1","stsjorbsmod:Prepare+1","stsjorbsmod:MageArmor+1","stsjorbsmod:DeathThroes+1","stsjorbsmod:Entangle","stsjorbsmod:DisguiseSelf+1","stsjorbsmod:FlameWard+1","stsjorbsmod:Materialize","stsjorbsmod:SiphonEnergy+1","stsjorbsmod:Message+1","stsjorbsmod:Index+1","stsjorbsmod:FaerieFire+1","stsjorbsmod:Fireball+1","stsjorbsmod:ArcaneWeapon+1","stsjorbsmod:ArcaneWeapon+1","stsjorbsmod:Channel","stsjorbsmod:Patron","stsjorbsmod:Prestidigitation+1","stsjorbsmod:ArcaneWeapon+1"],"relics":["stsjorbsmod:GrimoireRelic","Ice Cream","Lizard Tail","Kintsugi","Girya","Bronze Scales","ReplayTheSpireMod:TigerMarble","Philosopher\u0027s Stone","Matryoshka","Guide Book","BranchBurnRelic","Akabeko","Frozen Egg 2","Ring of Hypnosis","ReplayTheSpireMod:Ring of Collecting","FossilizedHelix"],"acts_visited":["Exordium","TheCity","TheBeyond","TheEnding"],"potions_floor_usage":[6,11,23,26,56,56,57],"damage_taken":[{"damage":0,"enemies":"2 Louse","floor":1,"turns":2},{"damage":3,"enemies":"Cultist","floor":3,"turns":3},{"damage":1,"enemies":"Jaw Worm","floor":4,"turns":3},{"damage":30,"enemies":"Gremlin Nob","floor":6,"turns":4},{"damage":6,"enemies":"Exordium Thugs","floor":10,"turns":5},{"damage":3,"enemies":"Exordium Wildlife","floor":14,"turns":4},{"damage":4,"enemies":"Lots of Slimes","floor":16,"turns":3},{"damage":12,"enemies":"Hexaghost","floor":18,"turns":10},{"damage":8,"enemies":"2 Thieves","floor":20,"turns":4},{"damage":0,"enemies":"Shell Parasite","floor":21,"turns":5},{"damage":6,"enemies":"Snake Plant","floor":23,"turns":5},{"damage":3,"enemies":"Centurion and Healer","floor":24,"turns":7},{"damage":20,"enemies":"Slavers","floor":26,"turns":5},{"damage":0,"enemies":"3 Cultists","floor":27,"turns":4},{"damage":13,"enemies":"Snake Plant","floor":29,"turns":4},{"damage":0,"enemies":"Cultist and Chosen","floor":32,"turns":4},{"damage":0,"enemies":"Collector","floor":35,"turns":7},{"damage":18,"enemies":"3 Darklings","floor":37,"turns":3},{"damage":0,"enemies":"Mind Bloom Boss Battle","floor":38,"turns":7},{"damage":0,"enemies":"Orb Walker","floor":40,"turns":4},{"damage":12,"enemies":"Sphere and 2 Shapes","floor":44,"turns":3},{"damage":0,"enemies":"Writhing Mass","floor":46,"turns":5},{"damage":0,"enemies":"3 Darklings","floor":47,"turns":1},{"damage":7,"enemies":"Giant Head","floor":48,"turns":8},{"damage":27,"enemies":"Donu and Deca","floor":52,"turns":7},{"damage":49,"enemies":"Shield and Spear","floor":56,"turns":7},{"damage":43,"enemies":"The Heart","floor":57,"turns":9}],"seed_played":"-6099068410525054490","potions_obtained":[{"floor":0,"key":"Regen Potion"},{"floor":0,"key":"Reflective Coating"},{"floor":0,"key":"Doom Potion"},{"floor":6,"key":"stsjorbsmod:LiquidVirtue"},{"floor":10,"key":"stsjorbsmod:DimensionDoorPotion"},{"floor":14,"key":"Ancient Potion"},{"floor":20,"key":"Adrenaline Potion"},{"floor":24,"key":"Regen Potion"},{"floor":26,"key":"stsjorbsmod:LiquidVirtue"}],"is_trial":false,"path_per_floor":["M","?","M","M","$","E","PTL","PTL","?","M","T","R","?","M","R","M","R_BF","B",null,"M","M","$","M","M","R","E","M","T","M","?","$","M","?","R","B",null,"M","?","T","M","$","R","$","M","T","M","M","E","?","$","R","B",null,"R","$","E","B",null],"character_chosen":"WANDERER","items_purchased":["stsjorbsmod:Prepare","ReplayTheSpireMod:TigerMarble","stsjorbsmod:Index+1","Guide Book","stsjorbsmod:ArcaneWeapon+1","stsjorbsmod:Channel","stsjorbsmod:Prestidigitation+1"],"campfire_rested":0,"item_purchase_floors":[5,31,31,41,43,43,50],"current_hp_per_floor":[68,68,66,65,65,40,40,40,26,23,23,23,23,22,22,19,19,7,68,62,63,63,58,63,63,58,64,64,54,54,54,58,58,58,60,78,60,61,61,62,62,62,62,63,63,64,64,57,57,57,57,45,78,78,78,40,36],"gold":79,"neow_bonus":"THREE_SMALL_POTIONS","is_daily":false,"chose_seed":false,"campfire_upgraded":7,"win_rate":0.0,"timestamp":1610049170,"path_taken":["M","?","M","M","?","E","PTL","PTL","?","?","T","R","?","M","R","M","R_BF","BOSS","M","M","?","M","M","R","E","?","T","M","?","$","M","?","R","BOSS","M","?","?","M","$","R","?","?","T","M","M","E","?","$","R","BOSS","R","$","E","BOSS"],"items_purchased_type":["Card","Relic","Card","Relic","Card","Card","Card"],"build_version":"2020-12-22","purchased_purges":3,"victory":true,"max_hp_per_floor":[68,68,68,68,68,68,68,68,68,68,68,68,68,68,68,68,68,68,68,68,68,68,68,72,72,72,76,76,76,76,76,78,78,78,78,78,78,78,78,78,78,78,78,78,78,78,78,78,78,78,78,78,78,78,78,78,78],"card_choices":[{"not_picked":["stsjorbsmod:WanderingMind","stsjorbsmod:AnimateObjects"],"picked":"stsjorbsmod:LocateObject","floor":1},{"not_picked":["stsjorbsmod:SmithingStrike","stsjorbsmod:TollTheDead"],"picked":"stsjorbsmod:TrueStrike","floor":3},{"not_picked":["stsjorbsmod:DisguiseSelf","stsjorbsmod:Mindworm"],"picked":"stsjorbsmod:BookOfTongues","floor":4},{"not_picked":["stsjorbsmod:ChatteringStrike","stsjorbsmod:Mending","stsjorbsmod:WeightOfMemory"],"picked":"SKIP","floor":6},{"not_picked":["stsjorbsmod:UnseenServant","stsjorbsmod:WanderingMind"],"picked":"stsjorbsmod:Prepare","floor":10},{"not_picked":["stsjorbsmod:Prepare","stsjorbsmod:OldPocket"],"picked":"stsjorbsmod:MageArmor","floor":14},{"not_picked":["stsjorbsmod:Will","stsjorbsmod:Message"],"picked":"stsjorbsmod:DeathThroes","floor":16},{"not_picked":["stsjorbsmod:PurgeMind","stsjorbsmod:Rediscovery"],"picked":"stsjorbsmod:Entangle","floor":18},{"not_picked":["stsjorbsmod:FracturedMind","stsjorbsmod:Hibernate+1"],"picked":"stsjorbsmod:DisguiseSelf+1","floor":20},{"not_picked":["stsjorbsmod:ColorSpray+1","stsjorbsmod:Stalwart"],"picked":"stsjorbsmod:FlameWard","floor":21},{"not_picked":["stsjorbsmod:Channel","stsjorbsmod:Introspection"],"picked":"stsjorbsmod:Materialize","floor":23},{"not_picked":["stsjorbsmod:TrueStrike","stsjorbsmod:Inferno+1","stsjorbsmod:Materialize"],"picked":"SKIP","floor":24},{"not_picked":["stsjorbsmod:Materialize","stsjorbsmod:HoldMonster"],"picked":"stsjorbsmod:SiphonEnergy","floor":26},{"not_picked":["stsjorbsmod:Firebolt","stsjorbsmod:Will"],"picked":"stsjorbsmod:Message","floor":27},{"not_picked":["stsjorbsmod:DoubleCheck","stsjorbsmod:WanderingMind","stsjorbsmod:WeightOfMemory+1"],"picked":"SKIP","floor":29},{"not_picked":["stsjorbsmod:DisguiseSelf","stsjorbsmod:LocateObject"],"picked":"stsjorbsmod:FaerieFire+1","floor":32},{"not_picked":["stsjorbsmod:HoldMonster","stsjorbsmod:CorrodingBarrier"],"picked":"stsjorbsmod:Fireball","floor":35},{"not_picked":["stsjorbsmod:FaerieFire","stsjorbsmod:BlackTentacles+1","stsjorbsmod:ColorSpray+1"],"picked":"SKIP","floor":37},{"not_picked":["stsjorbsmod:Firebolt","stsjorbsmod:Prestidigitation"],"picked":"stsjorbsmod:ArcaneWeapon+1","floor":38},{"not_picked":["stsjorbsmod:TrueStrike+1","stsjorbsmod:Prestidigitation","stsjorbsmod:BlackTentacles+1"],"picked":"SKIP","floor":40},{"not_picked":["stsjorbsmod:Entangle","stsjorbsmod:DoubleCheck+1","stsjorbsmod:OldPocket+1"],"picked":"SKIP","floor":44},{"not_picked":["stsjorbsmod:DisguiseSelf+1","stsjorbsmod:ChatteringStrike"],"picked":"stsjorbsmod:Patron+1","floor":46},{"not_picked":["stsjorbsmod:Fireball","stsjorbsmod:Mending","stsjorbsmod:Message+1"],"picked":"SKIP","floor":47},{"not_picked":["stsjorbsmod:BlackTentacles+1","stsjorbsmod:Aid+1","stsjorbsmod:Hurt"],"picked":"SKIP","floor":48},{"not_picked":["stsjorbsmod:LocateObject+1","stsjorbsmod:OldPocket+1"],"picked":"stsjorbsmod:ArcaneWeapon+1","floor":56}],"player_experience":637273,"relics_obtained":[{"floor":6,"key":"Ice Cream"},{"floor":11,"key":"Lizard Tail"},{"floor":26,"key":"Girya"},{"floor":28,"key":"Bronze Scales"},{"floor":38,"key":"Dead Branch"},{"floor":39,"key":"Matryoshka"},{"floor":45,"key":"Akabeko"},{"floor":48,"key":"Frozen Egg 2"},{"floor":49,"key":"Ring of Hypnosis"},{"floor":49,"key":"ReplayTheSpireMod:Ring of Collecting"},{"floor":56,"key":"FossilizedHelix"}],"event_choices":[{"cards_removed":["stsjorbsmod:Defend_Wanderer"],"damage_healed":0,"gold_gain":0,"player_choice":"Card Removal","damage_taken":0,"max_hp_gain":0,"max_hp_loss":0,"event_name":"Wheel of Change","floor":2,"gold_loss":0},{"damage_healed":0,"gold_gain":0,"player_choice":"Entered Light","damage_taken":14,"max_hp_gain":0,"max_hp_loss":0,"event_name":"Shining Light","floor":9,"gold_loss":0,"cards_upgraded":["stsjorbsmod:Defend_Wanderer","stsjorbsmod:Strike_Wanderer"]},{"damage_healed":0,"gold_gain":0,"player_choice":"Forge","damage_taken":0,"max_hp_gain":0,"max_hp_loss":0,"event_name":"Accursed Blacksmith","floor":13,"gold_loss":0,"cards_upgraded":["stsjorbsmod:EyeOfTheStorm"]},{"damage_healed":0,"gold_gain":0,"player_choice":"Ignored","damage_taken":0,"max_hp_gain":0,"max_hp_loss":0,"event_name":"Ghosts","floor":30,"gold_loss":0},{"damage_healed":0,"gold_gain":0,"player_choice":"Fight","damage_taken":0,"max_hp_gain":0,"max_hp_loss":0,"event_name":"MindBloom","floor":38,"gold_loss":0}],"is_beta":false,"boss_relics":[{"not_picked":["Black Star","Ring of Chaos"],"picked":"Kintsugi"},{"not_picked":["Runic Pyramid","SacredBark"],"picked":"Philosopher\u0027s Stone"}],"items_purged_floors":[5,22,50],"is_endless":false,"potions_floor_spawned":[3,6,10,14,18,20,24,26,35,37,44,47],"ascension_level":0}}