{"host":"J","time":1610025081,"event":{"mods":["BaseMod","Better Third Choice","Minty Spire (QoL Compilation)","StSLib"],"gold_per_floor":[118,134,134,99,14,42,42,73,73,91,103,103,131,147,147,147,147],"floor_reached":16,"playtime":451,"items_purged":[],"score":240,"play_id":"d9085877-6b5d-47db-82f4-f64666688d74","local_time":"20210107141121","is_ascension_mode":true,"campfire_choices":[{"floor":7,"key":"REST"},{"data":"Neutralize","floor":12,"key":"SMITH"},{"data":"1","floor":15,"key":"LIFT"}],"circlet_count":0,"master_deck":["AscendersBane","Strike_G","Strike_G","Strike_G","Strike_G","Strike_G","Defend_G","Defend_G","Defend_G","Defend_G","Defend_G","Survivor","Neutralize+1","Finisher","Dagger Spray","Flying Knee","Quick Slash","Slice","Blade Dance"],"relics":["Ring of the Snake","Snake Skull","Incense Burner","Juzu Bracelet","Shuriken","Girya"],"acts_visited":["Exordium"],"potions_floor_usage":[6,8,8],"damage_taken":[{"damage":6,"enemies":"2 Louse","floor":1,"turns":3},{"damage":1,"enemies":"Small Slimes","floor":2,"turns":4},{"damage":30,"enemies":"Gremlin Nob","floor":6,"turns":4},{"damage":15,"enemies":"3 Sentries","floor":8,"turns":8},{"damage":3,"enemies":"Jaw Worm","floor":10,"turns":7},{"damage":1,"enemies":"Red Slaver","floor":11,"turns":4},{"damage":7,"enemies":"Lagavulin","floor":13,"turns":6},{"damage":4,"enemies":"Blue Slaver","floor":14,"turns":4},{"damage":27,"enemies":"The Guardian","floor":16,"turns":8}],"seed_played":"8672422803529798573","potions_obtained":[{"floor":6,"key":"EntropicBrew"},{"floor":8,"key":"Ancient Potion"}],"is_trial":false,"path_per_floor":["M","M","?","?","$","E","R","E","T","M","M","R","E","M","R","B"],"character_chosen":"THE_SILENT","items_purchased":["DuplicationPotion"],"campfire_rested":1,"item_purchase_floors":[5],"current_hp_per_floor":[53,52,47,63,63,33,52,37,37,34,33,33,26,22,22,0,0],"gold":147,"neow_bonus":"THREE_CARDS","is_daily":false,"chose_seed":false,"campfire_upgraded":1,"win_rate":0.0,"timestamp":1610025081,"path_taken":["M","M","?","?","$","E","R","E","T","M","M","R","E","M","R","BOSS"],"items_purchased_type":["Potion"],"build_version":"2020-12-18","purchased_purges":0,"victory":false,"max_hp_per_floor":[66,66,66,66,66,66,66,66,66,66,66,66,66,66,66,66,66],"card_choices":[{"not_picked":["Sucker Punch","Deflect"],"picked":"Finisher","floor":0},{"not_picked":["Outmaneuver","Acrobatics"],"picked":"Dagger Spray","floor":1},{"not_picked":["Deflect","Underhanded Strike","Bouncing Flask"],"picked":"SKIP","floor":2},{"not_picked":["Prepared","Predator"],"picked":"Flying Knee","floor":6},{"not_picked":["Prepared","Riddle With Holes","Dodge and Roll"],"picked":"SKIP","floor":8},{"not_picked":["Underhanded Strike","Acrobatics"],"picked":"Quick Slash","floor":10},{"not_picked":["Skewer","Underhanded Strike","Flying Knee"],"picked":"SKIP","floor":11},{"not_picked":["Flechettes","Bouncing Flask"],"picked":"Slice","floor":13},{"not_picked":["Deflect","Glass Knife"],"picked":"Blade Dance","floor":14}],"player_experience":1073008,"relics_obtained":[{"floor":6,"key":"Incense Burner"},{"floor":8,"key":"Juzu Bracelet"},{"floor":9,"key":"Shuriken"},{"floor":13,"key":"Girya"}],"event_choices":[{"damage_healed":0,"gold_gain":0,"player_choice":"Relic ","damage_taken":5,"max_hp_gain":0,"max_hp_loss":0,"event_name":"betterThird:BetterScrap","floor":3,"gold_loss":0,"cards_obtained":["Blood for Blood"]},{"damage_healed":16,"gold_gain":0,"player_choice":"Healed","damage_taken":0,"max_hp_gain":0,"max_hp_loss":0,"event_name":"The Cleric","floor":4,"gold_loss":35}],"is_beta":true,"boss_relics":[],"items_purged_floors":[],"is_endless":false,"potions_floor_spawned":[6,8],"killed_by":"The Guardian","ascension_level":20}}