{"host":"y1gy3vaohdji07z5","time":1610041531,"event":{"mods":["AchievementEnabler","BaseMod","Colored Map","Colored Powertips","Hermit","Minty Spire (QoL Compilation)","Random Character Button","Rare Cards Sparkle","StSLib"],"gold_per_floor":[116,128,56,231,86,121,137,137,160,172,204,216,128,128,128,227,227,237,237,251,176,176,176,188,188,188,188,204,204,218,244,244,244,244],"floor_reached":33,"playtime":1727,"items_purged":["Doubt","hermit:Strike_Hermit"],"score":333,"play_id":"0f106c95-8573-42bc-9b07-90f244abd44c","local_time":"20210107184531","is_ascension_mode":true,"campfire_choices":[{"data":"hermit:Midnight","floor":8,"key":"SMITH"},{"data":"hermit:PistolWhip","floor":10,"key":"SMITH"},{"data":"hermit:PistolWhip","floor":12,"key":"SMITH"},{"data":"hermit:PistolWhip","floor":15,"key":"SMITH"},{"data":"Ghostly","floor":23,"key":"SMITH"},{"floor":25,"key":"REST"},{"floor":27,"key":"REST"},{"data":"Ghostly","floor":32,"key":"SMITH"}],"circlet_count":0,"master_deck":["hermit:Defend_Hermit","hermit:Defend_Hermit+1","hermit:Defend_Hermit","hermit:Snapshot","hermit:Covet","hermit:Midnight+1","hermit:PistolWhip+1","hermit:PistolWhip+1","hermit:PistolWhip+1","hermit:Deadeye+1","CurseOfTheBell","hermit:Deadeye","Ghostly+1","Ghostly","Ghostly","Ghostly","Ghostly+1","hermit:FlashPowder","hermit:LoneWolf","hermit:Gambit"],"relics":["hermit:Momento","NeowsBlessing","Pen Nib","MawBank","Calling Bell","Omamori","Question Card","Ginger","Dream Catcher","Red Mask"],"acts_visited":["Exordium","TheCity"],"potions_floor_usage":[18,33],"damage_taken":[{"damage":0,"enemies":"Cultist","floor":1,"turns":1},{"damage":0,"enemies":"Jaw Worm","floor":2,"turns":1},{"damage":0,"enemies":"3 Sentries","floor":6,"turns":1},{"damage":8,"enemies":"Small Slimes","floor":7,"turns":3},{"damage":0,"enemies":"2 Fungi Beasts","floor":11,"turns":3},{"damage":48,"enemies":"The Guardian","floor":16,"turns":8},{"damage":18,"enemies":"3 Byrds","floor":18,"turns":6},{"damage":3,"enemies":"2 Thieves","floor":20,"turns":5},{"damage":30,"enemies":"Sentry and Sphere","floor":24,"turns":8},{"damage":6,"enemies":"Snake Plant","floor":28,"turns":5},{"damage":5,"enemies":"Centurion and Healer","floor":30,"turns":8},{"damage":2,"enemies":"Masked Bandits","floor":31,"turns":6},{"damage":23,"enemies":"Automaton","floor":33,"turns":9}],"seed_played":"402958694281177119","potions_obtained":[{"floor":1,"key":"Ancient Potion"},{"floor":2,"key":"Block Potion"},{"floor":28,"key":"Swift Potion"},{"floor":31,"key":"Ancient Potion"}],"is_trial":false,"path_per_floor":["M","M","$","?","$","E","M","R","T","R","M","R","$","?","R","B",null,"M","?","M","?","?","R","M","R","T","R","M","?","M","?","R","B"],"character_chosen":"HERMIT","items_purchased":["hermit:PistolWhip","hermit:PistolWhip"],"campfire_rested":2,"item_purchase_floors":[3,5],"current_hp_per_floor":[75,75,75,75,75,75,67,67,67,67,67,67,67,52,52,4,75,57,37,34,34,34,34,4,15,15,26,20,20,15,13,13,0,0],"gold":244,"neow_bonus":"THREE_ENEMY_KILL","is_daily":false,"chose_seed":false,"campfire_upgraded":6,"win_rate":0.0,"timestamp":1610041531,"path_taken":["M","?","$","?","$","E","M","R","T","R","M","R","$","?","R","BOSS","M","?","M","?","?","R","?","R","T","R","M","?","M","?","R","BOSS"],"items_purchased_type":["Card","Card"],"build_version":"2020-12-22","purchased_purges":2,"victory":false,"max_hp_per_floor":[75,75,75,75,75,75,75,75,75,75,75,75,75,75,75,75,75,75,37,37,37,37,37,37,37,37,37,37,37,37,37,37,37,37],"card_choices":[{"not_picked":["hermit:LuckOfTheDraw","hermit:Dive"],"picked":"hermit:Midnight","floor":1},{"not_picked":["hermit:Vantage","hermit:Misfire"],"picked":"hermit:PistolWhip","floor":2},{"not_picked":["hermit:WideOpen","hermit:GoldenBullet"],"picked":"hermit:Deadeye","floor":6},{"not_picked":["hermit:GoldenBullet","hermit:FromBeyond","hermit:LoneWolf"],"picked":"SKIP","floor":7},{"not_picked":["hermit:HighCaliber","hermit:Shortfuse","hermit:TakeCover"],"picked":"SKIP","floor":11},{"not_picked":["hermit:Coalescence","hermit:Snipe","hermit:HighCaliber+1"],"picked":"hermit:Deadeye","floor":18},{"not_picked":["hermit:Misfire+1","hermit:Quickdraw+1","hermit:Showdown","hermit:OverwhelmingPower"],"picked":"SKIP","floor":20},{"not_picked":["hermit:Desperado","hermit:CalledShot","hermit:SprayPray","hermit:Vantage"],"picked":"SKIP","floor":24},{"not_picked":["hermit:WideOpen+1","hermit:Manifest","hermit:Determination+1","hermit:BodyArmor"],"picked":"SKIP","floor":28},{"not_picked":["hermit:Quickdraw+1","hermit:BodyArmor","hermit:Headshot+1","hermit:TrackingShot"],"picked":"SKIP","floor":30}],"player_experience":403111,"relics_obtained":[{"floor":6,"key":"Pen Nib"},{"floor":9,"key":"MawBank"},{"floor":17,"key":"Omamori"},{"floor":17,"key":"Question Card"},{"floor":17,"key":"Ginger"},{"floor":26,"key":"Dream Catcher"},{"floor":31,"key":"Red Mask"}],"event_choices":[{"damage_healed":0,"gold_gain":175,"player_choice":"AGREE","damage_taken":0,"max_hp_gain":0,"max_hp_loss":0,"event_name":"Liars Game","floor":4,"gold_loss":0,"cards_obtained":["Doubt"]},{"damage_healed":0,"gold_gain":0,"player_choice":"Entered Light","damage_taken":15,"max_hp_gain":0,"max_hp_loss":0,"event_name":"Shining Light","floor":14,"gold_loss":0,"cards_upgraded":["hermit:Deadeye","hermit:Defend_Hermit"]},{"damage_healed":0,"gold_gain":0,"player_choice":"Became a Ghost","damage_taken":0,"max_hp_gain":0,"max_hp_loss":38,"event_name":"Ghosts","floor":19,"gold_loss":0,"cards_obtained":["Ghostly","Ghostly","Ghostly","Ghostly","Ghostly"]},{"cards_removed":["hermit:Strike_Hermit"],"damage_healed":0,"gold_gain":0,"player_choice":"Gave Gold","damage_taken":0,"max_hp_gain":0,"max_hp_loss":0,"event_name":"Beggar","floor":21,"gold_loss":75},{"damage_healed":0,"gold_gain":0,"cards_transformed":["hermit:Strike_Hermit"],"player_choice":"Transformed","damage_taken":0,"max_hp_gain":0,"max_hp_loss":0,"event_name":"Transmorgrifier","floor":22,"gold_loss":0,"cards_obtained":["hermit:FlashPowder"]},{"damage_healed":0,"gold_gain":0,"cards_transformed":["hermit:Strike_Hermit","hermit:Defend_Hermit"],"player_choice":"Became Test Subject","damage_taken":0,"max_hp_gain":0,"max_hp_loss":0,"event_name":"Drug Dealer","floor":29,"gold_loss":0,"cards_obtained":["hermit:LoneWolf","hermit:Gambit"]},{"damage_healed":0,"gold_gain":0,"player_choice":"Fought Bandits","damage_taken":0,"max_hp_gain":0,"max_hp_loss":0,"event_name":"Masked Bandits","floor":31,"gold_loss":0}],"is_beta":false,"boss_relics":[{"not_picked":["hermit:BartenderGlass","Coffee Dripper"],"picked":"Calling Bell"}],"items_purged_floors":[5,13],"is_endless":false,"potions_floor_spawned":[1,2,28,31],"killed_by":"Automaton","ascension_level":3}}