{"host":"65aqouwnlnzlnyrz","time":1610024112,"event":{"mods":["10 clothes from DAL","ATMod(阿瑾Mod)","Ascension Reborn","Aspiration","BaseMod","Better Vampires","Conspire","FoggyMod","Hunter 猎人","KinomotoSakuraMod(木之本樱)","Luminous","Marisa（F雨　魔理沙）","Marked Mod","Minty Spire (QoL Compilation)","Reimu（博丽灵梦）","Replay The Spire","Spicy Shops","StSLib","TestMod","The Construct","The Cursed","The Runesmith","The Servant 0.9.4","Youmu（魂魄妖梦）","[IsaacMod]以撒尖塔","vexMod","【功能Mod】Neow奖励","【功能Mod】聪明的最终Boss","【遗物Mod】死灵法师NEW","【遗物Mod】简单游戏","【遗物卡牌】REMEMod","没有小屋子和绿帽子啦"],"gold_per_floor":[118,118,118,43,58,58,88,124,424,424,171,201,2,2,2,107,107,118,136,235,38,88,88,20,20,20,38,38,38,38,58,58,162,162,173,173,23,69,69,69,69,69,93,108,108,508,508,508,508,508,508,508,363,392,392,392],"floor_reached":55,"playtime":3557,"items_purged":["Strike_S","Defend_S","Strike_S"],"score":761,"play_id":"943a9eb6-e8f6-4bd6-9e84-611b0d602b05","local_time":"20210107205512","is_ascension_mode":true,"campfire_choices":[{"data":"Burst","floor":6,"key":"SMITH"},{"floor":28,"key":"RECALL"},{"data":"FlawlessForm","floor":30,"key":"SMITH"},{"floor":32,"key":"DIG"},{"data":"Strike_S","floor":40,"key":"SMITH"},{"data":"Strike_S","floor":49,"key":"SMITH"},{"data":"Exchange","floor":52,"key":"SMITH"}],"circlet_count":0,"master_deck":["Strike_S+1","Strike_S+1","Defend_S+1","Defend_S+1","Defend_S+1","KidneyShot+1","Exchange+1","Burst+1","AT_MachinaRedman+1","Rearm+1","Ricochet+1","FlawlessForm+1","Read+1","AT_MachinaRedman+1","SilverBlades"],"relics":["Uniform","EasyRelic","HushsDoor","testmod-TestBox","testmod-Alchemist","MoneyPower","aspiration:Nostalgia","Cracked Core","UnicornStump","BFFS","Old Coin","vexMod:PaidLearning","GnawedLeaf","UndeadPower","Matryoshka","conspire:SlowCooker","Succubus","Bag of Marbles","HornCleat","REME_HandOfSuture","AnarchistCookbook","testmod-BlackFramedGlasses","testmod-Antiphasic","Replay:Bottled Eggs","Tea:ReiMu","MysterySword","testmod-LifeArmor","CatCart","AT_ATBox","REME_PuzzleBoxRelic","Gremlin Horn","Frozen Eye","Toy Ornithopter"],"acts_visited":["Exordium","TheCity","TheBeyond","TheEnding"],"potions_floor_usage":[8,55],"damage_taken":[{"damage":4,"enemies":"conspire:RoseBush","floor":1,"turns":2},{"damage":12,"enemies":"2 Louse","floor":5,"turns":2},{"damage":2,"enemies":"Replay:BlueRogue","floor":7,"turns":1},{"damage":10,"enemies":"conspire:MimicChest","floor":8,"turns":5},{"damage":18,"enemies":"Lagavulin","floor":12,"turns":3},{"damage":18,"enemies":"Hexaghost","floor":16,"turns":4},{"damage":0,"enemies":"Shell Parasite","floor":18,"turns":1},{"damage":0,"enemies":"3 Byrds","floor":19,"turns":1},{"damage":0,"enemies":"Hiden Room Battle","floor":22,"turns":1},{"damage":0,"enemies":"Centurion and Healer","floor":27,"turns":1},{"damage":0,"enemies":"3 Cultists","floor":31,"turns":1},{"damage":16,"enemies":"Champ","floor":33,"turns":4},{"damage":0,"enemies":"3 Shapes","floor":35,"turns":1},{"damage":0,"enemies":"Orin","floor":38,"turns":4},{"damage":0,"enemies":"3 Darklings","floor":44,"turns":1},{"damage":13,"enemies":"Donu and Deca","floor":50,"turns":3},{"damage":7,"enemies":"Shield and Spear","floor":54,"turns":2},{"damage":190,"enemies":"LittleHush","floor":55,"turns":17}],"seed_played":"-6151036049540508296","potions_obtained":[{"floor":5,"key":"SteroidPotion"},{"floor":7,"key":"Swift Potion"},{"floor":18,"key":"AttackPotion"}],"is_trial":false,"path_per_floor":["M","?","?","$","M","R","E","?","T","?","$","E","$","T","R","B",null,"M","M","?","$","?","T","$","?","T","M","R","$","R","M","R","B",null,"M","?","$","?","$","R","?","?","T","M","$","?","?","T","R","B",null,"R","$","E","B"],"character_chosen":"THE_SERVANT","items_purchased":["vexMod:PaidLearning","Ricochet","UndeadPower","Succubus","Bag of Marbles","testmod-BlackFramedGlasses","testmod-LifeArmor","Frozen Eye","SilverBlades"],"campfire_rested":0,"item_purchase_floors":[11,13,13,17,21,24,37,53,53],"current_hp_per_floor":[61,61,61,61,49,49,47,37,37,37,37,19,19,19,38,20,50,50,50,50,50,50,50,50,50,50,50,50,50,50,50,50,42,55,55,55,55,55,55,55,55,55,55,55,55,55,55,55,55,44,55,55,55,49,0,0],"gold":392,"neow_bonus":"NOSTALGIA","is_daily":false,"chose_seed":false,"campfire_upgraded":5,"win_rate":0.0,"timestamp":1610024112,"path_taken":["M","?","?","$","?","R","E","?","T","?","?","E","$","?","R","BOSS","M","?","?","$","?","?","$","?","T","?","R","?","R","?","R","BOSS","M","?","$","?","$","R","?","?","T","?","?","?","?","?","R","BOSS","R","$","E","BOSS"],"items_purchased_type":["Relic","Card","Relic","Relic","Relic","Relic","Relic","Relic","Card"],"build_version":"2020-12-22","purchased_purges":3,"victory":false,"max_hp_per_floor":[65,65,65,65,65,65,65,65,65,65,65,65,65,65,65,65,50,50,50,50,50,50,50,50,50,50,50,50,50,50,50,50,55,55,55,55,55,55,55,55,55,55,55,55,55,55,55,55,55,55,55,55,55,55,85,85],"card_choices":[{"not_picked":["Replace","MoonPhase"],"picked":"Bomb","floor":1},{"not_picked":["SurpressingFire","Alleviate"],"picked":"Bomb","floor":5},{"not_picked":["GearUp","BestPractice"],"picked":"Rearm","floor":7},{"not_picked":["Duplication","DualDimension","Gouge"],"picked":"SKIP","floor":12},{"not_picked":["PendulumOfEternity","TheWorld"],"picked":"FlawlessForm","floor":16},{"not_picked":["Rearm","Revamp","DoubleEdge"],"picked":"SKIP","floor":18},{"not_picked":["SpecialFormula+1","SurpressingFire+1","Defy"],"picked":"SKIP","floor":19},{"not_picked":["Defy","Barrier","Rewind+1"],"picked":"SKIP","floor":27},{"not_picked":["Alleviate+1","Ricochet+1","Spin"],"picked":"SKIP","floor":31},{"not_picked":["Shuttle","Alleviate","Starlight+1"],"picked":"SKIP","floor":35},{"not_picked":["Spin+1","Reset"],"picked":"Read+1","floor":38},{"not_picked":["MoonPhase+1","ReturningBlade+1","Replace"],"picked":"SKIP","floor":44},{"not_picked":["BestPractice","Starlight+1","Unruled"],"picked":"SKIP","floor":54}],"player_experience":72632,"relics_obtained":[{"floor":7,"key":"UnicornStump"},{"floor":8,"key":"BFFS"},{"floor":9,"key":"Old Coin"},{"floor":12,"key":"GnawedLeaf"},{"floor":14,"key":"Matryoshka"},{"floor":22,"key":"HornCleat"},{"floor":22,"key":"REME_HandOfSuture"},{"floor":23,"key":"AnarchistCookbook"},{"floor":26,"key":"testmod-Antiphasic"},{"floor":26,"key":"Replay:Bottled Eggs"},{"floor":32,"key":"Tea:ReiMu"},{"floor":38,"key":"CatCart"},{"floor":43,"key":"REME_PuzzleBoxRelic"},{"floor":48,"key":"Gremlin Horn"},{"floor":54,"key":"Toy Ornithopter"}],"event_choices":[{"damage_healed":0,"gold_gain":0,"player_choice":"Disagree","damage_taken":0,"max_hp_gain":0,"max_hp_loss":0,"event_name":"conspire:LoneGhost","floor":3,"gold_loss":0},{"damage_healed":0,"gold_gain":99,"player_choice":"Stole From Cult","damage_taken":0,"max_hp_gain":0,"max_hp_loss":0,"event_name":"Nest","floor":20,"gold_loss":0},{"damage_healed":0,"gold_gain":0,"player_choice":"Fight","damage_taken":0,"max_hp_gain":0,"max_hp_loss":0,"event_name":"HidenRoomEvent","floor":22,"gold_loss":0},{"damage_healed":0,"gold_gain":0,"player_choice":"Ignored","damage_taken":0,"max_hp_gain":0,"max_hp_loss":0,"event_name":"Ghosts","floor":25,"gold_loss":0},{"damage_healed":0,"gold_gain":0,"player_choice":"Ignored","damage_taken":0,"max_hp_gain":0,"max_hp_loss":0,"event_name":"Tomb of Lord Red Mask","floor":36,"gold_loss":0},{"damage_healed":0,"gold_gain":0,"player_choice":"Fight","damage_taken":0,"max_hp_gain":0,"max_hp_loss":0,"event_name":"OrinTheCat","floor":38,"gold_loss":0},{"damage_healed":0,"gold_gain":0,"player_choice":"Copied","damage_taken":0,"max_hp_gain":0,"max_hp_loss":0,"event_name":"Duplicator","floor":41,"gold_loss":0,"cards_obtained":["AT_MachinaRedman"]},{"damage_healed":0,"gold_gain":0,"player_choice":"Swap Relic","damage_taken":0,"relics_obtained":["AT_ATBox"],"max_hp_gain":0,"max_hp_loss":0,"event_name":"给自己的盒子","floor":42,"relics_lost":["REME_ComplimentaryCards"],"gold_loss":0},{"damage_healed":0,"gold_gain":400,"player_choice":"Sell","damage_taken":0,"max_hp_gain":0,"max_hp_loss":0,"event_name":"恩洛斯的盘子","floor":46,"relics_lost":["AT_ATBox"],"gold_loss":0}],"is_beta":false,"boss_relics":[{"not_picked":["REME_ChargedStone","ChampionBelt"],"picked":"conspire:SlowCooker"},{"not_picked":[]},{"not_picked":["Painkiller Herb","testmod-BatchProcessingSystem"],"picked":"MysterySword"},{"not_picked":[]}],"items_purged_floors":[4,11,21],"is_endless":false,"potions_floor_spawned":[5,7,18,27,33,35,38],"killed_by":"LittleHush","ascension_level":0}}