{"host":"kabf61oc9jgfwufg","time":1610028270,"event":{"mods":["AchievementEnabler","Act Like it!","Aspiration","BaseMod","Conspire","GifTheSpireLib","Halation","HexUI Lib","Hubris","Infinite Spire","Minty Spire (QoL Compilation)","Quick Restart","Rare Cards Sparkle","Replay The Spire","Shop Mod","StSLib","Waifu the Spire"],"gold_per_floor":[113,144,160,11,11,11,11,31,31,31,31,31,50,67,67,166,166,177,177,161,161,161,161,161,161,161,161,161,161,111,111],"floor_reached":30,"playtime":1067,"items_purged":["Strike_G","Hallucinations"],"score":216,"play_id":"f20cb9bc-9d9d-460c-9cdf-15803abdc026","local_time":"20210107140430","is_ascension_mode":false,"campfire_choices":[{"data":"Neutralize","floor":6,"key":"SMITH"},{"data":"Hidden Blade","floor":10,"key":"SMITH"},{"data":"Finisher","floor":15,"key":"SMITH"},{"floor":23,"key":"REST"},{"data":"infinitespire:Gouge","floor":25,"key":"SMITH"},{"data":"Tools of the Trade","floor":28,"key":"SMITH"}],"circlet_count":0,"master_deck":["Strike_G","Strike_G","Strike_G","Strike_G","Defend_G","Defend_G","Defend_G","Defend_G","Defend_G","Survivor","Neutralize+1","Acrobatics","Hidden Blade+1","Finisher+1","Prepared","Tools of the Trade+1","Deflect+1","infinitespire:Gouge+1"],"relics":["Burning Blood","NeowsBlessing","WingedGreaves","infinitespire:Cubic Diamond","Ring of Fangs","Ring of Fury","Calipers","hubris:Icosahedron","conspire:RunicOctahedron","GremlinMask","hubris:HerbalPaste","Pen Nib","hubris:TinFlute"],"acts_visited":["Exordium","TheCity"],"potions_floor_usage":[13,16,16,20,21],"damage_taken":[{"damage":0,"enemies":"Small Slimes","floor":1,"turns":1},{"damage":0,"enemies":"conspire:MimicChest","floor":2,"turns":1},{"damage":0,"enemies":"Jaw Worm","floor":3,"turns":1},{"damage":6,"enemies":"Cultist","floor":8,"turns":5},{"damage":10,"enemies":"Exordium Thugs","floor":13,"turns":3},{"damage":6,"enemies":"Blue Slaver","floor":14,"turns":3},{"damage":19,"enemies":"Slime Boss","floor":16,"turns":5},{"damage":20,"enemies":"Chosen","floor":18,"turns":6},{"damage":38,"enemies":"2 Thieves","floor":20,"turns":4},{"damage":0,"enemies":"Centurion and Healer","floor":21,"turns":1},{"damage":66,"enemies":"3 Cultists","floor":30,"turns":5}],"seed_played":"5289638151846619856","potions_obtained":[{"floor":1,"key":"AttackPotion"},{"floor":13,"key":"SkillPotion"},{"floor":14,"key":"Death Potion"},{"floor":16,"key":"PowerPotion"},{"floor":20,"key":"SmokeBomb"}],"is_trial":false,"path_per_floor":["M","?","M","$","?","R","?","M","T","R","$","?","M","M","R","B",null,"M","?","M","M","AVR","R","?","R","T","?","R","T","M"],"character_chosen":"THE_SILENT","items_purchased":["Finisher"],"campfire_rested":1,"item_purchase_floors":[4],"current_hp_per_floor":[70,70,70,70,70,70,70,70,70,70,70,70,66,66,66,53,70,56,56,24,30,30,51,51,51,51,51,51,51,0,0],"gold":111,"neow_bonus":"THREE_ENEMY_KILL","is_daily":false,"chose_seed":false,"campfire_upgraded":5,"win_rate":0.0,"timestamp":1610028270,"path_taken":["M","?","?","$","?","R","?","M","T","R","?","?","M","M","R","BOSS","M","?","M","?","AVR","R","?","R","T","?","R","?","?"],"items_purchased_type":["Card"],"build_version":"2020-12-22","purchased_purges":2,"victory":false,"max_hp_per_floor":[70,70,70,70,70,70,70,70,70,70,70,70,70,70,70,70,70,70,70,70,70,70,70,70,70,70,70,70,70,70,70],"card_choices":[{"not_picked":["Prepared","Predator"],"picked":"Acrobatics","floor":1},{"not_picked":["Riddle With Holes","Dagger Spray"],"picked":"Hidden Blade","floor":3},{"not_picked":["Deadly Poison","Quick Slash","ReplayTheSpireMod:Speed Training"],"picked":"SKIP","floor":8},{"not_picked":["Sucker Punch","Flying Knee","Backflip"],"picked":"SKIP","floor":13},{"not_picked":["Heel Hook","Poisoned Stab"],"picked":"Prepared","floor":14},{"not_picked":["Burst","A Thousand Cuts"],"picked":"Tools of the Trade","floor":16},{"not_picked":["Choke","Deadly Poison+1","Escape Plan"],"picked":"SKIP","floor":18},{"not_picked":["Toxin Wave","Dagger Throw"],"picked":"Deflect+1","floor":20}],"player_experience":59007,"relics_obtained":[{"floor":2,"key":"WingedGreaves"},{"floor":7,"key":"Ring of Fangs"},{"floor":7,"key":"Ring of Fury"},{"floor":9,"key":"Calipers"},{"floor":26,"key":"Pen Nib"},{"floor":29,"key":"hubris:TinFlute"}],"event_choices":[{"damage_healed":0,"gold_gain":0,"player_choice":"Trade","damage_taken":0,"relics_obtained":["GremlinMask"],"max_hp_gain":0,"max_hp_loss":0,"event_name":"FaceTrader","floor":19,"gold_loss":0},{"damage_healed":0,"gold_gain":0,"player_choice":"Ignored","damage_taken":0,"max_hp_gain":0,"max_hp_loss":0,"event_name":"Ghosts","floor":27,"gold_loss":0}],"is_beta":false,"boss_relics":[{"not_picked":["Black Star","hubris:Stopwatch"],"picked":"conspire:RunicOctahedron"}],"items_purged_floors":[4,22],"is_endless":false,"potions_floor_spawned":[1,13,14,16,20],"killed_by":"3 Cultists","ascension_level":0}}