{"host":"ue7jlgf7uv134an9","time":1610038281,"event":{"mods":["BaseMod","Better Third Choice","Defuse TimeMaze Blight","Minty Spire (QoL Compilation)","Quick Restart","Rare Cards Sparkle","Relic Stats","StSLib","UnlockEverythingMod"],"gold_per_floor":[111,129,143,161,59,59,59,59],"floor_reached":7,"playtime":278,"items_purged":[],"score":86,"play_id":"76e313a3-d4ea-4d87-9572-09a36fcfb1d5","local_time":"20210107115121","is_ascension_mode":true,"campfire_choices":[{"floor":6,"key":"REST"}],"circlet_count":0,"master_deck":["AscendersBane","Strike_G","Strike_G","Strike_G","Strike_G","Strike_G","Defend_G","Defend_G","Defend_G","Defend_G","Defend_G","Survivor","Neutralize","Corpse Explosion","Leg Sweep","PiercingWail","Cloak And Dagger","Slice"],"relics":["Ring of the Snake"],"acts_visited":["Exordium"],"potions_floor_usage":[3],"damage_taken":[{"damage":3,"enemies":"Cultist","floor":1,"turns":6},{"damage":9,"enemies":"Small Slimes","floor":2,"turns":6},{"damage":9,"enemies":"Jaw Worm","floor":3,"turns":8},{"damage":7,"enemies":"2 Fungi Beasts","floor":4,"turns":3},{"damage":37,"enemies":"Lagavulin","floor":7,"turns":6}],"seed_played":"-8233373930593956161","potions_obtained":[{"floor":2,"key":"EssenceOfSteel"}],"is_trial":false,"path_per_floor":["M","M","M","M","$","R","E"],"character_chosen":"THE_SILENT","items_purchased":["Cloak And Dagger","Slice"],"campfire_rested":1,"item_purchase_floors":[5,5],"current_hp_per_floor":[41,32,23,16,16,35,0,0],"gold":59,"neow_bonus":"THREE_RARE_CARDS","is_daily":false,"chose_seed":false,"campfire_upgraded":0,"win_rate":0.0,"timestamp":1610038281,"path_taken":["M","M","M","?","$","R","E"],"items_purchased_type":["Card","Card"],"build_version":"2020-12-22","purchased_purges":0,"victory":false,"max_hp_per_floor":[66,66,66,66,66,66,66,66],"relic_stats":{"counters":[5,29],"obtain_stats":[{"Ring of the Snake":0},{"Ring of the Snake":0},{"Ring of the Snake":0}],"Ring of the Snake":[10]},"card_choices":[{"not_picked":["Burst","Wraith Form v2"],"picked":"Corpse Explosion","floor":0},{"not_picked":["Backflip","Outmaneuver","Distraction"],"picked":"SKIP","floor":1},{"not_picked":["Acrobatics","Caltrops"],"picked":"Leg Sweep","floor":2},{"not_picked":["Prepared","Outmaneuver","Accuracy"],"picked":"SKIP","floor":3},{"not_picked":["Deflect","Concentrate"],"picked":"PiercingWail","floor":4}],"player_experience":60630,"relics_obtained":[],"event_choices":[],"is_beta":false,"boss_relics":[],"items_purged_floors":[],"is_endless":false,"potions_floor_spawned":[2],"killed_by":"Lagavulin","ascension_level":20}}