{"host":"p6y17sixyu8q9v1f","time":1610023216,"event":{"mods":["BaseMod","Colored Map","Minty Spire (QoL Compilation)"],"gold_per_floor":[115,40,40,40,5,5,46,70,93,93,107,107,36,311,311,311,311],"floor_reached":16,"playtime":555,"items_purged":["Pain"],"score":120,"play_id":"b1a86c46-3af4-4a56-82b1-96aaf980aa54","local_time":"20210107064016","is_ascension_mode":true,"campfire_choices":[{"floor":6,"key":"DIG"},{"floor":10,"key":"DIG"},{"floor":12,"key":"DIG"},{"data":"Regret","floor":15,"key":"PURGE"}],"circlet_count":0,"master_deck":["Strike_G","Strike_G","Strike_G+1","Strike_G","Strike_G","Defend_G","Defend_G","Defend_G","Defend_G","Defend_G","Survivor","Neutralize+1","Poisoned Stab","Backstab","Noxious Fumes"],"relics":["Ring of the Snake","Shovel","Golden Idol","Peace Pipe","Matryoshka","Ancient Tea Set","Tiny Chest","Whetstone","StrikeDummy"],"acts_visited":["Exordium"],"potions_floor_usage":[7],"damage_taken":[{"damage":5,"enemies":"Small Slimes","floor":1,"turns":4},{"damage":36,"enemies":"3 Sentries","floor":7,"turns":11},{"damage":0,"enemies":"2 Louse","floor":8,"turns":2},{"damage":0,"enemies":"Jaw Worm","floor":11,"turns":2},{"damage":37,"enemies":"Hexaghost","floor":16,"turns":9}],"seed_played":"-4430543514500691253","potions_obtained":[{"floor":1,"key":"Swift Potion"}],"is_trial":false,"path_per_floor":["M","$","?","?","?","R","E","M","T","R","M","R","$","?","R","B"],"character_chosen":"THE_SILENT","items_purchased":["Noxious Fumes"],"campfire_rested":0,"item_purchase_floors":[13],"current_hp_per_floor":[65,65,70,69,69,69,33,33,33,33,33,33,33,33,33,0,0],"gold":311,"neow_bonus":"ONE_RARE_RELIC","is_daily":false,"chose_seed":false,"campfire_upgraded":0,"win_rate":0.0,"timestamp":1610023216,"path_taken":["M","$","?","?","?","R","E","M","T","R","M","R","?","?","R","BOSS"],"items_purchased_type":["Card"],"build_version":"2020-12-22","purchased_purges":1,"victory":false,"max_hp_per_floor":[70,70,75,69,69,69,69,69,69,69,69,69,69,69,69,69,69],"card_choices":[{"not_picked":["Slice","Crippling Poison"],"picked":"Poisoned Stab","floor":1},{"not_picked":["Distraction","Burst"],"picked":"Backstab","floor":7},{"not_picked":["Outmaneuver","Reflex","Distraction"],"picked":"SKIP","floor":8},{"not_picked":["Dash","Riddle With Holes","Quick Slash"],"picked":"SKIP","floor":11}],"player_experience":1008936,"relics_obtained":[{"floor":6,"key":"Peace Pipe"},{"floor":7,"key":"Matryoshka"},{"floor":9,"key":"Ancient Tea Set"},{"floor":9,"key":"Tiny Chest"},{"floor":10,"key":"Whetstone"},{"floor":12,"key":"StrikeDummy"}],"event_choices":[{"damage_healed":0,"gold_gain":0,"player_choice":"Donut","damage_taken":0,"max_hp_gain":5,"max_hp_loss":0,"event_name":"Big Fish","floor":3,"gold_loss":0},{"damage_healed":0,"gold_gain":0,"player_choice":"Lose Max HP","damage_taken":0,"relics_obtained":["Golden Idol"],"max_hp_gain":0,"max_hp_loss":6,"event_name":"Golden Idol","floor":4,"gold_loss":0},{"damage_healed":17,"gold_gain":0,"player_choice":"Healed","damage_taken":0,"max_hp_gain":0,"max_hp_loss":0,"event_name":"The Cleric","floor":5,"gold_loss":35},{"damage_healed":0,"gold_gain":275,"player_choice":"Desecrate","damage_taken":0,"max_hp_gain":0,"max_hp_loss":0,"event_name":"Golden Shrine","floor":14,"gold_loss":0,"cards_obtained":["Regret"]}],"is_beta":false,"boss_relics":[],"items_purged_floors":[2],"is_endless":false,"potions_floor_spawned":[1],"killed_by":"Hexaghost","ascension_level":5}}