{"host":"1c52r9kaxdyo25eq","time":1610045659,"event":{"mods":["AchievementEnabler","BaseMod","Minty Spire (QoL Compilation)","Rare Cards Sparkle","SuperFastMode","everything is the same but u backflip on backflip"],"gold_per_floor":[119,119,134,147,167,193,193,118,118,118,193,225,242,311,311,311,311],"floor_reached":16,"playtime":288,"items_purged":[],"score":220,"play_id":"e4245b95-e9de-4b60-81bb-8e34063c67e7","local_time":"20210108035419","is_ascension_mode":true,"campfire_choices":[{"data":"Well Laid Plans","floor":7.0,"key":"SMITH"},{"data":"Calculated Gamble","floor":10.0,"key":"SMITH"},{"floor":15.0,"key":"REST"}],"circlet_count":0,"master_deck":["AscendersBane","Strike_G","Strike_G","Strike_G","Defend_G","Defend_G","Defend_G","Defend_G","Defend_G","Survivor","Neutralize","Calculated Gamble+1","Terror","Blur","Unload","Slice","Quick Slash","Well Laid Plans+1","Acrobatics","Backstab"],"relics":["Ring of the Snake","Blood Vial","StrikeDummy","Bottled Lightning","Turnip"],"acts_visited":["Exordium"],"potions_floor_usage":[16],"damage_taken":[{"damage":8.0,"enemies":"Jaw Worm","floor":1.0,"turns":4.0},{"damage":0.0,"enemies":"Cultist","floor":3.0,"turns":3.0},{"damage":0.0,"enemies":"2 Louse","floor":4.0,"turns":3.0},{"damage":12.0,"enemies":"Exordium Wildlife","floor":5.0,"turns":5.0},{"damage":3.0,"enemies":"Gremlin Nob","floor":6.0,"turns":3.0},{"damage":10.0,"enemies":"Lagavulin","floor":12.0,"turns":4.0},{"damage":16.0,"enemies":"Large Slime","floor":13.0,"turns":4.0},{"damage":11,"enemies":"Slime Boss","floor":16,"turns":6}],"seed_played":"-7732476086566071604","potions_obtained":[{"floor":1.0,"key":"Block Potion"},{"floor":4.0,"key":"SkillPotion"},{"floor":6.0,"key":"Fire Potion"},{"floor":13.0,"key":"BlessingOfTheForge"}],"is_trial":false,"path_per_floor":["M","?","M","M","M","E","R","?","T","R","T","E","M","?","R","B"],"character_chosen":"THE_SILENT","items_purchased":[],"campfire_rested":1,"item_purchase_floors":[],"current_hp_per_floor":[51,51,51,51,39,36,36,36,36,36,36,28,14,14,33,24,24],"gold":311,"neow_bonus":"TRANSFORM_CARD","is_daily":false,"chose_seed":false,"campfire_upgraded":2,"win_rate":0.0,"timestamp":1610045659,"path_taken":["M","?","M","M","?","E","R","?","T","R","?","E","M","?","R","BOSS"],"items_purchased_type":[],"build_version":"2020-12-22","purchased_purges":0,"victory":false,"max_hp_per_floor":[66,66,66,66,66,66,66,66,66,66,66,66,66,66,66,66,66],"card_choices":[{"not_picked":["Terror","Flying Knee","Setup"],"picked":"SKIP","floor":1.0},{"not_picked":["Flying Knee","Setup"],"picked":"Terror","floor":1.0},{"not_picked":["Cloak And Dagger","Endless Agony","Deflect"],"picked":"SKIP","floor":3.0},{"not_picked":["Dash","Flying Knee"],"picked":"Quick Slash","floor":4.0},{"not_picked":["Sucker Punch","Riddle With Holes","Backstab"],"picked":"SKIP","floor":5.0},{"not_picked":["Storm of Steel","Backstab"],"picked":"Well Laid Plans","floor":6.0},{"not_picked":["Quick Slash","Riddle With Holes"],"picked":"Acrobatics","floor":12.0},{"not_picked":["Terror","PiercingWail"],"picked":"Backstab","floor":13.0}],"player_experience":557611,"relics_obtained":[{"floor":6.0,"key":"Blood Vial"},{"floor":9.0,"key":"StrikeDummy"},{"floor":11.0,"key":"Bottled Lightning"},{"floor":12.0,"key":"Turnip"}],"event_choices":[{"damage_healed":0.0,"max_hp_gain":0.0,"max_hp_loss":0.0,"gold_gain":0.0,"event_name":"Match and Keep!","player_choice":"3 cards matched","floor":2.0,"gold_loss":0.0,"damage_taken":0.0,"cards_obtained":["Blur","Unload","Slice"]},{"cards_removed":["Strike_G"],"damage_healed":0.0,"max_hp_gain":0.0,"max_hp_loss":0.0,"gold_gain":0.0,"event_name":"The Cleric","player_choice":"Card Removal","floor":8.0,"gold_loss":75.0,"damage_taken":0.0},{"damage_healed":0.0,"max_hp_gain":0.0,"max_hp_loss":0.0,"gold_gain":69.0,"event_name":"Golden Wing","player_choice":"Gained Gold","floor":14.0,"gold_loss":0.0,"damage_taken":0.0}],"is_beta":false,"boss_relics":[],"items_purged_floors":[],"is_endless":false,"potions_floor_spawned":[1,4,6,13],"killed_by":"Slime Boss","ascension_level":20}}