{"host":"wonp23fsqqcu31ie","time":1610023690,"event":{"mods":["2.2 Compatiblity","AchievementEnabler","Aspiration","BaseMod","Bestiary","Better Altar","Better Match","Better Sensory Stone","Better Skull","Better Third Choice","BetterRewards","Block Reminder","Colored Map","Colored Powertips","Conspire","Curses Come First","DeckTracker","Displayed Cursed Tome","Downfall","Evolution","Hermit","Highlight Path","Hubris","Marisa????????","Minty Spire (QoL Compilation)","Permanent Neow","Prisma Mod","Quick Restart","Rare Cards Sparkle","Relic Stats","Replay The Spire","Robot Space Explorer","Shade Mod","Shop Mod","StSLib","SuperFastMode","The Animator","The Bug Knight","The Construct","The Cursed","The Dragon Tamer","The Gatherer","The Marked","The Necromancer","The Runesmith","The Servant 0.9.4"],"gold_per_floor":[111,111,128,128,177,209,209,209,209],"floor_reached":8,"playtime":145,"items_purged":[],"score":87,"play_id":"b2f5b70d-807a-4114-8ba6-4b92a193a676","local_time":"20210107234810","is_ascension_mode":true,"campfire_choices":[{"floor":7,"key":"REST"}],"circlet_count":0,"master_deck":["Dagger Spray","Dagger Spray","Dagger Spray","Dagger Spray","Strike_G","Defend_G","Defend_G","Defend_G","Defend_G","Defend_G","Survivor","Neutralize","Metamorphosis","Swift Strike","expansioncontent:CaCaw+1","Adrenaline","Footwork","Malaise"],"relics":["Ring of the Snake","EVO:Axolotl","ReplayTheSpireMod:ShopPack","hubris:Potato","Replay:Wax Seal","ReplayTheSpireMod:TigerMarble"],"acts_visited":["Exordium"],"potions_floor_usage":[],"damage_taken":[{"damage":24,"enemies":"Small Slimes","floor":1,"turns":3},{"damage":7,"enemies":"Jaw Worm","floor":3,"turns":3},{"damage":23,"enemies":"3 Sentries","floor":6,"turns":6},{"damage":24,"enemies":"Gremlin Nob","floor":8,"turns":3}],"seed_played":"-5182250840468442875","potions_obtained":[],"is_trial":false,"path_per_floor":["M","$","M","?","T","E","R","E"],"character_chosen":"THE_SILENT","items_purchased":["ReplayTheSpireMod:ShopPack"],"campfire_rested":1,"item_purchase_floors":[0],"current_hp_per_floor":[31,31,24,24,24,1,22,0,0],"gold":209,"neow_bonus":"","is_daily":false,"chose_seed":false,"campfire_upgraded":0,"win_rate":0.0,"timestamp":1610023690,"path_taken":["M","$","M","?","?","E","R","E"],"items_purchased_type":["Relic"],"build_version":"2020-12-22","purchased_purges":0,"victory":false,"max_hp_per_floor":[70,70,70,70,70,70,70,70,70],"relic_stats":{"counters":[53,241],"obtain_stats":[{"aspiration:Lifesprig":10,"Regal Pillow":25,"Tiny House":0,"SacredBark":17,"Vajra":3,"Blue Doll":9,"conspire:SpecialSausage":34,"Juzu Bracelet":23,"EVO:Axolotl":0,"Ancient Tea Set":5,"Replay:Rubber Ducky":23,"Dream Catcher":11,"hubris:Stopwatch":17,"Toolbox":19,"Tiny Chest":19,"HollowMod:PaleOreRelic":5,"Replay:Wax Seal":5,"Ring of the Snake":0,"Replay:Bottled Steam":14,"MerchantsRug":22,"construct:WeddingRing":17,"Happy Flower":21,"aspiration:FetidBarrel":6,"Golden Idol":2,"Eternal Feather":26,"hubris:MedicalManual":10,"Orichalcum":0,"Paper Crane":26,"Mercury Hourglass":8,"MutagenicStrength":31,"Durian":0,"ReplayTheSpireMod:TigerMarble":6,"Membership Card":38,"TungstenRod":0,"hubris:Potato":0,"ReplayTheSpireMod:ShopPack":0},{"aspiration:Lifesprig":6,"Regal Pillow":15,"Tiny House":0,"SacredBark":29,"Vajra":1,"Blue Doll":5,"conspire:SpecialSausage":19,"Juzu Bracelet":13,"EVO:Axolotl":0,"Ancient Tea Set":25,"Replay:Rubber Ducky":46,"Dream Catcher":26,"hubris:Stopwatch":10,"Toolbox":44,"Tiny Chest":44,"HollowMod:PaleOreRelic":25,"Replay:Wax Seal":51,"Ring of the Snake":0,"Replay:Bottled Steam":28,"MerchantsRug":12,"construct:WeddingRing":43,"Happy Flower":45,"aspiration:FetidBarrel":4,"Golden Idol":25,"Eternal Feather":15,"hubris:MedicalManual":41,"Orichalcum":24,"Paper Crane":47,"Mercury Hourglass":40,"MutagenicStrength":18,"Durian":34,"ReplayTheSpireMod:TigerMarble":52,"Membership Card":21,"TungstenRod":24,"hubris:Potato":49,"ReplayTheSpireMod:ShopPack":49},{"aspiration:Lifesprig":27,"Regal Pillow":73,"Tiny House":0,"SacredBark":141,"Vajra":5,"Blue Doll":22,"conspire:SpecialSausage":91,"Juzu Bracelet":61,"EVO:Axolotl":0,"Ancient Tea Set":116,"Replay:Rubber Ducky":214,"Dream Catcher":119,"hubris:Stopwatch":47,"Toolbox":202,"Tiny Chest":202,"HollowMod:PaleOreRelic":116,"Replay:Wax Seal":232,"Ring of the Snake":0,"Replay:Bottled Steam":130,"MerchantsRug":55,"construct:WeddingRing":198,"Happy Flower":205,"aspiration:FetidBarrel":18,"Golden Idol":116,"Eternal Feather":73,"hubris:MedicalManual":190,"Orichalcum":111,"Paper Crane":220,"Mercury Hourglass":184,"MutagenicStrength":86,"Durian":166,"ReplayTheSpireMod:TigerMarble":238,"Membership Card":97,"TungstenRod":111,"hubris:Potato":226,"ReplayTheSpireMod:ShopPack":226}],"Ring of the Snake":[60]},"card_choices":[{"not_picked":["Crow Ritual","expansioncontent:StudyTheSpire"],"picked":"Metamorphosis","floor":0},{"not_picked":["expansioncontent:HyperBeam","Impatience"],"picked":"Swift Strike","floor":0},{"not_picked":["expansioncontent:Sear","Replay:SS_hec_1"],"picked":"expansioncontent:CaCaw","floor":0},{"not_picked":["Outmaneuver","Poisoned Stab"],"picked":"Adrenaline","floor":1},{"not_picked":["hubris:SlightOfHand","Leg Sweep"],"picked":"Footwork","floor":3},{"not_picked":["Unload","Masterful Stab"],"picked":"Malaise","floor":6}],"player_experience":481492,"relics_obtained":[{"floor":5,"key":"Replay:Wax Seal"},{"floor":6,"key":"ReplayTheSpireMod:TigerMarble"}],"event_choices":[],"is_beta":false,"boss_relics":[],"items_purged_floors":[],"is_endless":false,"potions_floor_spawned":[],"killed_by":"Gremlin Nob","ascension_level":3}}