{"host":"91blwi3hgehj6ch9","time":1610059538,"event":{"mods":["2.2 Compatiblity","AchievementEnabler","BaseMod","Colored Map","DeckTracker","Keyboard Shortcuts","Minty Spire (QoL Compilation)","Permanent Neow","Quick Restart","StSLib","SuperFastMode"],"gold_per_floor":[112,112,37,56,68,96,96,59,59,59,59,70,81,81,81,179,179,192,117,17,17,37,37,56,56,56,56,81,100,200,218,218,218,218],"floor_reached":33,"playtime":3188,"items_purged":["Defend_G","Strike_G"],"score":411,"play_id":"baf31f43-3709-4c4c-a529-3e6607c65324","local_time":"20210108074538","is_ascension_mode":true,"campfire_choices":[{"floor":7.0,"key":"REST"},{"data":"Deadly Poison","floor":10.0,"key":"SMITH"},{"floor":15.0,"key":"REST"},{"data":"Wraith Form v2","floor":23.0,"key":"SMITH"},{"floor":32,"key":"REST"}],"circlet_count":0,"master_deck":["AscendersBane","Strike_G","Strike_G","Defend_G","Defend_G","Defend_G","Defend_G","Survivor","Neutralize","Dramatic Entrance","Dagger Throw","Distraction+1","Deadly Poison+1","Quick Slash","Wraith Form v2+1","Footwork","Backflip","Poisoned Stab","Die Die Die","Quick Slash","Decay","Bane+1","Catalyst","Bouncing Flask"],"relics":["Ring of the Snake","Bottled Lightning","Toy Ornithopter","Philosopher\u0027s Stone","Gambling Chip","Art of War"],"acts_visited":["Exordium","TheCity"],"potions_floor_usage":[28,33],"damage_taken":[{"damage":2.0,"enemies":"Jaw Worm","floor":1.0,"turns":4.0},{"damage":0.0,"enemies":"Cultist","floor":4.0,"turns":4.0},{"damage":0.0,"enemies":"2 Louse","floor":5.0,"turns":2.0},{"damage":58.0,"enemies":"3 Sentries","floor":6.0,"turns":16.0},{"damage":9.0,"enemies":"Exordium Thugs","floor":12.0,"turns":7.0},{"damage":0.0,"enemies":"3 Louse","floor":13.0,"turns":2.0},{"damage":19.0,"enemies":"The Guardian","floor":16.0,"turns":10.0},{"damage":1.0,"enemies":"Chosen","floor":18.0,"turns":3.0},{"damage":18.0,"enemies":"2 Thieves","floor":22.0,"turns":4.0},{"damage":6.0,"enemies":"Snake Plant","floor":24.0,"turns":4.0},{"damage":18,"enemies":"Gremlin Leader","floor":28,"turns":4},{"damage":3,"enemies":"3 Cultists","floor":29,"turns":4},{"damage":8,"enemies":"Cultist and Chosen","floor":31,"turns":6},{"damage":54,"enemies":"Automaton","floor":33,"turns":10}],"seed_played":"1824857938734505002","potions_obtained":[{"floor":12.0,"key":"PowerPotion"},{"floor":13.0,"key":"Swift Potion"},{"floor":16.0,"key":"Fruit Juice"},{"floor":22.0,"key":"PowerPotion"}],"is_trial":false,"path_per_floor":["M","?","$","M","M","E","R","$","T","R","?","M","M","$","R","B",null,"M","?","$","?","M","R","M","?","T","?","E","M","?","M","R","B"],"character_chosen":"THE_SILENT","items_purchased":["Footwork"],"campfire_rested":3,"item_purchase_floors":[8],"current_hp_per_floor":[61,61,61,61,61,3,24,24,24,24,24,15,15,15,36,17,67,66,66,66,66,48,48,42,42,42,42,29,26,26,18,40,0,0],"gold":218,"neow_bonus":"RANDOM_COLORLESS","is_daily":false,"chose_seed":false,"campfire_upgraded":2,"win_rate":0.0,"timestamp":1610059538,"path_taken":["M","?","$","?","M","E","R","$","T","R","?","M","M","?","R","BOSS","M","?","$","?","M","R","?","?","T","?","E","M","?","M","R","BOSS"],"items_purchased_type":["Card"],"build_version":"2020-12-22","purchased_purges":2,"victory":false,"max_hp_per_floor":[70,70,70,70,70,70,70,70,70,70,70,70,70,70,70,70,75,75,75,75,75,75,75,75,75,75,75,75,75,75,75,75,75,75],"card_choices":[{"not_picked":["Deep Breath","Dark Shackles"],"picked":"Dramatic Entrance","floor":0.0},{"not_picked":["Sucker Punch","Underhanded Strike"],"picked":"Dagger Throw","floor":1.0},{"not_picked":["PiercingWail","Flying Knee"],"picked":"Deadly Poison","floor":4.0},{"not_picked":["Eviscerate","PiercingWail"],"picked":"Quick Slash","floor":5.0},{"not_picked":["Blade Dance","Blur"],"picked":"Wraith Form v2","floor":6.0},{"not_picked":["Dodge and Roll","Deflect"],"picked":"Backflip","floor":12.0},{"not_picked":["All Out Attack","Eviscerate"],"picked":"Poisoned Stab","floor":13.0},{"not_picked":["Corpse Explosion","Venomology"],"picked":"Die Die Die","floor":16.0},{"not_picked":["Dodge and Roll","Prepared"],"picked":"Quick Slash","floor":18.0},{"not_picked":["Expertise","Dagger Throw","Outmaneuver"],"picked":"SKIP","floor":22.0},{"not_picked":["Noxious Fumes","Cloak And Dagger"],"picked":"Bane+1","floor":24.0},{"not_picked":["Bane+1","Outmaneuver","Terror"],"picked":"SKIP","floor":28},{"not_picked":["Dagger Throw","Bane"],"picked":"Bouncing Flask","floor":29},{"not_picked":["Doppelganger","Quick Slash","Endless Agony+1"],"picked":"SKIP","floor":31}],"player_experience":111937,"relics_obtained":[{"floor":6.0,"key":"Bottled Lightning"},{"floor":9.0,"key":"Toy Ornithopter"},{"floor":26.0,"key":"Gambling Chip"},{"floor":28,"key":"Art of War"}],"event_choices":[{"damage_healed":0.0,"max_hp_gain":0.0,"max_hp_loss":0.0,"gold_gain":0.0,"cards_transformed":["Strike_G"],"event_name":"Transmorgrifier","player_choice":"Transformed","floor":2.0,"gold_loss":0.0,"damage_taken":0.0,"cards_obtained":["Distraction"]},{"damage_healed":0.0,"max_hp_gain":0.0,"max_hp_loss":0.0,"gold_gain":0.0,"event_name":"Accursed Blacksmith","player_choice":"Forge","floor":11.0,"gold_loss":0.0,"damage_taken":0.0,"cards_upgraded":["Distraction"]},{"cards_removed":["Strike_G"],"damage_healed":0.0,"max_hp_gain":0.0,"max_hp_loss":0.0,"gold_gain":0.0,"event_name":"Beggar","player_choice":"Gave Gold","floor":19.0,"gold_loss":75.0,"damage_taken":0.0},{"damage_healed":0.0,"max_hp_gain":0.0,"max_hp_loss":0.0,"gold_gain":0.0,"event_name":"Wheel of Change","player_choice":"Cursed","floor":21.0,"gold_loss":0.0,"damage_taken":0.0,"cards_obtained":["Decay"]},{"damage_healed":0.0,"max_hp_gain":0.0,"max_hp_loss":0.0,"gold_gain":0.0,"event_name":"Vampires","player_choice":"Ignored","floor":25.0,"gold_loss":0.0,"damage_taken":0.0},{"damage_healed":0.0,"max_hp_gain":0.0,"max_hp_loss":0.0,"gold_gain":0.0,"event_name":"The Library","player_choice":"Read","floor":27.0,"gold_loss":0.0,"damage_taken":0.0,"cards_obtained":["Catalyst"]},{"damage_healed":0,"gold_gain":100,"player_choice":"Pray","damage_taken":0,"max_hp_gain":0,"max_hp_loss":0,"event_name":"Golden Shrine","floor":30,"gold_loss":0}],"is_beta":false,"boss_relics":[{"not_picked":["WristBlade","Coffee Dripper"],"picked":"Philosopher\u0027s Stone"}],"items_purged_floors":[3,20],"is_endless":false,"potions_floor_spawned":[12,13,16,22,24],"killed_by":"Automaton","ascension_level":11}}