{"host":"q6wyndrixvj3w9nl","time":1610043113,"event":{"mods":["AchievementEnabler","BaseMod","Better Third Choice","Colored Map","Curses Come First","Hermit","Jorbs\u0027s Wanderer Trilogy","Minty Spire (QoL Compilation)","Permanent Neow","Quick Restart","Rare Cards Sparkle","Relic Stats","StSLib","The Cursed","The Hierophant"],"gold_per_floor":[117,117,137,150,150,150,177,55,100,113,147,163,163,189,189,189,189],"floor_reached":16,"playtime":1443,"items_purged":[],"score":144,"play_id":"95210d61-e12a-44b4-91b5-5be750045015","local_time":"20210107191153","is_ascension_mode":true,"campfire_choices":[{"data":"Shrug It Off","floor":6,"key":"SMITH"},{"data":"True Grit","floor":13,"key":"SMITH"},{"data":"Dark Embrace","floor":15,"key":"SMITH"}],"circlet_count":0,"master_deck":["Strike_R","Strike_R","Strike_R","Strike_R","Strike_R","Defend_R","Defend_R","Defend_R","Defend_R+1","Bash+1","Disarm+1","Sword Boomerang","Shrug It Off+1","Whirlwind","True Grit+1","Dark Embrace+1","Twin Strike","Immolate","Thunderclap","Sentinel"],"relics":["Burning Blood","Du-Vu Doll","NlothsMask","Ancient Tea Set","War Paint","Lantern"],"acts_visited":["Exordium"],"potions_floor_usage":[7,11,14,14],"damage_taken":[{"damage":5,"enemies":"2 Louse","floor":1,"turns":4},{"damage":1,"enemies":"Cultist","floor":3,"turns":3},{"damage":5,"enemies":"Small Slimes","floor":4,"turns":4},{"damage":42,"enemies":"Lagavulin","floor":7,"turns":9},{"damage":5,"enemies":"Blue Slaver","floor":10,"turns":4},{"damage":18,"enemies":"3 Sentries","floor":11,"turns":6},{"damage":1,"enemies":"Exordium Wildlife","floor":12,"turns":4},{"damage":16,"enemies":"Gremlin Nob","floor":14,"turns":3},{"damage":41,"enemies":"The Guardian","floor":16,"turns":6}],"seed_played":"7982821497247761468","potions_obtained":[{"floor":3,"key":"BloodPotion"},{"floor":4,"key":"Block Potion"},{"floor":10,"key":"PowerPotion"},{"floor":11,"key":"LiquidMemories"}],"is_trial":false,"path_per_floor":["M","?","M","M","?","R","E","$","T","M","E","M","R","E","R","B"],"character_chosen":"IRONCLAD","items_purchased":["True Grit","Dark Embrace"],"campfire_rested":0,"item_purchase_floors":[8,8],"current_hp_per_floor":[72,72,72,72,72,72,36,36,36,37,25,30,30,34,34,0,0],"gold":189,"neow_bonus":"ONE_RARE_RELIC","is_daily":false,"chose_seed":false,"campfire_upgraded":3,"win_rate":0.0,"timestamp":1610043113,"path_taken":["M","?","M","M","?","R","E","$","T","?","E","?","R","E","R","BOSS"],"items_purchased_type":["Card","Card"],"build_version":"2020-12-22","purchased_purges":0,"victory":false,"max_hp_per_floor":[72,72,72,72,72,72,72,72,72,72,72,72,72,72,72,72,72],"relic_stats":{"counters":[9,43],"War Paint":["Disarm","Defend_R"],"obtain_stats":[{"Du-Vu Doll":0,"Lantern":14,"War Paint":11,"Ancient Tea Set":7,"Burning Blood":0,"NlothsMask":5},{"Du-Vu Doll":0,"Lantern":8,"War Paint":6,"Ancient Tea Set":4,"Burning Blood":0,"NlothsMask":3},{"Du-Vu Doll":0,"Lantern":37,"War Paint":30,"Ancient Tea Set":20,"Burning Blood":0,"NlothsMask":11}],"Burning Blood":41},"card_choices":[{"not_picked":["Wild Strike","Clothesline"],"picked":"Disarm","floor":1},{"not_picked":["Sentinel","Warcry"],"picked":"Sword Boomerang","floor":3},{"not_picked":["Thunderclap","Clothesline"],"picked":"Shrug It Off","floor":4},{"not_picked":["Armaments","Barricade"],"picked":"Whirlwind","floor":7},{"not_picked":["Havoc","True Grit"],"picked":"Twin Strike","floor":10},{"not_picked":["Spot Weakness","Carnage"],"picked":"Immolate","floor":11},{"not_picked":["Perfected Strike","Pummel"],"picked":"Thunderclap","floor":12},{"not_picked":["Cleave","Heavy Blade"],"picked":"Sentinel","floor":14}],"player_experience":331987,"relics_obtained":[{"floor":7,"key":"Ancient Tea Set"},{"floor":11,"key":"War Paint"},{"floor":14,"key":"Lantern"}],"event_choices":[{"damage_healed":0,"gold_gain":0,"player_choice":"Grow","damage_taken":0,"max_hp_gain":0,"max_hp_loss":0,"event_name":"Living Wall","floor":2,"gold_loss":0,"cards_upgraded":["Bash"]},{"damage_healed":0,"gold_gain":0,"player_choice":"Trade","damage_taken":0,"relics_obtained":["NlothsMask"],"max_hp_gain":0,"max_hp_loss":0,"event_name":"FaceTrader","floor":5,"gold_loss":0}],"is_beta":false,"boss_relics":[],"items_purged_floors":[],"is_endless":false,"potions_floor_spawned":[3,4,10,11],"killed_by":"The Guardian","ascension_level":4}}