{"host":"tj57avznel0uzvp6","time":1610052525,"event":{"mods":["BaseMod","Downfall","Glutton Mod","Minty Spire (QoL Compilation)","Remove Card Discount Mod","Replay The Spire","StSLib"],"gold_per_floor":[110,110,128,203,203,203,203,203,203,203,217,26,26,79,79,182,182,92,92,92,37,37,37,37,37,37,37,37,37,152,152,152,152,152],"floor_reached":33,"playtime":913,"items_purged":[],"score":346,"play_id":"d41e4f10-ec83-40dc-9264-08e79d9233f0","local_time":"20210107134845","daily_mods":["Blue Cards","Colorless Cards","Time Dilation","Flight","downfall:Jewelcrafting"],"is_ascension_mode":false,"campfire_choices":[{"floor":6.0,"key":"REST"},{"floor":7.0,"key":"REST"},{"data":"Echo Form","floor":8.0,"key":"SMITH"},{"data":"Slimebound:DuplicatedForm","floor":10.0,"key":"SMITH"},{"floor":15.0,"key":"REST"},{"floor":23,"key":"REST"},{"floor":25,"key":"REST"},{"data":"Glutton:StarvationMode","floor":27,"key":"SMITH"},{"data":"Zap","floor":28,"key":"SMITH"},{"data":"Static Discharge","floor":32,"key":"SMITH"}],"circlet_count":0,"master_deck":["Demon Form","Wraith Form v2","Echo Form+1","DevaForm","Glutton:StarvationMode+1","hexamod:ParanormalForm","Slimebound:DuplicatedForm+1","sneckomod:SerpentMind","Strike_B+1","Strike_B+1","Strike_B+1","Strike_B+1","Defend_B+1","Defend_B+1","Defend_B+1","Defend_B+1","Zap+1","Dualcast","Guardian:ExploitGems","Guardian:ExploitGems","Aggregate","Aggregate","Force Field","Redo","Self Repair","expansioncontent:YouAreMine+1","ReplaySolidLightProjector","Machine Learning","Cold Snap","Loop+1","Gash","Gash","Sickly","Hologram","ReplayTheSpireMod:IOU","Static Discharge+1"],"relics":["Cracked Core","Guardian:PickAxe","replay:Trail_Library","Geode","Membership Card","Juzu Bracelet","SacredBark","MutagenicStrength","ReplayTheSpireMod:Ring of Collecting","Ring of Panic","Ring of Peace","Thread and Needle","ReplayTheSpireMod:CursedCoin"],"acts_visited":["Exordium","TheCity"],"potions_floor_usage":[],"damage_taken":[{"damage":27.0,"enemies":"Jaw Worm","floor":1.0,"turns":4.0},{"damage":32.0,"enemies":"2 Louse","floor":3.0,"turns":3.0},{"damage":21.0,"enemies":"Cultist","floor":11.0,"turns":4.0},{"damage":66.0,"enemies":"Hexaghost","floor":16.0,"turns":8.0},{"damage":53.0,"enemies":"2 Thieves","floor":18.0,"turns":5.0},{"damage":63,"enemies":"Automaton","floor":33,"turns":6}],"seed_played":"8454522266171160496","potions_obtained":[{"floor":11.0,"key":"Block Potion"}],"is_trial":true,"path_per_floor":["M","?","M","?","?","R","R","R","T","R","M","$","?","T","R","B",null,"M","?","?","$","?","R","?","R","T","R","R","?","$","?","R","B"],"character_chosen":"DEFECT","items_purchased":["Membership Card","Self Repair","Loop","Gash","ReplayTheSpireMod:CursedCoin","Static Discharge"],"campfire_rested":5,"item_purchase_floors":[12,12,21,21,30,30],"current_hp_per_floor":[63,63,46,35,35,57,75,75,75,75,69,69,69,69,75,46,75,29,29,29,29,29,51,51,73,73,73,73,73,73,73,73,0,0],"gold":152,"neow_bonus":"","is_daily":false,"chose_seed":false,"campfire_upgraded":5,"win_rate":0.0,"timestamp":1610052525,"path_taken":["M","?","M","?","?","R","R","R","T","R","?","$","?","?","R","BOSS","M","?","?","$","?","R","?","R","T","R","R","?","?","?","R","BOSS"],"items_purchased_type":["Relic","Card","Card","Card","Relic","Card"],"build_version":"2020-12-22","purchased_purges":0,"victory":false,"max_hp_per_floor":[75,75,75,75,75,75,75,75,75,75,75,75,75,75,75,75,75,75,75,75,75,75,75,75,75,75,75,75,75,75,75,75,75,75],"card_choices":[{"not_picked":["Leap","Melter"],"picked":"Aggregate","floor":1.0},{"not_picked":["Conserve Battery","Scrape"],"picked":"Aggregate","floor":3.0},{"not_picked":["Leap","Fusion"],"picked":"Redo","floor":11.0},{"not_picked":["Fission","expansioncontent:StudyTheSpire"],"picked":"Machine Learning","floor":16.0},{"not_picked":["Trip","Fusion"],"picked":"Cold Snap","floor":18}],"player_experience":586955,"relics_obtained":[{"floor":9.0,"key":"Geode"},{"floor":14.0,"key":"Juzu Bracelet"},{"floor":24,"key":"ReplayTheSpireMod:Ring of Collecting"},{"floor":24,"key":"Ring of Panic"},{"floor":26,"key":"Ring of Peace"},{"floor":26,"key":"Thread and Needle"}],"event_choices":[{"damage_healed":0.0,"max_hp_gain":0.0,"max_hp_loss":0.0,"gold_gain":0.0,"event_name":"Golden Wing","player_choice":"Ignored","floor":2.0,"gold_loss":0.0,"damage_taken":0.0},{"damage_healed":0.0,"max_hp_gain":0.0,"max_hp_loss":0.0,"gold_gain":75.0,"event_name":"World of Goop","player_choice":"Gather Gold","floor":4.0,"gold_loss":0.0,"damage_taken":11.0},{"damage_healed":0.0,"max_hp_gain":0.0,"max_hp_loss":0.0,"gold_gain":0.0,"event_name":"The Woman in Blue","player_choice":"Bought 0 Potions","floor":5.0,"gold_loss":0.0,"damage_taken":0.0},{"damage_healed":0,"gold_gain":0,"player_choice":"Simplicity","damage_taken":0,"max_hp_gain":0,"max_hp_loss":0,"event_name":"Back to Basics","floor":19,"gold_loss":0,"cards_upgraded":["Strike_B","Strike_B","Strike_B","Strike_B","Defend_B","Defend_B","Defend_B","Defend_B"]},{"damage_healed":0,"gold_gain":0,"player_choice":"Inject Mutagens","damage_taken":0,"relics_obtained":["MutagenicStrength"],"max_hp_gain":0,"max_hp_loss":0,"event_name":"Drug Dealer","floor":20,"gold_loss":0},{"damage_healed":0,"gold_gain":0,"player_choice":"Ignored","damage_taken":0,"max_hp_gain":0,"max_hp_loss":0,"event_name":"WeMeetAgain","floor":22,"gold_loss":0},{"damage_healed":0,"gold_gain":0,"player_choice":"Forge","damage_taken":0,"max_hp_gain":0,"max_hp_loss":0,"event_name":"Accursed Blacksmith","floor":29,"gold_loss":0,"cards_upgraded":["Loop"]}],"is_beta":false,"boss_relics":[{"not_picked":["Ectoplasm","Coffee Dripper"],"picked":"SacredBark"}],"items_purged_floors":[],"is_endless":true,"potions_floor_spawned":[11],"killed_by":"Automaton","ascension_level":0}}