{"host":"w05x4i13f2m9joq1","time":1610057969,"event":{"mods":["BaseMod","Colored Map","Colored Powertips","Googly Eyes","Marisa????????","Minty Spire (QoL Compilation)","The Servant 0.9.4"],"gold_per_floor":[117,117,117,19,35,35,35,70,70,96,111,66,66,83,83,83,83],"floor_reached":16,"playtime":712,"items_purged":[],"score":133,"play_id":"eaa1da75-6149-43ca-ae9f-a947dd95c5f6","local_time":"20210107171929","is_ascension_mode":false,"campfire_choices":[{"data":"Exchange","floor":6,"key":"SMITH"},{"floor":13,"key":"REST"},{"data":"BottledTime","floor":15,"key":"SMITH"}],"circlet_count":0,"master_deck":["Strike_S","Strike_S","Strike_S","Strike_S","Defend_S","Defend_S","Defend_S","KidneyShot","Exchange+1","BottledTime+1","Ricochet","FanOfKnives","InstantArmor","Comet","Ricochet","BottledTime+1","ShatteredReality"],"relics":["Uniform","NeowsBlessing","Pantograph","White Beast Statue","Kunai"],"acts_visited":["Exordium"],"potions_floor_usage":[10],"damage_taken":[{"damage":0,"enemies":"Small Slimes","floor":1,"turns":1},{"damage":0,"enemies":"Jaw Worm","floor":5,"turns":1},{"damage":0,"enemies":"Lagavulin","floor":8,"turns":1},{"damage":43,"enemies":"3 Sentries","floor":10,"turns":7},{"damage":0,"enemies":"Cultist","floor":11,"turns":3},{"damage":14,"enemies":"Looter","floor":14,"turns":3},{"damage":76,"enemies":"Slime Boss","floor":16,"turns":9}],"seed_played":"-8964960200461582550","potions_obtained":[{"floor":1,"key":"BlessingOfTheForge"},{"floor":8,"key":"Regen Potion"},{"floor":10,"key":"ColorlessPotion"},{"floor":11,"key":"Explosive Potion"},{"floor":14,"key":"CultistPotion"}],"is_trial":false,"path_per_floor":["M","?","?","$","M","R","?","E","T","E","M","$","R","M","R","B"],"character_chosen":"THE_SERVANT","items_purchased":["Ricochet","FanOfKnives","BottledTime"],"campfire_rested":1,"item_purchase_floors":[4,4,12],"current_hp_per_floor":[65,70,70,70,70,70,63,63,63,34,34,34,55,41,41,0,0],"gold":83,"neow_bonus":"THREE_ENEMY_KILL","is_daily":false,"chose_seed":false,"campfire_upgraded":2,"win_rate":0.0,"timestamp":1610057969,"path_taken":["M","?","?","?","?","R","?","E","T","E","M","$","R","M","R","BOSS"],"items_purchased_type":["Card","Card","Card"],"build_version":"2020-12-22","purchased_purges":0,"victory":false,"max_hp_per_floor":[65,70,70,70,70,70,70,70,70,70,70,70,70,70,70,70,70],"card_choices":[{"not_picked":["Misdirection","Unruled"],"picked":"BottledTime","floor":1},{"not_picked":["Reset","SpecialFormula","Unruled"],"picked":"SKIP","floor":5},{"not_picked":["Deny","Reset"],"picked":"InstantArmor","floor":8},{"not_picked":["Shuttle","DoubleEdge"],"picked":"Comet","floor":10},{"not_picked":["Starlight","Comet"],"picked":"Ricochet","floor":11},{"not_picked":["Defy","Replace"],"picked":"ShatteredReality","floor":14}],"player_experience":47036,"relics_obtained":[{"floor":8,"key":"Pantograph"},{"floor":9,"key":"White Beast Statue"},{"floor":10,"key":"Kunai"}],"event_choices":[{"damage_healed":0,"gold_gain":0,"player_choice":"Donut","damage_taken":0,"max_hp_gain":5,"max_hp_loss":0,"event_name":"Big Fish","floor":2,"gold_loss":0},{"damage_healed":0,"gold_gain":0,"player_choice":"Grow","damage_taken":0,"max_hp_gain":0,"max_hp_loss":0,"event_name":"Living Wall","floor":3,"gold_loss":0,"cards_upgraded":["BottledTime"]},{"cards_removed":["Defend_S"],"damage_healed":0,"gold_gain":0,"player_choice":"Card Removal","damage_taken":7,"max_hp_gain":0,"max_hp_loss":0,"event_name":"Golden Wing","floor":7,"gold_loss":0}],"is_beta":false,"boss_relics":[],"items_purged_floors":[],"is_endless":false,"potions_floor_spawned":[1,8,10,11,14],"killed_by":"Slime Boss","ascension_level":0}}