{"host":"ji1fk25fd1ga4ji1","time":1610041090,"event":{"mods":["2.2 Compatiblity","BaseMod","Colored Map","DeckTracker","Minty Spire (QoL Compilation)","Permanent Neow","Quick Restart","StSLib","SuperFastMode"],"gold_per_floor":[116,41,51,64,64,95,95,124,124,156,166,166,201,101,101,196,196,212,212,16,16,31,57,57,76,76,108,108,128,128,163,163,268,268,286,75,75,87,104,129,129,139,139,165,165,165,197,217,217,217],"floor_reached":51,"playtime":1264,"items_purged":["Strike_G","Strike_G","Skewer"],"score":860,"play_id":"9db52948-9bae-41d7-8010-a3b18cb7883f","local_time":"20210108023810","is_ascension_mode":true,"campfire_choices":[{"data":"Glass Knife","floor":7.0,"key":"SMITH"},{"data":"Footwork","floor":12.0,"key":"SMITH"},{"data":"Blade Dance","floor":15.0,"key":"SMITH"},{"data":"Phantasmal Killer","floor":24,"key":"SMITH"},{"data":"Terror","floor":30,"key":"SMITH"},{"data":"Cloak And Dagger","floor":32,"key":"SMITH"},{"data":"Apotheosis","floor":41,"key":"SMITH"},{"floor":45,"key":"REST"},{"floor":49,"key":"RECALL"}],"circlet_count":0,"master_deck":["Survivor","Neutralize","Slice","Footwork+1","Dagger Throw+1","Glass Knife+1","Prepared","Blade Dance+1","Phantasmal Killer+1","PiercingWail","Infinite Blades+1","Malaise","Deflect","Escape Plan","Cloak And Dagger+1","Terror+1","Backflip","Backflip","Blade Dance+1","A Thousand Cuts+1","Concentrate","Apotheosis+1","Blade Dance","Master of Strategy"],"relics":["WristBlade","StrikeDummy","StoneCalendar","Mango","Whetstone","Frozen Egg 2","Pandora\u0027s Box","The Specimen","Question Card","Pantograph","Juzu Bracelet","Lizard Tail","Cursed Key","Darkstone Periapt","Blood Vial","Unceasing Top"],"acts_visited":["Exordium","TheCity","TheBeyond"],"potions_floor_usage":[27,50,50,50],"damage_taken":[{"damage":1.0,"enemies":"Cultist","floor":1.0,"turns":4.0},{"damage":0.0,"enemies":"Jaw Worm","floor":3.0,"turns":3.0},{"damage":0.0,"enemies":"2 Louse","floor":4.0,"turns":2.0},{"damage":10.0,"enemies":"Gremlin Nob","floor":6.0,"turns":4.0},{"damage":10.0,"enemies":"3 Sentries","floor":8.0,"turns":9.0},{"damage":4.0,"enemies":"Lagavulin","floor":10.0,"turns":7.0},{"damage":5.0,"enemies":"Blue Slaver","floor":11.0,"turns":2.0},{"damage":10.0,"enemies":"Gremlin Nob","floor":13.0,"turns":3.0},{"damage":10.0,"enemies":"Hexaghost","floor":16.0,"turns":6.0},{"damage":13.0,"enemies":"2 Thieves","floor":18.0,"turns":4.0},{"damage":2.0,"enemies":"3 Byrds","floor":22.0,"turns":4.0},{"damage":5,"enemies":"Book of Stabbing","floor":23,"turns":6},{"damage":0,"enemies":"Centurion and Healer","floor":25,"turns":2},{"damage":11,"enemies":"Slavers","floor":27,"turns":4},{"damage":7,"enemies":"Snecko","floor":29,"turns":4},{"damage":4,"enemies":"Book of Stabbing","floor":31,"turns":3},{"damage":21,"enemies":"Collector","floor":33,"turns":7},{"damage":6,"enemies":"3 Shapes","floor":35,"turns":7},{"damage":0,"enemies":"3 Darklings","floor":38,"turns":3},{"damage":0,"enemies":"Sphere and 2 Shapes","floor":39,"turns":7},{"damage":3,"enemies":"Giant Head","floor":40,"turns":5},{"damage":0,"enemies":"Spire Growth","floor":42,"turns":2},{"damage":16,"enemies":"Reptomancer","floor":44,"turns":4},{"damage":8,"enemies":"Nemesis","floor":47,"turns":6},{"damage":6,"enemies":"Jaw Worm Horde","floor":48,"turns":3},{"damage":22,"enemies":"Donu and Deca","floor":50,"turns":5}],"seed_played":"-1803739664258593866","potions_obtained":[{"floor":4.0,"key":"Ancient Potion"},{"floor":6.0,"key":"LiquidBronze"},{"floor":8.0,"key":"SkillPotion"},{"floor":25,"key":"DuplicationPotion"},{"floor":31,"key":"Strength Potion"},{"floor":44,"key":"AttackPotion"}],"is_trial":false,"path_per_floor":["M","$","M","M","?","E","R","E","T","E","M","R","E","$","R","B",null,"M","?","$","?","M","E","R","M","T","E","?","M","R","E","R","B",null,"M","$","?","M","M","E","R","M","T","E","R","?","E","M","R","B",null],"character_chosen":"THE_SILENT","items_purchased":["Terror","Apotheosis","Blade Dance"],"campfire_rested":1,"item_purchase_floors":[20,36,36],"current_hp_per_floor":[69,69,69,69,69,59,59,49,63,59,54,54,44,44,44,34,84,71,71,71,71,69,64,64,64,64,53,81,74,74,70,70,63,84,78,78,78,78,78,75,75,75,75,59,84,84,76,72,72,62],"gold":217,"neow_bonus":"BOSS_RELIC","is_daily":false,"chose_seed":false,"campfire_upgraded":7,"win_rate":0.0,"timestamp":1610041090,"path_taken":["M","$","M","M","?","E","R","E","T","E","M","R","E","$","R","BOSS","M","?","?","?","M","E","R","M","T","E","?","M","R","E","R","BOSS","M","$","?","M","M","E","R","M","T","E","R","?","E","M","R","BOSS"],"items_purchased_type":["Card","Card","Card"],"build_version":"2020-12-22","purchased_purges":3,"victory":true,"max_hp_per_floor":[70,70,70,70,70,70,70,70,84,84,84,84,84,84,84,84,84,84,84,84,84,84,84,84,84,84,84,84,84,84,84,84,84,84,84,84,84,84,84,84,84,84,84,84,84,84,84,84,84,84],"card_choices":[{"not_picked":["Sucker Punch","Accuracy"],"picked":"Slice","floor":1.0},{"not_picked":["Deflect","Backflip"],"picked":"Footwork","floor":3.0},{"not_picked":["Deflect","Dodge and Roll"],"picked":"Dagger Throw","floor":4.0},{"not_picked":["Heel Hook","Deadly Poison"],"picked":"Glass Knife","floor":6.0},{"not_picked":["Outmaneuver","All Out Attack","Flying Knee"],"picked":"SKIP","floor":8.0},{"not_picked":["Outmaneuver","Dagger Spray","Escape Plan"],"picked":"SKIP","floor":10.0},{"not_picked":["Dodge and Roll","Bane"],"picked":"Prepared","floor":11.0},{"not_picked":["Flying Knee","Setup"],"picked":"Blade Dance","floor":13.0},{"not_picked":["Doppelganger","Corpse Explosion"],"picked":"Phantasmal Killer","floor":16.0},{"not_picked":["Reflex","Sucker Punch"],"picked":"Cloak And Dagger","floor":18.0},{"not_picked":["Underhanded Strike","Calculated Gamble"],"picked":"Backflip","floor":22.0},{"not_picked":["Catalyst","Deadly Poison"],"picked":"Backflip","floor":23},{"not_picked":["Outmaneuver+1","Accuracy+1","Backflip"],"picked":"Blade Dance+1","floor":25},{"not_picked":["Deflect","Prepared","Die Die Die","Calculated Gamble"],"picked":"SKIP","floor":27},{"not_picked":["Crippling Poison","Acrobatics","Deflect+1","Cloak And Dagger"],"picked":"SKIP","floor":29},{"not_picked":["Deflect+1","Cloak And Dagger","Slice+1","Dodge and Roll+1"],"picked":"SKIP","floor":31},{"not_picked":["Grand Finale","Night Terror","Phantasmal Killer"],"picked":"A Thousand Cuts+1","floor":33},{"not_picked":["Eviscerate","Dodge and Roll+1","Cloak And Dagger","Concentrate"],"picked":"SKIP","floor":35},{"not_picked":["Eviscerate","Dodge and Roll+1","Cloak And Dagger","Concentrate"],"picked":"SKIP","floor":35},{"not_picked":["Eviscerate","Dodge and Roll+1","Cloak And Dagger","Concentrate"],"picked":"SKIP","floor":35},{"not_picked":["Eviscerate","Dodge and Roll+1","Cloak And Dagger"],"picked":"Concentrate","floor":35},{"not_picked":["Transmutation","Discovery","HandOfGreed"],"picked":"Master of Strategy","floor":37},{"not_picked":["Blur+1","Poisoned Stab+1","Acrobatics","Flechettes"],"picked":"SKIP","floor":38},{"not_picked":["Blur+1","Poisoned Stab+1","Acrobatics","Flechettes"],"picked":"SKIP","floor":38},{"not_picked":["Distraction+1","Outmaneuver","PiercingWail","Dash"],"picked":"SKIP","floor":39},{"not_picked":["Outmaneuver+1","Dash","Underhanded Strike+1","Grand Finale"],"picked":"SKIP","floor":40},{"not_picked":["Bouncing Flask+1","Underhanded Strike+1","Endless Agony","Poisoned Stab"],"picked":"SKIP","floor":42},{"not_picked":["PiercingWail","Dagger Spray","Deadly Poison","Sucker Punch+1"],"picked":"SKIP","floor":44},{"not_picked":["Bane","Skewer","Terror+1","Deadly Poison+1"],"picked":"SKIP","floor":47},{"not_picked":["Bane","Skewer","Terror+1","Deadly Poison+1"],"picked":"SKIP","floor":47},{"not_picked":["Bane","Skewer","Terror+1","Deadly Poison+1"],"picked":"SKIP","floor":47},{"not_picked":["Tactician+1","Predator","Quick Slash+1","Reflex"],"picked":"SKIP","floor":48}],"player_experience":813546,"relics_obtained":[{"floor":6.0,"key":"StrikeDummy"},{"floor":8.0,"key":"StoneCalendar"},{"floor":9.0,"key":"Mango"},{"floor":10.0,"key":"Whetstone"},{"floor":13.0,"key":"Frozen Egg 2"},{"floor":23,"key":"Question Card"},{"floor":26,"key":"Pantograph"},{"floor":27,"key":"Juzu Bracelet"},{"floor":31,"key":"Lizard Tail"},{"floor":40,"key":"Darkstone Periapt"},{"floor":44,"key":"Blood Vial"},{"floor":47,"key":"Unceasing Top"}],"event_choices":[{"damage_healed":0.0,"max_hp_gain":0.0,"max_hp_loss":0.0,"gold_gain":0.0,"event_name":"Upgrade Shrine","player_choice":"Upgraded","floor":5.0,"gold_loss":0.0,"damage_taken":0.0,"cards_upgraded":["Dagger Throw"]},{"damage_healed":0.0,"max_hp_gain":0.0,"max_hp_loss":0.0,"gold_gain":0.0,"event_name":"The Mausoleum","player_choice":"Opened","floor":19.0,"gold_loss":0.0,"damage_taken":0.0,"relics_obtained":["The Specimen"]},{"cards_removed":["Distraction"],"damage_healed":0.0,"max_hp_gain":0.0,"max_hp_loss":0.0,"gold_gain":0.0,"event_name":"Back to Basics","player_choice":"Elegance","floor":21.0,"gold_loss":0.0,"damage_taken":0.0},{"damage_healed":28,"gold_gain":0,"player_choice":"Heal","damage_taken":0,"max_hp_gain":0,"max_hp_loss":0,"event_name":"The Library","floor":28,"gold_loss":0},{"damage_healed":0,"gold_gain":0,"player_choice":"Memory 1","damage_taken":0,"max_hp_gain":0,"max_hp_loss":0,"event_name":"SensoryStone","floor":37,"gold_loss":0},{"cards_removed":["All Out Attack"],"damage_healed":0,"gold_gain":0,"player_choice":"Offered Uncommon","damage_taken":0,"max_hp_gain":0,"max_hp_loss":0,"event_name":"Bonfire Elementals","floor":46,"gold_loss":0}],"is_beta":false,"boss_relics":[{"not_picked":["Runic Dome","Runic Pyramid"],"picked":"Pandora\u0027s Box"},{"not_picked":["Coffee Dripper","Empty Cage"],"picked":"Cursed Key"}],"items_purged_floors":[2,14,20],"is_endless":false,"potions_floor_spawned":[4,6,8,13,16,22,25,31,35,38,44,47],"ascension_level":1}}