{"host":"52m1o8iwwagurbjs","time":1610036810,"event":{"mods":["AchievementEnabler","BaseMod","Bestiary","Colored Powertips","GifTheSpireLib","Minty Spire (QoL Compilation)","Quick Restart","RNG Fix","Relic Stats","StSLib"],"gold_per_floor":[111,27,39,39,52,52,66,66,66],"floor_reached":8,"playtime":256,"items_purged":[],"score":116,"play_id":"21826660-a92a-42c2-bae5-b714fde7d06c","local_time":"20210107112650","is_ascension_mode":true,"campfire_choices":[],"circlet_count":0,"master_deck":["AscendersBane","Strike_G","Strike_G","Strike_G","Strike_G","Strike_G","Defend_G","Defend_G","Defend_G","Defend_G","Defend_G","Survivor","Neutralize","Bane","Footwork","Backflip","Endless Agony","Grand Finale"],"relics":["Ring of the Snake","Tiny Chest","Oddly Smooth Stone"],"acts_visited":[],"potions_floor_usage":[8,8],"damage_taken":[{"damage":0.0,"enemies":"2 Louse","floor":1.0,"turns":2.0},{"damage":10.0,"enemies":"Small Slimes","floor":3.0,"turns":5.0},{"damage":3.0,"enemies":"Cultist","floor":5.0,"turns":4.0},{"damage":0.0,"enemies":"Lagavulin","floor":6.0,"turns":1.0},{"damage":0.0,"enemies":"Blue Slaver","floor":7.0,"turns":7.0},{"damage":10,"enemies":"3 Sentries","floor":8,"turns":7}],"seed_played":"8766195037795897661","potions_obtained":[{"floor":1.0,"key":"GhostInAJar"},{"floor":3.0,"key":"SmokeBomb"},{"floor":7.0,"key":"SpeedPotion"}],"is_trial":false,"path_per_floor":["M","$","M","?","M","E","M","E"],"character_chosen":"THE_SILENT","items_purchased":["Footwork"],"campfire_rested":0,"item_purchase_floors":[2],"current_hp_per_floor":[59,59,49,44,41,41,41,31,31],"gold":66,"neow_bonus":"RANDOM_COMMON_RELIC","is_daily":false,"chose_seed":false,"campfire_upgraded":0,"win_rate":0.0,"timestamp":1610036810,"path_taken":["M","$","M","?","M","E","M","E"],"items_purchased_type":["Card"],"build_version":"2020-12-22","purchased_purges":0,"victory":false,"max_hp_per_floor":[66,66,66,66,66,66,66,66,66],"relic_stats":{"counters":[3,15],"Tiny Chest":0,"obtain_stats":[{"Oddly Smooth Stone":0,"Tiny Chest":0,"Ring of the Snake":0},{"Oddly Smooth Stone":0,"Tiny Chest":0,"Ring of the Snake":0},{"Oddly Smooth Stone":0,"Tiny Chest":0,"Ring of the Snake":0}],"Ring of the Snake":[6]},"card_choices":[{"not_picked":["Escape Plan","Expertise"],"picked":"Bane","floor":1.0},{"not_picked":["Dodge and Roll","Deflect"],"picked":"Backflip","floor":3.0},{"not_picked":["PiercingWail","Blur"],"picked":"Endless Agony","floor":5.0},{"not_picked":["Blur","Acrobatics"],"picked":"Grand Finale","floor":7.0}],"player_experience":1100502,"relics_obtained":[],"event_choices":[{"damage_healed":0.0,"max_hp_gain":0.0,"max_hp_loss":0.0,"gold_gain":0.0,"event_name":"Scrap Ooze","player_choice":"Success","floor":4.0,"gold_loss":0.0,"damage_taken":5.0,"relics_obtained":["Oddly Smooth Stone"]}],"is_beta":false,"boss_relics":[],"items_purged_floors":[],"is_endless":false,"potions_floor_spawned":[1,3,7],"killed_by":"3 Sentries","ascension_level":20}}