{"host":"1a3cjta80tad0aqj","time":1610029215,"event":{"mods":["2.2 Compatiblity","AchievementEnabler","BaseMod","Colored Map","DeckTracker","KOR Keyword Fix","Keyboard Shortcuts","Minty Spire (QoL Compilation)","Permanent Neow","Quick Restart","Random Character Button","StSLib","SuperFastMode","everything is the same but u backflip on backflip"],"gold_per_floor":[117,117,117,129,54,54,66,77,77,77,92,67,43,71,71,170,170,186,202,213,213,228,128,128,3,28,28,28,28,47,47,47,47,47],"floor_reached":33,"playtime":1199,"items_purged":["Strike_P","Defend_P","Strike_P"],"score":270,"play_id":"39e27a35-4800-47d6-b846-5a0e237d502f","local_time":"20210107232014","is_ascension_mode":false,"campfire_choices":[{"data":"Eruption","floor":6.0,"key":"SMITH"},{"floor":15.0,"key":"REST"},{"floor":24,"key":"REST"},{"data":"CarveReality","floor":27,"key":"SMITH"},{"floor":32,"key":"REST"}],"circlet_count":0,"master_deck":["Strike_P+1","Defend_P","Eruption+1","Vigilance+1","CarveReality+1","EmptyFist+1","Crescendo","Brilliance+1"],"relics":["Empty Cage","Molten Egg 2","CloakClasp","Velvet Choker","Vajra"],"acts_visited":["Exordium","TheCity"],"potions_floor_usage":[16,22],"damage_taken":[{"damage":8.0,"enemies":"2 Louse","floor":1.0,"turns":2.0},{"damage":0.0,"enemies":"Small Slimes","floor":4.0,"turns":3.0},{"damage":6.0,"enemies":"Jaw Worm","floor":7.0,"turns":2.0},{"damage":0.0,"enemies":"Blue Slaver","floor":8.0,"turns":4.0},{"damage":0.0,"enemies":"Exordium Wildlife","floor":11.0,"turns":3.0},{"damage":0.0,"enemies":"Gremlin Nob","floor":14.0,"turns":2.0},{"damage":29,"enemies":"The Guardian","floor":16,"turns":7},{"damage":10,"enemies":"Shell Parasite","floor":18,"turns":2},{"damage":8,"enemies":"Chosen","floor":19,"turns":2},{"damage":0,"enemies":"Snecko","floor":20,"turns":2},{"damage":16,"enemies":"Shelled Parasite and Fungi","floor":22,"turns":2},{"damage":8,"enemies":"Chosen and Byrds","floor":30,"turns":3},{"damage":85,"enemies":"Collector","floor":33,"turns":3}],"seed_played":"8578402797539500707","potions_obtained":[{"floor":4.0,"key":"EssenceOfSteel"},{"floor":7.0,"key":"Weak Potion"},{"floor":14.0,"key":"SneckoOil"},{"floor":21,"key":"AttackPotion"},{"floor":21,"key":"CultistPotion"},{"floor":30,"key":"SkillPotion"}],"is_trial":false,"path_per_floor":["M","?","?","M","$","R","M","M","T","?","M","$","$","E","R","B",null,"M","M","M","?","M","$","R","$","T","R","?","?","M","$","R","B"],"character_chosen":"WATCHER","items_purchased":["EmptyFist+1","Crescendo"],"campfire_rested":3,"item_purchase_floors":[12,13],"current_hp_per_floor":[64,64,50,50,50,50,44,44,44,37,37,37,37,37,58,29,72,62,54,54,54,38,38,59,59,59,59,59,59,51,51,72,0,0],"gold":47,"neow_bonus":"BOSS_RELIC","is_daily":false,"chose_seed":true,"campfire_upgraded":2,"win_rate":0.0,"timestamp":1610029214,"path_taken":["M","?","?","M","$","R","M","?","T","?","M","?","$","E","R","BOSS","M","M","M","?","?","$","R","$","T","R","?","?","?","$","R","BOSS"],"items_purchased_type":["Card","Card"],"build_version":"2020-12-22","purchased_purges":3,"victory":false,"max_hp_per_floor":[72,72,72,72,72,72,72,72,72,72,72,72,72,72,72,72,72,72,72,72,72,72,72,72,72,72,72,72,72,72,72,72,72,72],"card_choices":[{"not_picked":["FlyingSleeves","Halt","WreathOfFlame"],"picked":"SKIP","floor":1.0},{"not_picked":["ForeignInfluence","FlyingSleeves"],"picked":"CarveReality","floor":4.0},{"not_picked":["FlurryOfBlows","Evaluate","SandsOfTime"],"picked":"SKIP","floor":7.0},{"not_picked":["Crescendo","Prostrate","EmptyFist"],"picked":"SKIP","floor":8.0},{"not_picked":["PathToVictory","Perseverance","EmptyBody"],"picked":"SKIP","floor":11.0},{"not_picked":["CarveReality+1","MasterReality","Conclude+1"],"picked":"SKIP","floor":14.0},{"not_picked":["Devotion","SpiritShield"],"picked":"Brilliance+1","floor":16},{"not_picked":["SashWhip+1","CrushJoints+1","CutThroughFate+1"],"picked":"SKIP","floor":18},{"not_picked":["SignatureMove+1","SashWhip+1","EmptyFist+1"],"picked":"SKIP","floor":19},{"not_picked":["WheelKick+1","Evaluate","Fasting2"],"picked":"SKIP","floor":20},{"not_picked":["Consecrate+1","Evaluate","Fasting2+1"],"picked":"SKIP","floor":22},{"not_picked":["BowlingBash+1","FollowUp+1","Conclude+1"],"picked":"SKIP","floor":30}],"player_experience":166668,"relics_obtained":[{"floor":9.0,"key":"Molten Egg 2"},{"floor":14.0,"key":"CloakClasp"},{"floor":26,"key":"Vajra"}],"event_choices":[{"damage_healed":0.0,"max_hp_gain":0.0,"max_hp_loss":0.0,"gold_gain":0.0,"event_name":"Liars Game","player_choice":"Ignored","floor":2.0,"gold_loss":0.0,"damage_taken":0.0},{"damage_healed":0.0,"max_hp_gain":0.0,"max_hp_loss":0.0,"gold_gain":0.0,"event_name":"Shining Light","player_choice":"Entered Light","floor":3.0,"gold_loss":0.0,"damage_taken":14.0,"cards_upgraded":["Strike_P","Vigilance"]},{"cards_removed":["Strike_P"],"damage_healed":0.0,"max_hp_gain":0.0,"max_hp_loss":0.0,"gold_gain":0.0,"event_name":"Golden Wing","player_choice":"Card Removal","floor":10.0,"gold_loss":0.0,"damage_taken":7.0},{"damage_healed":0,"gold_gain":0,"player_choice":"Got Potions","damage_taken":0,"max_hp_gain":0,"max_hp_loss":0,"event_name":"Lab","floor":21,"gold_loss":0},{"damage_healed":0,"gold_gain":0,"player_choice":"Ignored","damage_taken":0,"max_hp_gain":0,"max_hp_loss":0,"event_name":"Vampires","floor":28,"gold_loss":0},{"damage_healed":0,"gold_gain":0,"player_choice":"Ignored","damage_taken":0,"max_hp_gain":0,"max_hp_loss":0,"event_name":"Duplicator","floor":29,"gold_loss":0}],"is_beta":false,"boss_relics":[{"not_picked":["Runic Dome","Calling Bell"],"picked":"Velvet Choker"}],"items_purged_floors":[5,23,25],"is_endless":false,"potions_floor_spawned":[4,7,14,30],"killed_by":"Collector","ascension_level":0}}