{"host":"raaimkojny05jekw","time":1610017521,"event":{"mods":["AchievementEnabler","BaseMod","Colored Map","Colored Powertips","DeckTracker","Minty Spire (QoL Compilation)","Quick Restart","Rare Cards Sparkle","everything is the same but u backflip on backflip"],"gold_per_floor":[360,360,360,378,391,391,404,404,429,429,354,354,37,50,50,121,121,134,184,67,82,82,82,82],"floor_reached":23,"playtime":730,"items_purged":["Strike_G"],"score":358,"play_id":"9cb64a97-8aaf-429a-a91b-b88de5a13c7b","local_time":"20210107200521","is_ascension_mode":true,"campfire_choices":[{"data":"Neutralize","floor":6,"key":"SMITH"},{"data":"Dagger Spray","floor":8,"key":"SMITH"},{"data":"Dash","floor":10,"key":"SMITH"},{"data":"Footwork","floor":12,"key":"SMITH"},{"data":"Panacea","floor":15,"key":"SMITH"}],"circlet_count":0,"master_deck":["AscendersBane","Strike_G","Strike_G","Strike_G","Defend_G","Defend_G","Defend_G","Defend_G","Survivor","Neutralize+1","Dagger Spray+1","Heel Hook","Dash+1","Footwork+1","Bane","Panacea+1","Footwork","Burst","Noxious Fumes","Deflect","Underhanded Strike","Poisoned Stab"],"relics":["Ring of the Snake","Juzu Bracelet","TwistedFunnel","Sozu"],"acts_visited":["Exordium","TheCity"],"potions_floor_usage":[5,7,16],"damage_taken":[{"damage":0,"enemies":"Cultist","floor":1,"turns":4},{"damage":5,"enemies":"2 Louse","floor":4,"turns":3},{"damage":2,"enemies":"Jaw Worm","floor":5,"turns":4},{"damage":24,"enemies":"Large Slime","floor":7,"turns":7},{"damage":0,"enemies":"2 Fungi Beasts","floor":14,"turns":2},{"damage":23,"enemies":"The Guardian","floor":16,"turns":17},{"damage":26,"enemies":"Spheric Guardian","floor":18,"turns":9},{"damage":8,"enemies":"Shell Parasite","floor":21,"turns":8},{"damage":29,"enemies":"Cultist and Chosen","floor":23,"turns":4}],"seed_played":"-3747610683873237777","potions_obtained":[{"floor":1,"key":"Block Potion"},{"floor":4,"key":"ColorlessPotion"},{"floor":14,"key":"BlessingOfTheForge"},{"floor":16,"key":"SpeedPotion"}],"is_trial":false,"path_per_floor":["M","?","?","M","M","R","M","R","T","R","$","R","$","M","R","B",null,"M","?","$","M","?","M"],"character_chosen":"THE_SILENT","items_purchased":["TwistedFunnel","Bane","Panacea","Noxious Fumes","Deflect"],"campfire_rested":0,"item_purchase_floors":[13,13,13,20,20],"current_hp_per_floor":[44,49,71,66,64,64,40,40,40,40,40,40,40,40,40,17,58,32,32,32,24,24,0,0],"gold":82,"neow_bonus":"TWO_FIFTY_GOLD","is_daily":false,"chose_seed":false,"campfire_upgraded":5,"win_rate":0.0,"timestamp":1610017521,"path_taken":["M","?","?","M","M","R","M","R","T","R","$","R","$","M","R","BOSS","M","?","$","M","?","M"],"items_purchased_type":["Relic","Card","Card","Card","Card"],"build_version":"2020-12-22","purchased_purges":1,"victory":false,"max_hp_per_floor":[66,71,71,71,71,71,71,71,71,71,71,71,71,71,71,71,71,71,71,71,71,71,71,71],"card_choices":[{"not_picked":["Setup","Quick Slash"],"picked":"Dagger Spray","floor":1},{"not_picked":["Quick Slash","Finisher"],"picked":"Heel Hook","floor":4},{"not_picked":["Bane","Backflip"],"picked":"Dash","floor":5},{"not_picked":["Accuracy","Backflip"],"picked":"Footwork","floor":7},{"not_picked":["Cloak And Dagger","A Thousand Cuts"],"picked":"Footwork","floor":14},{"not_picked":["Phantasmal Killer","Night Terror"],"picked":"Burst","floor":16},{"not_picked":["Quick Slash","Choke","Cloak And Dagger"],"picked":"SKIP","floor":18},{"not_picked":["Outmaneuver","Setup","Tactician"],"picked":"SKIP","floor":21}],"player_experience":732905,"relics_obtained":[{"floor":9,"key":"Juzu Bracelet"}],"event_choices":[{"damage_healed":0,"gold_gain":0,"player_choice":"Donut","damage_taken":0,"max_hp_gain":5,"max_hp_loss":0,"event_name":"Big Fish","floor":2,"gold_loss":0},{"damage_healed":22,"gold_gain":0,"player_choice":"Full Heal","damage_taken":0,"max_hp_gain":0,"max_hp_loss":0,"event_name":"Wheel of Change","floor":3,"gold_loss":0},{"damage_healed":0,"gold_gain":50,"player_choice":"Stole From Cult","damage_taken":0,"max_hp_gain":0,"max_hp_loss":0,"event_name":"Nest","floor":19,"gold_loss":0},{"damage_healed":0,"gold_gain":0,"cards_transformed":["Strike_G","Defend_G"],"player_choice":"Became Test Subject","damage_taken":0,"max_hp_gain":0,"max_hp_loss":0,"event_name":"Drug Dealer","floor":22,"gold_loss":0,"cards_obtained":["Underhanded Strike","Poisoned Stab"]}],"is_beta":false,"boss_relics":[{"not_picked":["Fusion Hammer","Astrolabe"],"picked":"Sozu"}],"items_purged_floors":[11],"is_endless":false,"potions_floor_spawned":[1,4,14,16,18],"killed_by":"Cultist and Chosen","ascension_level":20}}