{"host":"z9811rt50ti81n54","time":1610035354,"event":{"mods":["BaseMod","Minty Spire (QoL Compilation)","SuperFastMode"],"gold_per_floor":[110,126,126,14,34,34,53,53,53,53,67,67,67,77,77,177,177,193,208,227,227,246,246,263,263,287,287,46,46,60,75,75,179,179,197,215,15,15,32,32,43,43,43,43,63,63,63],"floor_reached":46,"playtime":1189,"items_purged":["Strike_R"],"score":416,"play_id":"4a2fd92f-5428-46cd-9df4-e93559326031","local_time":"20210108010234","is_ascension_mode":false,"campfire_choices":[{"data":"Combust","floor":6.0,"key":"SMITH"},{"data":"Shockwave","floor":8.0,"key":"SMITH"},{"data":"Rampage","floor":13.0,"key":"SMITH"},{"data":"Double Tap","floor":15.0,"key":"SMITH"},{"data":"Offering","floor":23,"key":"SMITH"},{"data":"Fiend Fire","floor":25,"key":"SMITH"},{"floor":32,"key":"REST"},{"floor":40,"key":"REST"},{"floor":44,"key":"REST"}],"circlet_count":0,"master_deck":["Strike_R","Strike_R","Strike_R","Defend_R","Defend_R","Defend_R","Defend_R","Bash","Double Tap+1","Ghostly Armor","Combust+1","Evolve","Headbutt","Shockwave+1","Rampage+1","Barricade","Fiend Fire+1","Cleave","Offering+1","Impervious","Disarm","Juggernaut","Whirlwind+1","Exhume","Parasite","Pommel Strike+1"],"relics":["Burning Blood","The Courier","Pen Nib","Philosopher\u0027s Stone","Oddly Smooth Stone","Mark of Pain","Regal Pillow","White Beast Statue"],"acts_visited":["Exordium","TheCity","TheBeyond"],"potions_floor_usage":[33,33,33,33,33],"damage_taken":[{"damage":5.0,"enemies":"Cultist","floor":1.0,"turns":4.0},{"damage":3.0,"enemies":"Small Slimes","floor":2.0,"turns":4.0},{"damage":7.0,"enemies":"2 Louse","floor":5.0,"turns":3.0},{"damage":0.0,"enemies":"Looter","floor":7.0,"turns":4.0},{"damage":15.0,"enemies":"Gremlin Gang","floor":11.0,"turns":4.0},{"damage":2.0,"enemies":"Exordium Wildlife","floor":14.0,"turns":2.0},{"damage":61.0,"enemies":"The Guardian","floor":16.0,"turns":16.0},{"damage":9.0,"enemies":"3 Byrds","floor":18.0,"turns":4.0},{"damage":3.0,"enemies":"Chosen","floor":19.0,"turns":3.0},{"damage":22,"enemies":"Snake Plant","floor":20,"turns":5},{"damage":13,"enemies":"3 Cultists","floor":22,"turns":5},{"damage":7,"enemies":"Snecko","floor":24,"turns":4},{"damage":12,"enemies":"Cultist and Chosen","floor":30,"turns":4},{"damage":6,"enemies":"Snake Plant","floor":31,"turns":2},{"damage":40,"enemies":"Automaton","floor":33,"turns":6},{"damage":3,"enemies":"Orb Walker","floor":35,"turns":5},{"damage":28,"enemies":"3 Darklings","floor":36,"turns":3},{"damage":43,"enemies":"Writhing Mass","floor":39,"turns":4},{"damage":24,"enemies":"Spire Growth","floor":41,"turns":4},{"damage":37,"enemies":"Jaw Worm Horde","floor":45,"turns":5},{"damage":56,"enemies":"Writhing Mass","floor":46,"turns":4}],"seed_played":"-4086497079493720990","potions_obtained":[{"floor":1.0,"key":"Swift Potion"},{"floor":2.0,"key":"Ancient Potion"},{"floor":7.0,"key":"ElixirPotion"},{"floor":19,"key":"EntropicBrew"},{"floor":30,"key":"ColorlessPotion"},{"floor":41,"key":"PowerPotion"},{"floor":45,"key":"CultistPotion"}],"is_trial":false,"path_per_floor":["M","M","?","$","M","R","M","R","T","$","M","?","R","M","R","B",null,"M","M","M","?","M","R","M","R","T","?","$","?","M","M","R","B",null,"M","M","$","?","M","R","M","?","T","R","M","M"],"character_chosen":"IRONCLAD","items_purchased":["Evolve","Inflame","Impervious","Disarm","Regal Pillow","Strength Potion","ColorlessPotion"],"campfire_rested":3,"item_purchase_floors":[4,4,28,28,37,37,37],"current_hp_per_floor":[72,72,72,72,71,71,72,72,72,72,63,72,72,72,72,17,72,69,72,56,56,49,49,48,48,48,48,48,48,42,42,63,29,72,72,50,50,50,13,49,31,31,31,67,36,0,0],"gold":63,"neow_bonus":"THREE_RARE_CARDS","is_daily":false,"chose_seed":false,"campfire_upgraded":6,"win_rate":0.0,"timestamp":1610035354,"path_taken":["M","?","?","?","M","R","M","R","T","$","M","?","R","M","R","BOSS","M","M","?","?","M","R","M","R","T","?","$","?","?","M","R","BOSS","M","M","$","?","?","R","M","?","T","R","M","?"],"items_purchased_type":["Card","Card","Card","Card","Relic","Potion","Potion"],"build_version":"2020-12-22","purchased_purges":1,"victory":false,"max_hp_per_floor":[72,72,72,72,72,72,72,72,72,72,72,72,72,72,72,72,72,72,72,72,72,72,72,72,72,72,72,72,72,72,72,72,72,72,72,72,72,72,72,72,72,72,72,72,72,72,72],"card_choices":[{"not_picked":["Barricade","Limit Break"],"picked":"Double Tap","floor":0.0},{"not_picked":["Twin Strike","Intimidate"],"picked":"Ghostly Armor","floor":1.0},{"not_picked":["Twin Strike","Flame Barrier"],"picked":"Combust","floor":2.0},{"not_picked":["Sword Boomerang","Body Slam"],"picked":"Headbutt","floor":5.0},{"not_picked":["Disarm","Clothesline"],"picked":"Shockwave","floor":7.0},{"not_picked":["Thunderclap","Cleave"],"picked":"Rampage","floor":11.0},{"not_picked":["Perfected Strike","Combust"],"picked":"Barricade","floor":14.0},{"not_picked":["Brutality","Impervious"],"picked":"Fiend Fire","floor":16.0},{"not_picked":["Second Wind","Entrench","Twin Strike"],"picked":"SKIP","floor":18.0},{"not_picked":["Wild Strike+1","Warcry","Clash"],"picked":"SKIP","floor":19},{"not_picked":["Anger","Warcry"],"picked":"Cleave","floor":20},{"not_picked":["Rupture","Clash","Perfected Strike"],"picked":"SKIP","floor":22},{"not_picked":["Body Slam","Clash","Infernal Blade"],"picked":"SKIP","floor":24},{"not_picked":["True Grit","Clash"],"picked":"Whirlwind+1","floor":30},{"not_picked":["Whirlwind","Dropkick+1","Cleave"],"picked":"SKIP","floor":31},{"not_picked":["Limit Break","Demon Form"],"picked":"Exhume","floor":33},{"not_picked":["Sword Boomerang","Cleave","Havoc+1"],"picked":"SKIP","floor":35},{"not_picked":["Pummel+1","True Grit","Sword Boomerang+1"],"picked":"SKIP","floor":36},{"not_picked":["Infernal Blade","Heavy Blade","Perfected Strike+1"],"picked":"SKIP","floor":39},{"not_picked":["Havoc+1","Headbutt","Anger+1"],"picked":"SKIP","floor":41},{"not_picked":["Body Slam+1","Dual Wield+1"],"picked":"Pommel Strike+1","floor":45}],"player_experience":307927,"relics_obtained":[{"floor":9.0,"key":"Pen Nib"},{"floor":26,"key":"Oddly Smooth Stone"},{"floor":43,"key":"White Beast Statue"}],"event_choices":[{"damage_healed":0.0,"max_hp_gain":0.0,"max_hp_loss":0.0,"gold_gain":0.0,"event_name":"WeMeetAgain","player_choice":"Gave Potion","floor":3.0,"gold_loss":0.0,"damage_taken":0.0,"relics_obtained":["The Courier"]},{"cards_removed":["Inflame"],"damage_healed":9.0,"max_hp_gain":0.0,"max_hp_loss":0.0,"gold_gain":0.0,"event_name":"Bonfire Elementals","player_choice":"Offered Uncommon","floor":12.0,"gold_loss":0.0,"damage_taken":0.0},{"damage_healed":0,"gold_gain":0,"player_choice":"Read","damage_taken":0,"max_hp_gain":0,"max_hp_loss":0,"event_name":"The Library","floor":21,"gold_loss":0,"cards_obtained":["Offering"]},{"damage_healed":0,"gold_gain":0,"player_choice":"Ignored","damage_taken":0,"max_hp_gain":0,"max_hp_loss":0,"event_name":"Ghosts","floor":27,"gold_loss":0},{"damage_healed":0,"gold_gain":0,"player_choice":"1 cards matched","damage_taken":0,"max_hp_gain":0,"max_hp_loss":0,"event_name":"Match and Keep!","floor":29,"gold_loss":0,"cards_obtained":["Juggernaut"]},{"damage_healed":0,"gold_gain":0,"player_choice":"Ignored","damage_taken":0,"max_hp_gain":0,"max_hp_loss":0,"event_name":"NoteForYourself","floor":38,"gold_loss":0},{"cards_removed":["Strike_R"],"damage_healed":0,"gold_gain":0,"player_choice":"Purged","damage_taken":0,"max_hp_gain":0,"max_hp_loss":0,"event_name":"Purifier","floor":42,"gold_loss":0}],"is_beta":false,"boss_relics":[{"not_picked":["Runic Cube","Runic Pyramid"],"picked":"Philosopher\u0027s Stone"},{"not_picked":["Runic Dome","Coffee Dripper"],"picked":"Mark of Pain"}],"items_purged_floors":[28],"is_endless":false,"potions_floor_spawned":[1,2,7,19,30,41,45],"killed_by":"Writhing Mass","ascension_level":0}}