{"host":"w5vfr18i2ft1pzo2","time":1610040537,"event":{"mods":["Act Like it!","Aspiration","BaseMod","Better Third Choice","BetterRewards","Colored Map","Colored Powertips","Conspire","Curses Come First","DNKmod","Defuse TimeMaze Blight","Dota2Spire","Elementarium","Energized Spire","Evolution","Force Act Four","Friendly Minions","Gensokyo","GifTheSpireLib","Gold Saver","GungeonMod","Halation","Hallownest","Hubris","Hyrulean Relics","Infinite Spire","Jedi Mod","Marisa????????","Minty Spire (QoL Compilation)","MostiFishMod","Prisma Mod","Remilia??????","Replay The Spire","SacredBarkPlus","Small Relic Pack","Spicy Shops","Spikes Relics","StSLib","Stuff the Spire","SuperFastMode","Synergy Search","The Blue Laboratory","The Servant 0.9.4","Trackpad","Treasure Hunter","Uncapped","Wandering Minibosses","Yakumo Yukari mod","noobMod","vexMod","??????REMEMod"],"gold_per_floor":[914,928,928,928,951,951,987,987,987,1021,765,790,817,833,833,928,928,941,941,941,941,816,852,852,865,941,941,941,550,570,609,609,708,708,729,745,770,770,795,830,830,830,905,919,952,604,604,617,617,618,618,618,618,656,657],"floor_reached":56,"playtime":2630,"items_purged":["Defend_P","Parasite","Writhe","Strike_P"],"score":3287,"play_id":"9b261f48-4088-492a-ad62-9742cfc91995","local_time":"20210108012857","is_ascension_mode":true,"campfire_choices":[{"floor":6,"key":"RECALL"},{"data":"Eruption","floor":8,"key":"SMITH"},{"floor":15,"key":"DIG"},{"data":"Blasphemy","floor":24,"key":"SMITH"},{"data":"Defend_P","floor":32,"key":"PURGE"},{"data":"MostiFishMod:KingOfFree","floor":42,"key":"SMITH"},{"floor":49,"key":"DIG"},{"data":"MostiFishMod:ScryFuture","floor":52,"key":"SMITH"}],"circlet_count":0,"master_deck":["AscendersBane","Strike_P","Defend_P","Eruption+1","Vigilance","Flash of Steel","Adaptation","FlyingSleeves","Devotion","Replay:BasicMightCard","PathToVictory","TreasureHunter","Consecrate","WheelKick+1","LikeWater","TH:TreasureMap+1","MostiFishMod:LegendTransform","TH:DeckOfManyThings","TH:CursedSword","CutThroughFate","TH:CursedSword","MostiFishMod:PathToVictory","TH:BikiniMail","Blasphemy+1","MostiFishMod:Nomercy","TH:BikiniMail","LikeWater","Nirvana","TH:BikiniMail","MostiFishMod:LegendTransform","REME_CRH+1","ForeignInfluence+1","TH:BikiniMail","MostiFishMod:ScryFuture+1","TH:CursedSword","MostiFishMod:DisColor+1","InnerPeace+1","FollowUp+1","Tantrum+1","MostiFishMod:KingOfFree+1","ReplayTheSpireMod:Private Reserves+1","Midas Touch+1","Burning Pact+1","TH:DeckOfManyThings","TH:BikiniMail","Shrug It Off+1","infinitespire:Collect+1","TH:DeckOfManyThings","ReplayTheSpireMod:Limb From Limb+1","jedi:bloodyhammer+1","TH:DeckOfManyThings","REME_Repentance+1"],"relics":["Replay:M_StaffOfTheSnake","EVO:Axolotl","ice","REME_ComplimentaryCards","Boot","Sandwich","TungstenRod","Dota2Spire:ShadowBlade","SynthV:TestCard","wanderingMiniBosses:Inkheart","Golden Idol","infinitespire:Cubic Diamond","jedi:shrinkray","Dota2Spire:Vanguard","Blue Doll","vexMod:ScavengeHelm","Bag of Marbles","jedi:crownofsimplicity","infinitespire:CheckeredPen","infinitespire:CursedDice","Honey Jar","halation:PinkSoulGem","conspire:Dentures","Toxic Egg 2","Anchor","infinitespire:Bottled Soul","Letter Opener","Smiling Mask","aspiration:IroncladSkillbook","Akabeko","halation:PapillonHeart","Frozen Egg 2","hubris:SlimyHat","Sling","Bag of Preparation","StuffTheSpire:GreaterSneckoEye","halation:Pancakes"],"acts_visited":["Exordium","TheCity","TheBeyond","TheEnding"],"potions_floor_usage":[2,2,2,2,2,2,2,2,2,2,31,33],"damage_taken":[{"damage":0,"enemies":"Jaw Worm","floor":1,"turns":1},{"damage":0,"enemies":"conspire:RoseBush","floor":2,"turns":4},{"damage":0,"enemies":"2 Louse","floor":5,"turns":1},{"damage":0,"enemies":"3 Sentries","floor":7,"turns":2},{"damage":0,"enemies":"Gremlin Nob","floor":10,"turns":1},{"damage":0,"enemies":"Blue Slaver","floor":12,"turns":1},{"damage":0,"enemies":"Exordium Wildlife","floor":14,"turns":1},{"damage":0,"enemies":"Fading Forest","floor":16,"turns":7},{"damage":0,"enemies":"Spheric Guardian","floor":18,"turns":1},{"damage":0,"enemies":"conspire:SneckoGhost","floor":23,"turns":2},{"damage":0,"enemies":"conspire:FuzzyDice","floor":25,"turns":2},{"damage":0,"enemies":"Snecko","floor":30,"turns":1},{"damage":0,"enemies":"Nightmare","floor":31,"turns":1},{"damage":8,"enemies":"hubris:MusketHawk","floor":33,"turns":4},{"damage":5,"enemies":"3 Shapes","floor":35,"turns":2},{"damage":0,"enemies":"3 Darklings","floor":36,"turns":1},{"damage":0,"enemies":"Sphere and 2 Shapes","floor":37,"turns":2},{"damage":0,"enemies":"4 Shapes","floor":39,"turns":1},{"damage":0,"enemies":"R_Hoarder","floor":40,"turns":2},{"damage":0,"enemies":"Writhing Mass","floor":44,"turns":1},{"damage":39,"enemies":"Nightmare_Alpha","floor":45,"turns":6},{"damage":0,"enemies":"3 Darklings","floor":48,"turns":1},{"damage":7,"enemies":"Time Eater","floor":50,"turns":5},{"damage":0,"enemies":"Shield and Spear","floor":54,"turns":1},{"damage":48,"enemies":"The Heart","floor":55,"turns":4}],"seed_played":"-8390149121758613710","potions_obtained":[{"floor":14,"key":"blueLaboratory:RememoryPotion"},{"floor":18,"key":"SteroidPotion"},{"floor":35,"key":"DistilledChaos"},{"floor":40,"key":"AttackPotion"},{"floor":45,"key":"Weak Potion"},{"floor":48,"key":"Fire Potion"},{"floor":54,"key":"Dota2Spire:HealingSalve"}],"is_trial":false,"path_per_floor":["M","M","?","?","M","R","E","R","T","E","$","M","T","M","R_BF","B",null,"M","?","?","?","$","E","R","M","T","$","?","$","M","NM","R_BF","B",null,"M","M","M","?","M","E","?","R","T","M","NM","$","?","M","R_BF","B",null,"R","$","E","B",null],"character_chosen":"WATCHER","items_purchased":["Flash of Steel","Adaptation","Bag of Marbles","REME_CRH+1","Letter Opener","Sling","Bag of Preparation"],"campfire_rested":0,"item_purchase_floors":[0,0,11,29,29,46,46],"current_hp_per_floor":[54,59,35,35,35,35,35,35,35,35,35,35,35,35,35,43,63,63,63,63,63,63,63,63,63,63,63,63,63,63,63,63,66,70,69,73,73,64,69,73,71,71,71,71,36,36,7,11,73,101,101,101,101,101,235],"gold":657,"neow_bonus":"","is_daily":false,"chose_seed":false,"campfire_upgraded":4,"win_rate":0.0,"timestamp":1610040537,"path_taken":["M","M","?","?","M","R","E","R","T","E","?","?","?","M","R_BF","BOSS","M","?","?","?","$","E","R","?","T","?","?","$","M","NM","R_BF","BOSS","M","?","?","?","M","E","?","R","T","M","NM","$","?","M","R_BF","BOSS","R","$","E","BOSS"],"items_purchased_type":["Card","Card","Relic","Card","Relic","Relic","Relic"],"build_version":"2020-12-22","purchased_purges":4,"victory":true,"max_hp_per_floor":[68,73,73,73,73,73,73,73,73,73,70,70,70,70,70,70,70,70,70,70,70,70,70,70,70,70,70,70,70,70,70,70,71,71,73,73,73,73,75,75,71,71,71,71,94,94,94,94,94,101,101,101,101,101,339],"card_choices":[{"not_picked":["Replay:ManipulateFuture","Replay:Anticipation"],"picked":"Consecrate","floor":1},{"not_picked":["PathToVictory","Pray","CarveReality","FlurryOfBlows"],"picked":"WheelKick","floor":2},{"not_picked":["Swivel","Halt","Protect","EmptyBody"],"picked":"LikeWater","floor":5},{"not_picked":["TH:BikiniMail","TH:ArmorSpikes","TH:CopperCoins"],"picked":"TH:TreasureMap","floor":7},{"not_picked":["WaveOfTheHand","FlyingSleeves","DeceiveReality","Replay:Anticipation"],"picked":"MostiFishMod:LegendTransform","floor":7},{"not_picked":["TH:PixieDust","TH:BikiniMail","TH:TreasureMap"],"picked":"TH:DeckOfManyThings","floor":9},{"not_picked":["TH:ElvenBoots","TH:CopperCoins","TH:PixieDust"],"picked":"TH:CursedSword","floor":10},{"not_picked":["MostiFishMod:Clarity","EmptyFist","MostiFishMod:Unraveling","WheelKick"],"picked":"CutThroughFate","floor":10},{"not_picked":["MostiFishMod:LegendTransform","Replay:BluntJabs","Dagger Throw","ClearTheMind","EmptyFist"],"picked":"SKIP","floor":12},{"not_picked":["TH:ArmorSpikes","TH:Mimic","TH:EnergyPotion"],"picked":"TH:CursedSword","floor":13},{"not_picked":["ThirdEye","ReachHeaven","Halt","Worship"],"picked":"MostiFishMod:PathToVictory","floor":14},{"not_picked":["TH:Mimic","TH:ElvenBoots","TH:TreasureMap"],"picked":"TH:BikiniMail","floor":16},{"not_picked":["MostiFishMod:OutWit","Wraith Form v2","MostiFishMod:Disappear","MasterReality"],"picked":"Blasphemy","floor":16},{"not_picked":["Halt","JustLucky","ClearTheMind+1","SashWhip","Replay:ManipulateFuture+1"],"picked":"MostiFishMod:Nomercy","floor":18},{"not_picked":["TH:ArmorSpikes","TH:Mimic","TH:PixieDust","TH:EnergyPotion"],"picked":"TH:BikiniMail","floor":23},{"not_picked":["PathToVictory+1","Consecrate","Wallop","REME_Repentance+1","ClearTheMind+1"],"picked":"LikeWater","floor":23},{"not_picked":["Collect+1","PathToVictory+1","Wallop","CrushJoints","Halt+1"],"picked":"Nirvana","floor":25},{"not_picked":["TH:ElvenBoots","TH:Mimic","TH:PixieDust","TH:CopperCoins"],"picked":"TH:BikiniMail","floor":26},{"not_picked":["Indignation+1","Adaptation","Replay:BluntJabs","InnerPeace+1","Protect+1"],"picked":"ForeignInfluence+1","floor":30},{"not_picked":["TH:PixieDust","TH:CursedSword","TH:ArmorSpikes","TH:EnergyPotion"],"picked":"TH:BikiniMail","floor":31},{"not_picked":["REME_EmptyShield+1","Replay:AtTheReady+1","SandsOfTime","Replay:BluntJabs","ClearTheMind+1"],"picked":"MostiFishMod:ScryFuture","floor":31},{"not_picked":["TH:ElvenBoots","TH:EnergyPotion","TH:PixieDust","TH:BikiniMail"],"picked":"TH:CursedSword","floor":33},{"not_picked":["MasterReality","MostiFishMod:Unraveling+1","Replay:LoomingThreat","MostiFishMod:KamiSmash","MostiFishMod:Dust"],"picked":"MostiFishMod:DisColor+1","floor":33},{"not_picked":["REME_SingleHolding+1","Consecrate","CutThroughFate","ThirdEye+1","Replay:AtTheReady+1","Havoc+1"],"picked":"InnerPeace+1","floor":35},{"not_picked":["JustLucky","Wild Strike","MostiFishMod:Clarity+1","jedi:controlledanger+1","Run Through","Headbutt"],"picked":"FollowUp+1","floor":36},{"not_picked":["hubris:SharpeningStone+1","Pray+1","Exhume+1","Twin Strike","Adaptation+1","Hemokinesis"],"picked":"Tantrum+1","floor":37},{"not_picked":["REME_TheoryOfElimination+1","ReplayTheSpireMod:Brewmster","REME_BodyOfCthun+1","Crow Ritual","Sharp Hide+1","Finesse+1"],"picked":"MostiFishMod:KingOfFree","floor":38},{"not_picked":["jedi:LeechingStrike","Forethought+1","Replay:Sssssssssshield+1","ReplayTheSpireMod:Uncanny Aura+1","StuffTheSpire:FreeRealEstate+1","Dramatic Entrance"],"picked":"ReplayTheSpireMod:Private Reserves+1","floor":38},{"not_picked":["jedi:forcepull+1","Mind Blast","REME_TheoryOfElimination+1","Crow Ritual","hubris:Ssssneak+1","MostiFishMod:SupremeArchaeology+1"],"picked":"Midas Touch+1","floor":38},{"not_picked":["Headbutt","Havoc+1","MostiFishMod:LegendTransform+1","Collect+1","Heavy Blade","BowlingBash"],"picked":"Burning Pact+1","floor":39},{"not_picked":["TH:TreasureMap","TH:CopperCoins","TH:ArmorSpikes","TH:EnergyPotion","TH:PixieDust"],"picked":"TH:DeckOfManyThings","floor":40},{"not_picked":["Sword Boomerang","CrushJoints","Meditate+1","Perfected Strike","Uppercut+1","SignatureMove","Fasting2"],"picked":"SKIP","floor":40},{"not_picked":["TH:EnergyPotion","TH:PixieDust","TH:ElvenBoots","TH:CopperCoins","TH:Mimic"],"picked":"TH:BikiniMail","floor":43},{"not_picked":["Cleave","Body Slam+1","Power Through+1","Wild Strike","BowlingBash","Clash"],"picked":"Shrug It Off+1","floor":44},{"not_picked":["infinitespire:Menacing","infinitespire:Starlight"],"picked":"infinitespire:Collect","floor":45},{"not_picked":["TH:EnergyPotion","TH:PixieDust","TH:Mimic","TH:CopperCoins","TH:ElvenBoots"],"picked":"TH:DeckOfManyThings","floor":45},{"not_picked":["Wild Strike+1","EmptyFist","REME_WorshipGod+1","hubris:ReadiedAction+1","LikeWater+1","MostiFishMod:ChineseTea+1"],"picked":"ReplayTheSpireMod:Limb From Limb+1","floor":45},{"not_picked":["hubris:CleavingFinish","REME_Repentance+1","Thunderclap","SashWhip","ReplayTheSpireMod:Stacked+1","Shrug It Off+1"],"picked":"jedi:bloodyhammer+1","floor":48},{"not_picked":["TH:Mimic","TH:ArmorSpikes","TH:ElvenBoots","TH:PixieDust","TH:BikiniMail"],"picked":"TH:DeckOfManyThings","floor":54},{"not_picked":["CrushJoints","Prostrate+1","Entrench+1","MostiFishMod:FlowState+1","ClearTheMind+1","Havoc+1"],"picked":"REME_Repentance+1","floor":54}],"player_experience":245518,"relics_obtained":[{"floor":1,"key":"SynthV:TestCard"},{"floor":2,"key":"wanderingMiniBosses:Inkheart"},{"floor":7,"key":"jedi:shrinkray"},{"floor":7,"key":"Dota2Spire:Vanguard"},{"floor":10,"key":"Blue Doll"},{"floor":10,"key":"vexMod:ScavengeHelm"},{"floor":13,"key":"jedi:crownofsimplicity"},{"floor":15,"key":"infinitespire:CheckeredPen"},{"floor":16,"key":"infinitespire:CursedDice"},{"floor":23,"key":"Toxic Egg 2"},{"floor":23,"key":"Anchor"},{"floor":26,"key":"infinitespire:Bottled Soul"},{"floor":31,"key":"Smiling Mask"},{"floor":40,"key":"Akabeko"},{"floor":43,"key":"Frozen Egg 2"},{"floor":45,"key":"hubris:SlimyHat"},{"floor":47,"key":"StuffTheSpire:GreaterSneckoEye"},{"floor":49,"key":"halation:Pancakes"}],"event_choices":[{"damage_healed":0,"gold_gain":0,"player_choice":"Take Damage","damage_taken":25,"relics_obtained":["Golden Idol"],"max_hp_gain":0,"max_hp_loss":0,"event_name":"Golden Idol","floor":3,"gold_loss":0},{"damage_healed":0,"gold_gain":0,"player_choice":"Opened","damage_taken":0,"relics_obtained":["conspire:Dentures"],"max_hp_gain":0,"max_hp_loss":0,"event_name":"The Mausoleum","floor":21,"gold_loss":0,"cards_obtained":["Writhe"]},{"damage_healed":0,"gold_gain":0,"cards_transformed":["Strike_P"],"player_choice":"Transformed","damage_taken":0,"max_hp_gain":0,"max_hp_loss":0,"event_name":"Transmorgrifier","floor":28,"gold_loss":0,"cards_obtained":["MostiFishMod:LegendTransform"]},{"damage_healed":0,"gold_gain":0,"player_choice":"Memory 3","damage_taken":10,"max_hp_gain":0,"max_hp_loss":0,"event_name":"SensoryStone","floor":38,"gold_loss":0}],"is_beta":false,"boss_relics":[{"not_picked":["aspiration:RandomNobGenerator","Calling Bell"],"picked":"Honey Jar"},{"not_picked":["RhineSuit","energizedSpire:HugeHouse"],"picked":"aspiration:IroncladSkillbook"}],"items_purged_floors":[0,11,22,46],"is_endless":false,"potions_floor_spawned":[1,14,18,35,40,45,48,54],"ascension_level":15}}