{"host":"agbyy69nq62afhwx","time":1610050848,"event":{"mods":["BaseMod","Colored Map","DeckTracker","Highlight Path","Keyboard Shortcuts","Minty Spire (QoL Compilation)","Quick Restart","StSLib","SuperFastMode","everything is the same but u backflip on backflip"],"gold_per_floor":[119,9,9,9,23,23,40,74,74,74,85,95,126,138,138,238,238,249,264,264,276,276,276,303,303,303,320,320,72,72,87,87,191,191,205,205,28,78,98,98,98,98,98,110,123,154,154,171,171,171],"floor_reached":51,"playtime":1670,"items_purged":["Strike_P","Strike_P"],"score":1004,"play_id":"2040caed-3fab-41bb-9146-e5e6f20c0ae8","local_time":"20210108052048","is_ascension_mode":true,"campfire_choices":[{"data":"Eruption","floor":6.0,"key":"SMITH"},{"data":"MentalFortress","floor":10.0,"key":"SMITH"},{"floor":15.0,"key":"REST"},{"floor":23.0,"key":"REST"},{"data":"MentalFortress","floor":25.0,"key":"SMITH"},{"data":"Adaptation","floor":28.0,"key":"SMITH"},{"data":"Ragnarok","floor":30.0,"key":"SMITH"},{"floor":32.0,"key":"REST"},{"data":"Adaptation","floor":40.0,"key":"SMITH"},{"floor":42.0,"key":"REST"},{"floor":47,"key":"REST"},{"data":"ForeignInfluence","floor":49,"key":"SMITH"}],"circlet_count":0,"master_deck":["Strike_P","Defend_P","Defend_P","Eruption+1","Vigilance","Scrawl","FlurryOfBlows","ClearTheMind","Fasting2","ForeignInfluence+1","MentalFortress+1","MentalFortress+1","EmptyMind","Ragnarok+1","Adaptation+1","FollowUp","RitualDagger","BattleHymn","FearNoEvil","Adaptation+1","TalkToTheHand+1"],"relics":["PureWater","Darkstone Periapt","Ancient Tea Set","Calipers","Runic Pyramid","Kunai","Lizard Tail","TeardropLocket","VioletLotus","Incense Burner","HornCleat","Nunchaku"],"acts_visited":["Exordium","TheCity","TheBeyond"],"potions_floor_usage":[45,50,50],"damage_taken":[{"damage":0.0,"enemies":"Cultist","floor":1.0,"turns":2.0},{"damage":6.0,"enemies":"2 Louse","floor":5.0,"turns":2.0},{"damage":0.0,"enemies":"Small Slimes","floor":7.0,"turns":2.0},{"damage":21.0,"enemies":"Lagavulin","floor":8.0,"turns":5.0},{"damage":0.0,"enemies":"3 Louse","floor":11.0,"turns":1.0},{"damage":6.0,"enemies":"Large Slime","floor":12.0,"turns":4.0},{"damage":12.0,"enemies":"3 Sentries","floor":13.0,"turns":9.0},{"damage":22.0,"enemies":"Red Slaver","floor":14.0,"turns":3.0},{"damage":28.0,"enemies":"Slime Boss","floor":16.0,"turns":8.0},{"damage":2.0,"enemies":"Shell Parasite","floor":18.0,"turns":4.0},{"damage":0.0,"enemies":"Spheric Guardian","floor":19.0,"turns":3.0},{"damage":24.0,"enemies":"Snake Plant","floor":21.0,"turns":4.0},{"damage":0.0,"enemies":"Slavers","floor":24.0,"turns":3.0},{"damage":16.0,"enemies":"Shelled Parasite and Fungi","floor":27.0,"turns":4.0},{"damage":21.0,"enemies":"3 Cultists","floor":31.0,"turns":4.0},{"damage":14.0,"enemies":"Collector","floor":33.0,"turns":6.0},{"damage":10.0,"enemies":"3 Darklings","floor":35.0,"turns":4.0},{"damage":3.0,"enemies":"Mind Bloom Boss Battle","floor":38.0,"turns":4.0},{"damage":25.0,"enemies":"3 Shapes","floor":39.0,"turns":4.0},{"damage":9.0,"enemies":"Sphere and 2 Shapes","floor":44.0,"turns":4.0},{"damage":9,"enemies":"4 Shapes","floor":45,"turns":5},{"damage":0,"enemies":"Giant Head","floor":46,"turns":7},{"damage":0,"enemies":"Maw","floor":48,"turns":5},{"damage":19,"enemies":"Donu and Deca","floor":50,"turns":7}],"seed_played":"4744254245157473840","potions_obtained":[{"floor":4.0,"key":"Fruit Juice"},{"floor":4.0,"key":"Ambrosia"},{"floor":4.0,"key":"AttackPotion"},{"floor":13.0,"key":"EssenceOfSteel"},{"floor":18.0,"key":"DistilledChaos"},{"floor":27.0,"key":"SpeedPotion"},{"floor":44.0,"key":"SpeedPotion"},{"floor":45,"key":"AttackPotion"}],"is_trial":false,"path_per_floor":["M","$","?","?","M","R","M","E","T","R","M","M","E","M","R","B",null,"M","M","?","M","?","R","E","R","T","M","R","$","R","M","R","B",null,"M","?","$","?","M","R","?","R","T","M","M","E","R","M","R","B",null],"character_chosen":"WATCHER","items_purchased":["Fasting2","TeardropLocket","Adaptation"],"campfire_rested":5,"item_purchase_floors":[2,29,37],"current_hp_per_floor":[65,65,70,70,64,64,64,43,43,43,43,37,30,8,30,2,57,55,55,49,25,25,47,47,47,47,31,31,31,31,10,32,18,61,51,51,51,48,23,23,23,45,45,36,27,27,49,49,49,30],"gold":171,"neow_bonus":"TRANSFORM_TWO_CARDS","is_daily":false,"chose_seed":false,"campfire_upgraded":7,"win_rate":0.0,"timestamp":1610050848,"path_taken":["M","$","?","?","M","R","M","E","T","R","?","M","E","M","R","BOSS","M","?","?","M","?","R","E","R","T","?","R","$","R","M","R","BOSS","M","?","$","?","M","R","?","R","T","M","M","E","R","M","R","BOSS"],"items_purchased_type":["Card","Relic","Card"],"build_version":"2020-12-22","purchased_purges":2,"victory":true,"max_hp_per_floor":[65,65,70,70,70,70,70,70,70,70,70,70,75,75,75,75,75,75,75,75,75,75,75,75,75,75,75,75,75,75,75,75,75,75,75,75,75,75,75,75,75,75,75,75,75,75,75,75,75,75],"card_choices":[{"not_picked":["CrushJoints","Wireheading"],"picked":"ClearTheMind","floor":1.0},{"not_picked":["Prostrate","EmptyBody","Sanctity"],"picked":"SKIP","floor":5.0},{"not_picked":["FlurryOfBlows","Consecrate"],"picked":"ForeignInfluence","floor":7.0},{"not_picked":["DeceiveReality","Study"],"picked":"MentalFortress","floor":8.0},{"not_picked":["ClearTheMind","Conclude"],"picked":"MentalFortress","floor":11.0},{"not_picked":["ClearTheMind","SpiritShield"],"picked":"EmptyMind","floor":12.0},{"not_picked":["EmptyFist","SashWhip","Study"],"picked":"SKIP","floor":13.0},{"not_picked":["Consecrate","WindmillStrike","Nirvana"],"picked":"SKIP","floor":14.0},{"not_picked":["Scrawl","Alpha"],"picked":"Ragnarok","floor":16.0},{"not_picked":["WheelKick","Collect"],"picked":"Adaptation","floor":18.0},{"not_picked":["Halt","ThirdEye+1"],"picked":"FollowUp","floor":19.0},{"not_picked":["WaveOfTheHand","Worship","Halt"],"picked":"SKIP","floor":21.0},{"not_picked":["EmptyMind+1","Evaluate"],"picked":"FearNoEvil","floor":24.0},{"not_picked":["Protect","ThirdEye+1","PathToVictory"],"picked":"SKIP","floor":27.0},{"not_picked":["EmptyBody","ReachHeaven","BattleHymn"],"picked":"SKIP","floor":31.0},{"not_picked":["Crescendo","CrushJoints","Halt"],"picked":"SKIP","floor":35.0},{"not_picked":["Wireheading","Evaluate"],"picked":"TalkToTheHand+1","floor":38.0},{"not_picked":["Prostrate+1","Establishment","Protect"],"picked":"SKIP","floor":39.0},{"not_picked":["FlyingSleeves+1","SashWhip+1","Consecrate+1"],"picked":"SKIP","floor":44.0},{"not_picked":["Wireheading","FollowUp","ClearTheMind+1"],"picked":"SKIP","floor":45},{"not_picked":["Study+1","FlurryOfBlows+1","WheelKick+1"],"picked":"SKIP","floor":46},{"not_picked":["Prostrate+1","Halt+1","Evaluate+1"],"picked":"SKIP","floor":48}],"player_experience":411103,"relics_obtained":[{"floor":8.0,"key":"Darkstone Periapt"},{"floor":9.0,"key":"Ancient Tea Set"},{"floor":13.0,"key":"Calipers"},{"floor":24.0,"key":"Kunai"},{"floor":26.0,"key":"Lizard Tail"},{"floor":38.0,"key":"Incense Burner"},{"floor":43.0,"key":"HornCleat"},{"floor":46,"key":"Nunchaku"}],"event_choices":[{"damage_healed":0.0,"max_hp_gain":5.0,"max_hp_loss":0.0,"gold_gain":0.0,"event_name":"Big Fish","player_choice":"Donut","floor":3.0,"gold_loss":0.0,"damage_taken":0.0},{"damage_healed":0.0,"max_hp_gain":0.0,"max_hp_loss":0.0,"gold_gain":0.0,"event_name":"Lab","player_choice":"Got Potions","floor":4.0,"gold_loss":0.0,"damage_taken":0.0},{"damage_healed":0.0,"max_hp_gain":0.0,"max_hp_loss":0.0,"gold_gain":0.0,"event_name":"Nest","player_choice":"Joined the Cult","floor":20.0,"gold_loss":0.0,"damage_taken":6.0,"cards_obtained":["RitualDagger"]},{"damage_healed":0.0,"max_hp_gain":0.0,"max_hp_loss":0.0,"gold_gain":0.0,"cards_transformed":["Defend_P"],"event_name":"Transmorgrifier","player_choice":"Transformed","floor":22.0,"gold_loss":0.0,"damage_taken":0.0,"cards_obtained":["BattleHymn"]},{"damage_healed":0.0,"max_hp_gain":0.0,"max_hp_loss":0.0,"gold_gain":0.0,"event_name":"Mysterious Sphere","player_choice":"Ignored","floor":36.0,"gold_loss":0.0,"damage_taken":0.0},{"damage_healed":0.0,"max_hp_gain":0.0,"max_hp_loss":0.0,"gold_gain":0.0,"event_name":"MindBloom","player_choice":"Fight","floor":38.0,"gold_loss":0.0,"damage_taken":0.0},{"damage_healed":0.0,"max_hp_gain":0.0,"max_hp_loss":0.0,"gold_gain":0.0,"event_name":"Match and Keep!","player_choice":"0 cards matched","floor":41.0,"gold_loss":0.0,"damage_taken":0.0,"cards_obtained":[]}],"is_beta":false,"boss_relics":[{"not_picked":["Ectoplasm","Cursed Key"],"picked":"Runic Pyramid"},{"not_picked":["Busted Crown","Velvet Choker"],"picked":"VioletLotus"}],"items_purged_floors":[2,37],"is_endless":false,"potions_floor_spawned":[8,12,13,14,18,21,27,33,44,45,48],"ascension_level":7}}