{"host":"ws4mzzemcqsz5e2k","time":1610027655,"event":{"mods":["ATMod(阿瑾Mod)","Act Like it!","BaseMod","Better Synergies","Colored Powertips","Minty Spire (QoL Compilation)","Quick Restart","StSLib","没有小屋子和绿帽子啦"],"gold_per_floor":[110,123,48,62,75,75,101,101,125,50,50,50,65,84,84,155,155,172,172,172,186,204,204,222,254,254,254,272,54,54,72,72,146,146,163,163,63,74,74,74],"floor_reached":39,"playtime":1807,"items_purged":["Strike_G","Pain","Survivor"],"score":956,"play_id":"2a6a7919-700a-464f-bf14-f2382b041bb1","local_time":"20210107215415","is_ascension_mode":true,"campfire_choices":[{"data":"AT_MachinaRedman","floor":6.0,"key":"SMITH"},{"data":"Acrobatics","floor":8.0,"key":"SMITH"},{"data":"Tactician","floor":11.0,"key":"SMITH"},{"data":"AT_ArcaneSupremacy","floor":15.0,"key":"SMITH"},{"floor":23.0,"key":"RECALL"},{"floor":27,"key":"REST"},{"data":"AT_KingSlayer","floor":30,"key":"SMITH"},{"data":"Neutralize","floor":32,"key":"SMITH"}],"circlet_count":0,"master_deck":["AscendersBane","Neutralize+1","AT_MachinaRedman+1","Tactician+1","Acrobatics+1","AT_ArcaneSupremacy+1","Ghostly","Ghostly","Ghostly","AT_KingSlayer+1","Expertise+1","AT_MyraUnstableElement"],"relics":["AT_ATBox","Philosopher\u0027s Stone","Oddly Smooth Stone","Happy Flower","WarpedTongs","Pandora\u0027s Box","Regal Pillow","The Courier","AT_ArchangelStaff","Runic Dome"],"acts_visited":["Exordium","TheCity","TheBeyond"],"potions_floor_usage":[25,25,31],"damage_taken":[{"damage":2.0,"enemies":"Cultist","floor":1.0,"turns":3.0},{"damage":0.0,"enemies":"2 Louse","floor":2.0,"turns":2.0},{"damage":0.0,"enemies":"Jaw Worm","floor":4.0,"turns":1.0},{"damage":15.0,"enemies":"Exordium Thugs","floor":5.0,"turns":5.0},{"damage":3.0,"enemies":"3 Sentries","floor":7.0,"turns":6.0},{"damage":14.0,"enemies":"Exordium Wildlife","floor":13.0,"turns":4.0},{"damage":0.0,"enemies":"Lots of Slimes","floor":14.0,"turns":1.0},{"damage":6.0,"enemies":"Slime Boss","floor":16.0,"turns":8.0},{"damage":5.0,"enemies":"Spheric Guardian","floor":18.0,"turns":3.0},{"damage":6.0,"enemies":"Chosen","floor":21.0,"turns":4.0},{"damage":3.0,"enemies":"3 Cultists","floor":22.0,"turns":4.0},{"damage":5.0,"enemies":"Shelled Parasite and Fungi","floor":24.0,"turns":4.0},{"damage":4,"enemies":"Slavers","floor":25,"turns":5},{"damage":2,"enemies":"Snecko","floor":28,"turns":4},{"damage":2,"enemies":"Cultist and Chosen","floor":31,"turns":5},{"damage":4,"enemies":"Automaton","floor":33,"turns":4},{"damage":3,"enemies":"3 Shapes","floor":35,"turns":2},{"damage":2,"enemies":"Orb Walker","floor":38,"turns":3},{"damage":34,"enemies":"Transient","floor":39,"turns":5}],"seed_played":"172354158703551049","potions_obtained":[{"floor":1.0,"key":"CunningPotion"},{"floor":4.0,"key":"CunningPotion"},{"floor":7.0,"key":"PowerPotion"},{"floor":28,"key":"Block Potion"},{"floor":31,"key":"SpeedPotion"},{"floor":33,"key":"LiquidBronze"}],"is_trial":false,"path_per_floor":["M","M","$","M","M","R","E","R","T","?","R","?","M","M","R","B",null,"M","?","T","M","M","R","M","E","T","R","M","$","R","M","R","B",null,"M","?","$","M","M"],"character_chosen":"THE_SILENT","items_purchased":["AT_ArchangelStaff"],"campfire_rested":1,"item_purchase_floors":[29],"current_hp_per_floor":[57,57,57,57,42,42,39,39,39,39,39,39,25,25,25,19,54,49,33,33,27,25,25,20,16,16,33,31,31,31,29,29,25,31,28,28,28,26,0,0],"gold":74,"neow_bonus":"BOSS_RELIC","is_daily":false,"chose_seed":false,"campfire_upgraded":6,"win_rate":0.0,"timestamp":1610027655,"path_taken":["M","?","$","?","M","R","E","R","T","?","R","?","M","M","R","BOSS","M","?","?","M","M","R","M","E","T","R","M","$","R","?","R","BOSS","M","?","$","M","?"],"items_purchased_type":["Relic"],"build_version":"2020-12-22","purchased_purges":3,"victory":false,"max_hp_per_floor":[66,66,66,66,66,66,66,66,66,66,66,66,66,66,66,66,66,66,33,33,33,33,33,33,33,33,33,33,33,33,33,33,33,33,33,33,33,33,33,33],"card_choices":[{"not_picked":["Cloak And Dagger","Dodge and Roll","Leg Sweep"],"picked":"SKIP","floor":1.0},{"not_picked":["Eviscerate","Quick Slash","AT_TinkerSharpsword"],"picked":"SKIP","floor":2.0},{"not_picked":["Blur","AT_ThistleTea"],"picked":"Tactician","floor":4.0},{"not_picked":["Prepared","Blade Dance","All Out Attack"],"picked":"SKIP","floor":5.0},{"not_picked":["Footwork","AT_FocusSwordFire"],"picked":"Acrobatics","floor":7.0},{"not_picked":["Catalyst","Finisher","Quick Slash"],"picked":"SKIP","floor":13.0},{"not_picked":["Slice","Infinite Blades"],"picked":"AT_ArcaneSupremacy","floor":14.0},{"not_picked":["Masterful Stab","Predator","AT_WindFlip"],"picked":"SKIP","floor":18.0},{"not_picked":["Slice","Backflip","Dagger Throw"],"picked":"SKIP","floor":21.0},{"not_picked":["Outmaneuver","Tactician","Underhanded Strike"],"picked":"SKIP","floor":22.0},{"not_picked":["Dagger Spray","Quick Slash","Heel Hook"],"picked":"SKIP","floor":24.0},{"not_picked":["AT_ShadowStep","Setup"],"picked":"AT_KingSlayer","floor":25},{"not_picked":["Prepared","Quick Slash"],"picked":"Expertise+1","floor":28},{"not_picked":["Dagger Throw","Bane","Cloak And Dagger"],"picked":"SKIP","floor":31},{"not_picked":["AT_WindFlip+1","Slice+1","Dagger Spray"],"picked":"SKIP","floor":35},{"not_picked":["Slice","AT_WomanClash","Poisoned Stab"],"picked":"SKIP","floor":38}],"player_experience":1448256,"relics_obtained":[{"floor":7.0,"key":"Oddly Smooth Stone"},{"floor":9.0,"key":"Happy Flower"},{"floor":25,"key":"Regal Pillow"},{"floor":26,"key":"The Courier"}],"event_choices":[{"cards_removed":["Strike_G"],"damage_healed":0.0,"max_hp_gain":0.0,"max_hp_loss":0.0,"gold_gain":0.0,"event_name":"The Cleric","player_choice":"Card Removal","floor":10.0,"gold_loss":75.0,"damage_taken":0.0},{"damage_healed":0.0,"max_hp_gain":0.0,"max_hp_loss":0.0,"gold_gain":0.0,"event_name":"Accursed Blacksmith","player_choice":"Rummage","floor":12.0,"gold_loss":0.0,"damage_taken":0.0,"relics_obtained":["WarpedTongs"],"cards_obtained":["Pain"]},{"damage_healed":0.0,"max_hp_gain":0.0,"max_hp_loss":33.0,"gold_gain":0.0,"event_name":"Ghosts","player_choice":"Became a Ghost","floor":19.0,"gold_loss":0.0,"damage_taken":0.0,"cards_obtained":["Ghostly","Ghostly","Ghostly"]},{"damage_healed":0,"gold_gain":0,"player_choice":"1 cards matched","damage_taken":0,"max_hp_gain":0,"max_hp_loss":0,"event_name":"Match and Keep!","floor":36,"gold_loss":0,"cards_obtained":["AT_MyraUnstableElement"]}],"is_beta":false,"boss_relics":[{"not_picked":["Runic Pyramid","Tiny House"],"picked":"Pandora\u0027s Box"},{"not_picked":["SlaversCollar","Cursed Key"],"picked":"Runic Dome"}],"items_purged_floors":[3,29,37],"is_endless":false,"potions_floor_spawned":[1,4,7,28,31,33],"killed_by":"Transient","ascension_level":20}}