{"host":"d42v9a78iaxjks5w","time":1610002136,"event":{"mods":["BaseMod","Downfall","Hermit","Minty Spire (QoL Compilation)","StSLib","The Cursed"],"gold_per_floor":[99,99,99,45,45,45,91,102,102,16,16,30,30,87,100,100,100,100],"floor_reached":16,"playtime":976,"items_purged":[],"score":86,"play_id":"56f31b60-27f9-42d8-87a9-c16f9c513003","local_time":"20210107004856","is_ascension_mode":false,"campfire_choices":[{"data":"Slimebound:Split","floor":1,"key":"SMITH"},{"data":"Slimebound:Gluttony","floor":13,"key":"SMITH"}],"circlet_count":0,"master_deck":["Slimebound:Strike_Slimebound","Slimebound:Strike_Slimebound","Slimebound:Strike_Slimebound","Slimebound:Tackle","Slimebound:Defend_Slimebound+1","Slimebound:Defend_Slimebound","Slimebound:Defend_Slimebound","Slimebound:Defend_Slimebound","Slimebound:Split+1","Slimebound:CorrosiveSpit+1","Slimebound:LeechingTouch","Slimebound:SplitAcid","Slimebound:PressTheAttack","Slimebound:Gluttony+1","Slimebound:Split","Slimebound:SplitLeeching","Slimebound:LeechEnergy","Slimebound:SpikyOuterGoop","Slimebound:LeechEnergy","Slimebound:LeechLife","Slimebound:RollThrough"],"relics":["Slimebound:AbsorbEndCombat","downfall:HeartsMalice","War Paint"],"acts_visited":["Exordium"],"potions_floor_usage":[12,15,16],"damage_taken":[{"damage":0,"enemies":"Small Slimes","floor":2,"turns":1},{"damage":0,"enemies":"downfall:FleeingMerchant","floor":4,"turns":1},{"damage":0,"enemies":"2 Louse","floor":5,"turns":1},{"damage":17,"enemies":"Cultist","floor":8,"turns":3},{"damage":15,"enemies":"downfall:FleeingMerchant","floor":10,"turns":4},{"damage":34,"enemies":"Large Slime","floor":12,"turns":5},{"damage":42,"enemies":"Gremlin Nob","floor":14,"turns":5},{"damage":12,"enemies":"2 Fungi Beasts","floor":15,"turns":3},{"damage":38,"enemies":"downfall:Silent","floor":16,"turns":4}],"seed_played":"1613332169894120135","potions_obtained":[{"floor":8,"key":"PowerPotion"},{"floor":12,"key":"LiquidMemories"},{"floor":15,"key":"Fruit Juice"}],"is_trial":false,"path_per_floor":["R","M","?","$","M","?","T","M","?","$","?","M","R","?","M","B"],"character_chosen":"SLIMEBOUND","items_purchased":["Slimebound:PressTheAttack","Slimebound:SpikyOuterGoop"],"campfire_rested":0,"item_purchase_floors":[4,10],"current_hp_per_floor":[60,60,60,60,60,60,60,58,63,65,65,49,49,19,30,0,0,0],"gold":100,"neow_bonus":"THREE_ENEMY_KILL","is_daily":false,"chose_seed":false,"campfire_upgraded":2,"win_rate":0.0,"timestamp":1610002136,"path_taken":["R","M","?","$","M","?","T","?","?","$","?","M","R","?","M","BOSS"],"items_purchased_type":["Card","Card"],"build_version":"2020-12-22","purchased_purges":0,"victory":false,"max_hp_per_floor":[60,60,60,60,60,60,60,60,65,65,65,65,65,65,70,70,70,70],"card_choices":[{"not_picked":["Slimebound:RollThrough","Slimebound:Grow"],"picked":"Slimebound:LeechingTouch","floor":2},{"not_picked":["Slimebound:AcidTongue","Slimebound:GoopTackle"],"picked":"Slimebound:SplitAcid","floor":4},{"not_picked":["Slimebound:RollThrough","Slimebound:ProtectTheBoss"],"picked":"Slimebound:Gluttony","floor":5},{"not_picked":["Slimebound:ProtectTheBoss","Slimebound:LeechingTouch"],"picked":"Slimebound:SplitLeeching","floor":8},{"not_picked":["Slimebound:SlimeSpikes","Slimebound:Schlurp"],"picked":"Slimebound:LeechEnergy","floor":10},{"not_picked":["Slimebound:ViciousTackle","Slimebound:Schlurp"],"picked":"Slimebound:LeechEnergy","floor":12},{"not_picked":["Slimebound:Nibble","Slimebound:SplitMire"],"picked":"Slimebound:LeechLife","floor":14},{"not_picked":["Slimebound:SamplingLick","Slimebound:Chomp"],"picked":"Slimebound:RollThrough","floor":15}],"player_experience":82682,"relics_obtained":[{"floor":14,"key":"War Paint"}],"event_choices":[{"damage_healed":0,"gold_gain":0,"player_choice":"Fled","damage_taken":0,"max_hp_gain":0,"max_hp_loss":0,"event_name":"Scrap Ooze","floor":3,"gold_loss":0},{"damage_healed":0,"gold_gain":0,"player_choice":"Donut","damage_taken":0,"max_hp_gain":5,"max_hp_loss":0,"event_name":"Big Fish","floor":9,"gold_loss":0}],"is_beta":false,"boss_relics":[],"items_purged_floors":[],"is_endless":false,"potions_floor_spawned":[8,12,15],"killed_by":"downfall:Silent","ascension_level":0}}