{"host":"htqwg582tjjtn9p7","time":1610036819,"event":{"mods":["2.2 Compatiblity","AchievementEnabler","Act Like it!","Aspiration","BaseMod","Better Third Choice","Colored Map","Conspire","Curses Come First","Displayed Cursed Tome","Energized Spire","Force Act Four","GifTheSpireLib","Hermit","Highlight Path","JesterMod","Mad Scientist","Minty Spire (QoL Compilation)","Pale of the Ancients","Permanent Neow","Random Character Button","Relic Stats","Replay The Spire","Robot Space Explorer","Somnambulant","Spicy Shops","Spikes Relics","StSLib","Stuff the Spire","The Blue Laboratory","The Disciple","The Dragon Tamer","The Forsaken","The Gatherer","The Judge","The Jungle","The Marked","The Runesmith","The Servant 0.9.4","Uncapped"],"gold_per_floor":[110,110,121,121,121,121,152,152,152,152,179,179,198,215,215,292,292,307,307,64,82,82,82,113,126,200,200,200,20,31,49,49,120,120,134,167,0,12,22,22,22,22,73,73,73,102,115,128,128,128,142,156,169,169,169,183,183,27,27,27],"floor_reached":61,"playtime":2902,"items_purged":["conspire:GhostlyStrike","conspire:GhostlyStrike"],"score":2216,"play_id":"169fe306-eda6-49bd-a3d1-63e26762b3ed","local_time":"20210107172659","is_ascension_mode":true,"campfire_choices":[{"floor":6,"key":"REST"},{"floor":8,"key":"REST"},{"data":"Dash","floor":10,"key":"SMITH"},{"data":"Calculated Gamble","floor":15,"key":"SMITH"},{"data":"Night Terror","floor":23,"key":"SMITH"},{"floor":27,"key":"REST"},{"data":"Neutralize","floor":32,"key":"SMITH"},{"data":"A Thousand Cuts","floor":40,"key":"SMITH"},{"data":"Deflect","floor":42,"key":"SMITH"},{"data":"ReplayTheSpireMod:The Works","floor":44,"key":"SMITH"},{"data":"Hidden Blade","floor":49,"key":"SMITH"},{"data":"Hidden Blade","floor":55,"key":"SMITH"},{"floor":57,"key":"RECALL"}],"circlet_count":0,"master_deck":["AscendersBane","conspire:GhostlyStrike+1","conspire:GhostlyStrike","conspire:GhostlyDefend","conspire:GhostlyDefend+1","conspire:GhostlyDefend","conspire:GhostlyDefend","conspire:GhostlyDefend+1","Survivor+1","Neutralize+1","Calculated Gamble+1","ReplayTheSpireMod:The Works+1","Underhanded Strike","Night Terror+1","Backflip+1","ReplayTheSpireMod:Necrogeddon","Prepared+1","Dash+1","StuffTheSpire:Injection+1","Well Laid Plans","Backflip+1","Backstab","A Thousand Cuts+1","Backflip+1","Deflect+1","StuffTheSpire:DoubleShiv+1","Backflip","Hidden Blade+1","Backflip","ReplayTheSpireMod:Scrap Shanks","Hidden Blade+1","PiercingWail","Footwork"],"relics":["Ring of the Snake","StuffTheSpire:OldFever","aspiration:HiddenCompartment","theForsaken:ScaryMask","The Specimen","Eternal Feather","aspiration:HatOfInfinitePower","Mango","Snecko Heart","StuffTheSpire:Mouthbags","Letter Opener","Black Star","War Paint","Red Mask","Bronze Scales","StuffTheSpire:CocoNut","Replay:Baseball","paleoftheancients:Timepiece","paleoftheancients:KeyRelic","Ice Cream","Gremlin Horn","paleoftheancients:SoulOfTheWokeBloke","paleoftheancients:BlurryLens"],"acts_visited":["Exordium","TheCity","TheBeyond","TheBeyond"],"potions_floor_usage":[7,16,33],"damage_taken":[{"damage":0,"enemies":"conspire:RoseBush","floor":1,"turns":5},{"damage":0,"enemies":"Small Slimes","floor":3,"turns":4},{"damage":13,"enemies":"conspire:MimicChest","floor":7,"turns":8},{"damage":0,"enemies":"Lagavulin","floor":11,"turns":11},{"damage":0,"enemies":"Cultist","floor":13,"turns":3},{"damage":0,"enemies":"Large Slime","floor":14,"turns":7},{"damage":43,"enemies":"The Guardian","floor":16,"turns":18},{"damage":3,"enemies":"conspire:FuzzyDice","floor":18,"turns":10},{"damage":0,"enemies":"Spheric Guardian","floor":21,"turns":4},{"damage":12,"enemies":"Replay:Snechameleon","floor":24,"turns":13},{"damage":4,"enemies":"Chosen and Byrds","floor":25,"turns":5},{"damage":0,"enemies":"Snecko","floor":30,"turns":5},{"damage":0,"enemies":"Centurion and Healer","floor":31,"turns":5},{"damage":21,"enemies":"conspire:MysteriousRune","floor":33,"turns":11},{"damage":0,"enemies":"3 Shapes","floor":35,"turns":3},{"damage":0,"enemies":"Orb Walker","floor":38,"turns":2},{"damage":14,"enemies":"4 Shapes","floor":39,"turns":3},{"damage":0,"enemies":"Giant Head","floor":46,"turns":5},{"damage":0,"enemies":"Sphere and 2 Shapes","floor":47,"turns":3},{"damage":6,"enemies":"Spire Growth","floor":48,"turns":3},{"damage":0,"enemies":"Awakened One","floor":50,"turns":7},{"damage":6,"enemies":"Awakened One","floor":51,"turns":4},{"damage":0,"enemies":"Awakened One","floor":52,"turns":3},{"damage":0,"enemies":"paleoftheancients:BASlime2","floor":53,"turns":1},{"damage":0,"enemies":"paleoftheancients:BASlime2","floor":56,"turns":2},{"damage":25,"enemies":"paleoftheancients:N","floor":60,"turns":6}],"seed_played":"-157999125589265195","potions_obtained":[{"floor":1,"key":"Fire Potion"},{"floor":3,"key":"SkillPotion"},{"floor":13,"key":"blueLaboratory:HorrorPotion"},{"floor":16,"key":"blueLaboratory:NullPotion"},{"floor":25,"key":"blueLaboratory:NullPotion"},{"floor":30,"key":"blueLaboratory:HorrorPotion"},{"floor":33,"key":"Poison Potion"},{"floor":45,"key":"DuplicationPotion"},{"floor":45,"key":"Languid Potion"}],"is_trial":false,"path_per_floor":["M","?","M","?","?","R","?","R","T","R","E","?","M","M","R","B",null,"M","?","$","M","?","R","E","M","T","R","?","$","M","M","R","B",null,"M","?","?","M","M","R","$","R","T","R","?","E","M","M","R","B","M","M","M","T","R","M","R","$","?","B",null],"character_chosen":"THE_SILENT","items_purchased":["ReplayTheSpireMod:Necrogeddon","Well Laid Plans","Footwork"],"campfire_rested":3,"item_purchase_floors":[20,29,58],"current_hp_per_floor":[59,28,28,28,8,27,14,33,33,42,42,56,56,56,65,22,66,63,40,40,40,40,49,37,33,33,70,70,70,70,70,82,61,79,79,51,51,51,37,52,52,67,67,82,82,89,89,83,92,92,89,91,92,92,92,92,92,92,92,80],"gold":27,"neow_bonus":"RANDOM_COMMON_RELIC","is_daily":false,"chose_seed":false,"campfire_upgraded":9,"win_rate":0.0,"timestamp":1610036819,"path_taken":["M","?","M","?","?","R","?","R","T","R","E","?","M","M","R","BOSS","M","?","$","M","?","R","E","?","T","R","?","?","M","M","R","BOSS","M","?","?","M","M","R","$","R","T","R","?","E","M","M","R","BOSS","M","M","?","T","R","M","R","$","?","BOSS"],"items_purchased_type":["Card","Card","Card"],"build_version":"2020-12-22","purchased_purges":2,"victory":true,"max_hp_per_floor":[66,66,66,66,66,66,66,66,66,66,66,80,80,80,80,80,80,80,85,85,85,85,85,85,85,85,85,85,85,85,85,85,85,85,85,85,85,85,85,85,85,85,85,85,85,92,92,92,92,92,92,92,92,92,92,92,92,92,92,92],"relic_stats":{"Gremlin Horn":[12,13],"counters":[26,151],"Bronze Scales":[87],"Eternal Feather":105,"Black Star":1,"Letter Opener":[712],"War Paint":["conspire:GhostlyDefend","Survivor"],"obtain_stats":[{"Ice Cream":50,"theForsaken:ScaryMask":2,"paleoftheancients:KeyRelic":50,"Snecko Heart":17,"The Specimen":7,"Gremlin Horn":50,"paleoftheancients:BlurryLens":53,"Eternal Feather":9,"Mango":12,"Letter Opener":26,"War Paint":36,"aspiration:HiddenCompartment":2,"paleoftheancients:Timepiece":50,"Replay:Baseball":46,"StuffTheSpire:Mouthbags":24,"paleoftheancients:SoulOfTheWokeBloke":51,"Bronze Scales":43,"StuffTheSpire:CocoNut":46,"Black Star":34,"Red Mask":37,"aspiration:HatOfInfinitePower":11,"StuffTheSpire:OldFever":0,"Ring of the Snake":0},{"Ice Cream":21,"theForsaken:ScaryMask":1,"paleoftheancients:KeyRelic":21,"Snecko Heart":7,"The Specimen":3,"Gremlin Horn":21,"paleoftheancients:BlurryLens":24,"Eternal Feather":3,"Mango":4,"Letter Opener":11,"War Paint":15,"aspiration:HiddenCompartment":1,"paleoftheancients:Timepiece":21,"Replay:Baseball":18,"StuffTheSpire:Mouthbags":10,"paleoftheancients:SoulOfTheWokeBloke":22,"Bronze Scales":17,"StuffTheSpire:CocoNut":18,"Black Star":14,"Red Mask":15,"aspiration:HatOfInfinitePower":4,"StuffTheSpire:OldFever":0,"Ring of the Snake":0},{"Ice Cream":135,"theForsaken:ScaryMask":5,"paleoftheancients:KeyRelic":135,"Snecko Heart":56,"The Specimen":17,"Gremlin Horn":135,"paleoftheancients:BlurryLens":143,"Eternal Feather":17,"Mango":28,"Letter Opener":88,"War Paint":112,"aspiration:HiddenCompartment":5,"paleoftheancients:Timepiece":135,"Replay:Baseball":122,"StuffTheSpire:Mouthbags":83,"paleoftheancients:SoulOfTheWokeBloke":139,"Bronze Scales":117,"StuffTheSpire:CocoNut":122,"Black Star":109,"Red Mask":112,"aspiration:HatOfInfinitePower":28,"StuffTheSpire:OldFever":0,"Ring of the Snake":0}],"Ring of the Snake":[52]},"card_choices":[{"not_picked":["Backflip","Pace"],"picked":"Dash","floor":1},{"not_picked":["Backflip","Outmaneuver"],"picked":"Calculated Gamble","floor":3},{"not_picked":["Flying Knee","StuffTheSpire:MirrorStance"],"picked":"ReplayTheSpireMod:The Works","floor":11},{"not_picked":["Underhanded Strike","Dodge and Roll","Flechettes"],"picked":"SKIP","floor":13},{"not_picked":["Quick Slash","StuffTheSpire:BumpUp"],"picked":"Underhanded Strike","floor":14},{"not_picked":["Wraith Form v2","Adrenaline"],"picked":"Night Terror","floor":16},{"not_picked":["ShadowRift","Crippling Poison"],"picked":"Backflip+1","floor":18},{"not_picked":["Concentrate","InfectiousVector+1"],"picked":"Prepared+1","floor":21},{"not_picked":["Eviscerate","Quick Slash"],"picked":"StuffTheSpire:Injection+1","floor":24},{"not_picked":["Prepared","Sucker Punch","Deadly Poison"],"picked":"SKIP","floor":25},{"not_picked":["All Out Attack+1","ReplayTheSpireMod:Exploit Weakness"],"picked":"Backflip+1","floor":30},{"not_picked":["Choke","Unload"],"picked":"Backstab","floor":31},{"not_picked":["Phantasmal Killer","Corpse Explosion"],"picked":"A Thousand Cuts","floor":33},{"not_picked":["Slice","Predator"],"picked":"Backflip+1","floor":35},{"not_picked":["Poisoned Stab","conspire:DoublingDagger"],"picked":"Deflect","floor":36},{"not_picked":["Skewer","Slice+1"],"picked":"StuffTheSpire:DoubleShiv+1","floor":36},{"not_picked":["Sucker Punch","StuffTheSpire:Incursion"],"picked":"Backflip","floor":38},{"not_picked":["ShadowRift","conspire:PoisonWeapons"],"picked":"Hidden Blade","floor":39},{"not_picked":["Flying Knee","Dagger Spray+1","ReplayTheSpireMod:Shiv Toss"],"picked":"SKIP","floor":46},{"not_picked":["Quick Slash+1","Cloak And Dagger","Outmaneuver"],"picked":"SKIP","floor":47},{"not_picked":["Bullet Time","Deadly Poison+1"],"picked":"Backflip","floor":48},{"not_picked":["Catalyst","Fluid Movement","Dodge and Roll"],"picked":"SKIP","floor":51},{"not_picked":["StuffTheSpire:Python+1","Blade Dance"],"picked":"ReplayTheSpireMod:Scrap Shanks","floor":52},{"not_picked":["Quick Slash","Underhanded Strike"],"picked":"Hidden Blade","floor":53},{"not_picked":["Dodge and Roll","Sucker Punch"],"picked":"PiercingWail","floor":56}],"player_experience":1893842,"relics_obtained":[{"floor":7,"key":"The Specimen"},{"floor":9,"key":"Eternal Feather"},{"floor":11,"key":"aspiration:HatOfInfinitePower"},{"floor":24,"key":"StuffTheSpire:Mouthbags"},{"floor":26,"key":"Letter Opener"},{"floor":36,"key":"War Paint"},{"floor":43,"key":"Bronze Scales"},{"floor":46,"key":"StuffTheSpire:CocoNut"},{"floor":46,"key":"Replay:Baseball"},{"floor":51,"key":"paleoftheancients:SoulOfTheWokeBloke"},{"floor":53,"key":"paleoftheancients:BlurryLens"}],"event_choices":[{"damage_healed":0,"gold_gain":1,"player_choice":"Relic Relic ","damage_taken":31,"max_hp_gain":0,"max_hp_loss":0,"event_name":"betterThird:BetterScrap","floor":2,"gold_loss":0,"cards_obtained":["conspire:ExplosiveBarrier"]},{"damage_healed":0,"gold_gain":0,"player_choice":"Agree","damage_taken":0,"max_hp_gain":0,"max_hp_loss":0,"event_name":"conspire:LoneGhost","floor":4,"gold_loss":0},{"damage_healed":28,"gold_gain":0,"player_choice":"Upgrade","damage_taken":20,"max_hp_gain":0,"max_hp_loss":66,"event_name":"betterThird:BetterShining","floor":5,"gold_loss":0,"cards_upgraded":["conspire:GhostlyDefend","conspire:GhostlyStrike"]},{"damage_healed":0,"gold_gain":0,"player_choice":"Gave Potion","damage_taken":0,"relics_obtained":["Mango"],"max_hp_gain":0,"max_hp_loss":0,"event_name":"WeMeetAgain","floor":12,"gold_loss":0},{"damage_healed":0,"gold_gain":0,"player_choice":"Shed Blood","damage_taken":28,"max_hp_gain":5,"max_hp_loss":0,"event_name":"Forgotten Altar","floor":19,"gold_loss":0},{"cards_removed":["conspire:GhostlyStrike"],"damage_healed":0,"gold_gain":0,"player_choice":"Card Removal","damage_taken":0,"max_hp_gain":0,"max_hp_loss":0,"event_name":"Wheel of Change","floor":22,"gold_loss":0},{"damage_healed":0,"gold_gain":0,"player_choice":"Paid","damage_taken":0,"relics_obtained":["Red Mask"],"max_hp_gain":0,"max_hp_loss":0,"event_name":"Tomb of Lord Red Mask","floor":37,"gold_loss":167},{"damage_healed":0,"gold_gain":0,"player_choice":"Got Potions","damage_taken":0,"max_hp_gain":0,"max_hp_loss":0,"event_name":"Lab","floor":45,"gold_loss":0}],"is_beta":false,"boss_relics":[{"not_picked":["energizedSpire:PogoStick","Replay:Ancient Bell"],"picked":"Snecko Heart"},{"not_picked":["conspire:RoyalGoblet","StuffTheSpire:ModemDavis"],"picked":"Black Star"}],"items_purged_floors":[20,29],"is_endless":false,"potions_floor_spawned":[1,3,13,16,25,30,33,47,48,51],"ascension_level":15}}