{"host":"kvdgttz6fg1t1san","time":1610043194,"event":{"mods":["Aspiration","BaseMod","Colored Map","Downfall","Halation","Hubris","Lobotomy","Minty Spire (QoL Compilation)","Replay The Spire","StSLib"],"gold_per_floor":[118,118,128,128,137,168,168,183,183,67,94,135,150,164,164,277,295,306,206,206,206,223,223,234,234,267,267,293,293,310,327,202,219,219,323,323,333,333,333,343,355,355,386,386,460,460,460,479,72,88,88,88],"floor_reached":53,"playtime":1295,"items_purged":["Strike_R","sneckomod:Bewildered","Armaments+1","Defend_R+1"],"score":1087,"play_id":"4079672e-93b3-42e4-bd6d-7cb8e983d9a7","local_time":"20210107131314","is_ascension_mode":true,"campfire_choices":[{"data":"Armaments","floor":7,"key":"SMITH"},{"data":"Whirlwind","floor":25,"key":"SMITH"},{"floor":29,"key":"REST"},{"floor":34,"key":"DIG"},{"floor":42,"key":"REST"},{"floor":44,"key":"REST"}],"circlet_count":0,"master_deck":["Strike_R+1","Whirlwind+1","Flex+1","Thunderclap","Offering+1","Feed","Berserk+1"],"relics":["Burning Blood","CeramicFish","Red Skull","Paper Frog","Iron Hammer","hubris:CrystalStatue","Replay:Grab Bag","Philosopher\u0027s Stone","Sozu","Kintsugi","Akabeko","Gremlin Food","StoneCalendar","Fusion Hammer","halation:PinkSoulGem","aspiration:ArtOfWarUpgrade","Mummified Hand","hubris:Towel","Sundial"],"acts_visited":["Exordium","TheCity","TheBeyond"],"potions_floor_usage":[26,35,35],"damage_taken":[{"damage":6,"enemies":"Cultist","floor":1,"turns":3},{"damage":12,"enemies":"Jaw Worm","floor":3,"turns":4},{"damage":31,"enemies":"Lagavulin","floor":6,"turns":5},{"damage":0,"enemies":"2 Louse","floor":8,"turns":2},{"damage":0,"enemies":"Red Slaver","floor":11,"turns":1},{"damage":19,"enemies":"Replay:BlueRogue","floor":12,"turns":4},{"damage":6,"enemies":"Lots of Slimes","floor":13,"turns":1},{"damage":0,"enemies":"Blue Slaver","floor":14,"turns":2},{"damage":12,"enemies":"The Guardian","floor":16,"turns":10},{"damage":6,"enemies":"Chosen","floor":18,"turns":3},{"damage":9,"enemies":"Spheric Guardian","floor":22,"turns":3},{"damage":6,"enemies":"Shelled Parasite and Fungi","floor":24,"turns":1},{"damage":13,"enemies":"Replay:Snechameleon","floor":26,"turns":2},{"damage":6,"enemies":"Snecko","floor":30,"turns":1},{"damage":16,"enemies":"Snake Plant","floor":31,"turns":3},{"damage":6,"enemies":"Cultist and Chosen","floor":33,"turns":1},{"damage":29,"enemies":"Pondfish","floor":35,"turns":6},{"damage":6,"enemies":"3 Darklings","floor":37,"turns":1},{"damage":16,"enemies":"3 Shapes","floor":40,"turns":1},{"damage":6,"enemies":"Transient","floor":41,"turns":5},{"damage":41,"enemies":"Giant Head","floor":43,"turns":5},{"damage":0,"enemies":"4 Shapes","floor":48,"turns":1},{"damage":6,"enemies":"Maw","floor":50,"turns":2},{"damage":66,"enemies":"Donu and Deca","floor":52,"turns":3}],"seed_played":"-3928982928258161339","potions_obtained":[{"floor":1,"key":"EssenceOfSteel"},{"floor":6,"key":"Fire Potion"},{"floor":13,"key":"sneckomod:MuddlingPotion"},{"floor":14,"key":"DuplicationPotion"},{"floor":16,"key":"SkillPotion"}],"is_trial":false,"path_per_floor":["M","?","M","?","?","E","R","M","T","$","M","E","M","M","R_BF","B",null,"M","$","PTL","PTL","M","?","M","R","E","?","T","R","M","M","$","M","R_BF","B",null,"M","?","?","M","M","R","E","R","T","R","?","M","$","M","R","B",null],"character_chosen":"IRONCLAD","items_purchased":["Flex","Sundial"],"campfire_rested":3,"item_purchase_floors":[10,49],"current_hp_per_floor":[80,80,74,58,58,33,33,39,39,39,45,32,32,38,62,56,80,84,84,84,84,81,81,81,81,74,74,74,84,84,78,78,78,78,59,92,92,92,92,82,82,92,57,84,84,84,84,90,90,90,90,30],"gold":88,"neow_bonus":"RANDOM_COMMON_RELIC","is_daily":false,"chose_seed":false,"campfire_upgraded":2,"win_rate":0.0,"timestamp":1610043194,"path_taken":["M","?","?","?","?","E","R","?","T","$","M","E","M","M","R_BF","BOSS","M","$","PTL","PTL","?","?","?","R","E","?","T","R","?","?","$","M","R_BF","BOSS","M","?","?","M","M","R","E","R","T","R","?","M","$","?","R","BOSS"],"items_purchased_type":["Card","Relic"],"build_version":"2020-12-22","purchased_purges":4,"victory":true,"max_hp_per_floor":[80,80,80,80,80,80,80,80,80,80,80,80,80,80,80,80,80,84,84,84,84,84,84,84,84,84,84,84,84,84,88,88,88,88,92,92,92,92,92,92,92,92,92,92,92,92,92,92,92,92,92,92],"card_choices":[{"not_picked":["Entrench","hubris:ReadiedAction"],"picked":"Whirlwind","floor":1},{"not_picked":["ReplayTheSpireMod:Stacked","Armaments","Clothesline"],"picked":"SKIP","floor":3},{"not_picked":["Rupture","hubris:ReadiedAction","Twin Strike"],"picked":"SKIP","floor":6},{"not_picked":["Run Through","Flame Barrier","Armaments"],"picked":"SKIP","floor":8},{"not_picked":["Ghostly Armor","Evolve"],"picked":"Thunderclap","floor":11},{"not_picked":["Clothesline","Fire Breathing"],"picked":"Offering","floor":12},{"not_picked":["Anger","Headbutt","hubris:CleavingFinish"],"picked":"SKIP","floor":13},{"not_picked":["Thunderclap","Intimidate","Dropkick"],"picked":"SKIP","floor":14},{"not_picked":["Limit Break","Barricade"],"picked":"Feed","floor":16},{"not_picked":["Wild Strike","Cleave","Clash"],"picked":"SKIP","floor":18},{"not_picked":["hubris:ReadiedAction","Headbutt","Clash"],"picked":"SKIP","floor":22},{"not_picked":["Carnage","Defy Death","Thunderclap"],"picked":"SKIP","floor":24},{"not_picked":["ReplayTheSpireMod:Stacked","hubris:ReadiedAction","Bloodletting"],"picked":"SKIP","floor":26},{"not_picked":["Abandon","ReplayTheSpireMod:Strike From Hell+1","Run Through"],"picked":"SKIP","floor":30},{"not_picked":["Clash","True Grit","Sword Boomerang+1"],"picked":"SKIP","floor":31},{"not_picked":["Searing Blow","Body Slam","Clothesline+1"],"picked":"SKIP","floor":33},{"not_picked":["Exhume","Fiend Fire"],"picked":"Berserk","floor":35},{"not_picked":["Anger+1","Abandon","Massacre+1"],"picked":"SKIP","floor":37},{"not_picked":["Reckless Charge","Dual Wield+1","Replay:Undeath\u0027s Touch"],"picked":"SKIP","floor":40},{"not_picked":["Uppercut+1","ReplayTheSpireMod:Strike From Hell+1","Armaments+1"],"picked":"SKIP","floor":41},{"not_picked":["Flex+1","True Grit+1","Defy Death+1"],"picked":"SKIP","floor":43},{"not_picked":["Shockwave+1","Replay:Undeath\u0027s Touch+1","Perfected Strike+1"],"picked":"SKIP","floor":48},{"not_picked":["hubris:ReadiedAction","Clash+1","Uppercut"],"picked":"SKIP","floor":50}],"player_experience":141550,"relics_obtained":[{"floor":6,"key":"Paper Frog"},{"floor":9,"key":"Iron Hammer"},{"floor":12,"key":"hubris:CrystalStatue"},{"floor":26,"key":"Akabeko"},{"floor":28,"key":"Gremlin Food"},{"floor":34,"key":"StoneCalendar"},{"floor":43,"key":"Art of War"},{"floor":45,"key":"Mummified Hand"}],"event_choices":[{"damage_healed":0,"gold_gain":0,"player_choice":"Gave Potion","damage_taken":0,"relics_obtained":["Red Skull"],"max_hp_gain":0,"max_hp_loss":0,"event_name":"WeMeetAgain","floor":2,"gold_loss":0},{"damage_healed":0,"gold_gain":0,"player_choice":"Entered Light","damage_taken":16,"max_hp_gain":0,"max_hp_loss":0,"event_name":"Shining Light","floor":4,"gold_loss":0,"cards_upgraded":["Strike_R","Strike_R"]},{"damage_healed":0,"gold_gain":0,"cards_transformed":["Strike_R"],"player_choice":"Transformed","damage_taken":0,"max_hp_gain":0,"max_hp_loss":0,"event_name":"Transmorgrifier","floor":5,"gold_loss":0,"cards_obtained":["Armaments"]},{"damage_healed":0,"gold_gain":0,"player_choice":"Ignored","damage_taken":0,"max_hp_gain":0,"max_hp_loss":0,"event_name":"N\u0027loth","floor":23,"gold_loss":0},{"cards_removed":["Languid"],"damage_healed":0,"gold_gain":0,"player_choice":"Removed Curses","damage_taken":0,"max_hp_gain":0,"max_hp_loss":0,"event_name":"Fountain of Cleansing","floor":27,"gold_loss":0},{"cards_removed":["Strike_R"],"damage_healed":0,"gold_gain":0,"player_choice":"Removed Attack","damage_taken":0,"max_hp_gain":0,"max_hp_loss":0,"event_name":"Falling","floor":38,"gold_loss":0}],"is_beta":false,"boss_relics":[{"not_picked":["hubris:Stopwatch","Ooze Armor"],"picked":"Replay:Grab Bag"},{"not_picked":["Replay:Wanted Poster","Abe\u0027s Treasure"],"picked":"Philosopher\u0027s Stone"},{"not_picked":["Cursed Key","halation:ForbiddenBikini"],"picked":"Sozu"},{"not_picked":["halation:MonkeysPaw","halation:PlatinumPhoenix"],"picked":"Kintsugi"},{"not_picked":["Replay:Ancient Bell","halation:LoveArrow"],"picked":"Fusion Hammer"}],"items_purged_floors":[10,19,32,49],"is_endless":false,"potions_floor_spawned":[1,6,13,14,16,24,31,33,40,41,43],"ascension_level":1}}