{"host":"e2ju6k0wppswbhbd","time":1610063893,"event":{"mods":["BaseMod","Minty Spire (QoL Compilation)","Rare Cards Sparkle","StSLib"],"gold_per_floor":[109,126,137,151,163,163,196,216,216,246,246,263,65,91,91,193,193,204,304,318,335,347,374,374,449,494,494,506,521,540,569,569,664,664,679,679,697,716,728,760,67,67,92,92,106,126,40,66,66,66,66,66,15,48,48],"floor_reached":56,"playtime":8406,"items_purged":["Defend_B","Decay"],"score":1275,"play_id":"41c15e8e-b144-4af0-8e5c-db3efb6da4cc","local_time":"20210108005813","is_ascension_mode":false,"campfire_choices":[{"floor":6.0,"key":"RECALL"},{"data":"Fusion","floor":15.0,"key":"SMITH"},{"data":"Doom and Gloom","floor":24.0,"key":"SMITH"},{"data":"Leap","floor":27.0,"key":"SMITH"},{"data":"Rainbow","floor":32.0,"key":"SMITH"},{"floor":42.0,"key":"REST"},{"floor":49.0,"key":"REST"},{"data":"Capacitor","floor":52,"key":"SMITH"}],"circlet_count":0,"master_deck":["Strike_B","Strike_B+1","Strike_B","Defend_B","Defend_B","Zap","Dualcast","Doom and Gloom+1","Steam","Self Repair","Leap+1","Cold Snap","Rainbow+1","Glacier+1","Conserve Battery","Capacitor+1","Sunder+1","Fusion+1","Core Surge","Aggregate","Compile Driver","Conserve Battery+1","Ball Lightning+1","Streamline+1","Coolheaded","White Noise+1","Aggregate+1","Auto Shields","Machine Learning+1","Sweeping Beam+1","Barrage+1","Stack+1","Reinforced Body+1","Defragment+1","Bandage Up","BootSequence","Go for the Eyes+1","Static Discharge+1","Compile Driver+1"],"relics":["Cracked Core","Smiling Mask","StoneCalendar","Bag of Preparation","Toy Ornithopter","Whetstone","Empty Cage","Molten Egg 2","Frozen Egg 2","Cursed Key","DataDisk","Regal Pillow","Bag of Marbles","Chemical X","Happy Flower","Juzu Bracelet","Mummified Hand"],"acts_visited":["Exordium","TheCity","TheBeyond","TheEnding"],"potions_floor_usage":[50,55,55],"damage_taken":[{"damage":2.0,"enemies":"Jaw Worm","floor":1.0,"turns":5.0},{"damage":0.0,"enemies":"Cultist","floor":2.0,"turns":3.0},{"damage":0.0,"enemies":"2 Louse","floor":3.0,"turns":2.0},{"damage":3.0,"enemies":"Lots of Slimes","floor":4.0,"turns":6.0},{"damage":8.0,"enemies":"Blue Slaver","floor":5.0,"turns":4.0},{"damage":5.0,"enemies":"3 Sentries","floor":7.0,"turns":5.0},{"damage":13.0,"enemies":"Gremlin Gang","floor":8.0,"turns":4.0},{"damage":12.0,"enemies":"Lagavulin","floor":10.0,"turns":7.0},{"damage":1.0,"enemies":"2 Fungi Beasts","floor":12.0,"turns":4.0},{"damage":16.0,"enemies":"Gremlin Nob","floor":14.0,"turns":4.0},{"damage":0.0,"enemies":"Hexaghost","floor":16.0,"turns":9.0},{"damage":19.0,"enemies":"3 Byrds","floor":18.0,"turns":7.0},{"damage":9.0,"enemies":"Chosen","floor":20.0,"turns":4.0},{"damage":6.0,"enemies":"Centurion and Healer","floor":21.0,"turns":8.0},{"damage":8.0,"enemies":"Sentry and Sphere","floor":22.0,"turns":7.0},{"damage":10.0,"enemies":"Slavers","floor":23.0,"turns":5.0},{"damage":3.0,"enemies":"Cultist and Chosen","floor":28.0,"turns":6.0},{"damage":1.0,"enemies":"Snecko","floor":29.0,"turns":6.0},{"damage":11.0,"enemies":"Sentry and Sphere","floor":30.0,"turns":4.0},{"damage":23.0,"enemies":"Book of Stabbing","floor":31.0,"turns":6.0},{"damage":20.0,"enemies":"Champ","floor":33.0,"turns":10.0},{"damage":0.0,"enemies":"Orb Walker","floor":35.0,"turns":3.0},{"damage":2.0,"enemies":"3 Darklings","floor":37.0,"turns":3.0},{"damage":15.0,"enemies":"Jaw Worm Horde","floor":38.0,"turns":5.0},{"damage":14.0,"enemies":"4 Shapes","floor":39.0,"turns":7.0},{"damage":47.0,"enemies":"Giant Head","floor":40.0,"turns":10.0},{"damage":13.0,"enemies":"3 Darklings","floor":45.0,"turns":5.0},{"damage":0.0,"enemies":"Sphere and 2 Shapes","floor":46.0,"turns":3.0},{"damage":42.0,"enemies":"Nemesis","floor":48.0,"turns":7.0},{"damage":25,"enemies":"Donu and Deca","floor":50,"turns":10},{"damage":28,"enemies":"Shield and Spear","floor":54,"turns":6},{"damage":55,"enemies":"The Heart","floor":55,"turns":9}],"seed_played":"-4559502337050554710","potions_obtained":[{"floor":1.0,"key":"EssenceOfSteel"},{"floor":5.0,"key":"SteroidPotion"},{"floor":8.0,"key":"Dexterity Potion"},{"floor":10.0,"key":"SkillPotion"},{"floor":14.0,"key":"DistilledChaos"},{"floor":16.0,"key":"Dexterity Potion"},{"floor":18.0,"key":"Strength Potion"},{"floor":20.0,"key":"Dexterity Potion"},{"floor":22.0,"key":"FearPotion"},{"floor":29.0,"key":"PotionOfCapacity"},{"floor":31.0,"key":"PowerPotion"},{"floor":39.0,"key":"CultistPotion"},{"floor":40.0,"key":"Swift Potion"},{"floor":46.0,"key":"Energy Potion"}],"is_trial":false,"path_per_floor":["M","M","M","M","M","R","E","M","T","E","?","M","$","E","R","B",null,"M","?","M","M","M","E","R","?","T","R","M","M","M","E","R","B",null,"M","?","M","M","M","E","$","R","T","?","M","M","$","E","R","B",null,"R","$","E","B",null],"character_chosen":"DEFECT","items_purchased":["Capacitor","Sunder","Defragment+1","Regal Pillow","Bandage Up","Bag of Marbles","Chemical X","BootSequence","PowerPotion","Static Discharge+1","Strength Potion"],"campfire_rested":2,"item_purchase_floors":[13,13,41,41,41,41,41,41,41,47,53],"current_hp_per_floor":[73,73,73,75,74,74,75,69,69,64,64,70,70,54,54,64,75,63,63,54,60,59,66,66,59,59,59,68,74,70,52,52,44,75,75,75,73,65,58,23,23,60,60,60,58,58,58,32,68,57,71,71,71,61,27],"gold":48,"neow_bonus":"RANDOM_COMMON_RELIC","is_daily":false,"chose_seed":false,"campfire_upgraded":5,"win_rate":0.0,"timestamp":1610063893,"path_taken":["M","M","M","M","M","R","E","M","T","E","?","M","?","E","R","BOSS","M","?","M","M","?","E","R","?","T","R","?","M","M","E","R","BOSS","M","?","M","M","?","E","$","R","T","?","M","M","?","E","R","BOSS","R","$","E","BOSS"],"items_purchased_type":["Card","Card","Card","Relic","Card","Relic","Relic","Card","Potion","Card","Potion"],"build_version":"2020-12-22","purchased_purges":2,"victory":true,"max_hp_per_floor":[75,75,75,75,75,75,75,75,75,75,75,75,75,75,75,75,75,75,75,75,75,75,75,75,75,75,75,75,75,75,75,75,75,75,75,75,75,75,75,75,75,75,75,71,71,71,71,71,71,71,71,71,71,71,71],"card_choices":[{"not_picked":["Darkness","Compile Driver"],"picked":"Doom and Gloom","floor":1.0},{"not_picked":["Doom and Gloom","Stack"],"picked":"Steam","floor":2.0},{"not_picked":["Rip and Tear","Leap"],"picked":"Self Repair","floor":3.0},{"not_picked":["Fusion","Creative AI"],"picked":"Leap","floor":4.0},{"not_picked":["Conserve Battery","Steam Power"],"picked":"Cold Snap","floor":5.0},{"not_picked":["Static Discharge","Rebound"],"picked":"Rainbow","floor":7.0},{"not_picked":["Stack","Beam Cell"],"picked":"Glacier","floor":8.0},{"not_picked":["Leap","Amplify","Turbo"],"picked":"SKIP","floor":10.0},{"not_picked":["Steam","Loop"],"picked":"Conserve Battery","floor":12.0},{"not_picked":["Doom and Gloom","Beam Cell"],"picked":"Fusion","floor":14.0},{"not_picked":["Multi-Cast","Meteor Strike"],"picked":"Core Surge","floor":16.0},{"not_picked":["Compile Driver","Hello World"],"picked":"Aggregate","floor":18.0},{"not_picked":["Gash","Coolheaded"],"picked":"Compile Driver","floor":20.0},{"not_picked":["Undo","Darkness"],"picked":"Conserve Battery+1","floor":21.0},{"not_picked":["Redo","Barrage"],"picked":"Ball Lightning+1","floor":22.0},{"not_picked":["Reprogram","Cold Snap+1"],"picked":"Streamline+1","floor":23.0},{"not_picked":["Steam","Glacier"],"picked":"Coolheaded","floor":28.0},{"not_picked":["Darkness+1","Capacitor+1"],"picked":"White Noise+1","floor":29.0},{"not_picked":["Melter+1","Streamline+1"],"picked":"Aggregate+1","floor":30.0},{"not_picked":["Conserve Battery","Self Repair+1"],"picked":"Auto Shields","floor":31.0},{"not_picked":["Amplify","Buffer+1"],"picked":"Machine Learning+1","floor":33.0},{"not_picked":["Barrage+1","Cold Snap+1"],"picked":"Sweeping Beam+1","floor":35.0},{"not_picked":["Skim","Leap"],"picked":"Barrage+1","floor":37.0},{"not_picked":["Coolheaded","Rebound+1"],"picked":"Stack+1","floor":38.0},{"not_picked":["Undo+1","Hologram","Glacier"],"picked":"SKIP","floor":39.0},{"not_picked":["Hello World+1","Biased Cognition+1"],"picked":"Reinforced Body+1","floor":40.0},{"not_picked":["Coolheaded","Stack","Barrage+1"],"picked":"SKIP","floor":45.0},{"not_picked":["Conserve Battery","Steam+1"],"picked":"Go for the Eyes+1","floor":46.0},{"not_picked":["Stack","Conserve Battery","Coolheaded+1"],"picked":"SKIP","floor":48.0},{"not_picked":["Consume+1","Scrape+1"],"picked":"Compile Driver+1","floor":54}],"player_experience":2625465,"relics_obtained":[{"floor":7.0,"key":"StoneCalendar"},{"floor":9.0,"key":"Bag of Preparation"},{"floor":10.0,"key":"Toy Ornithopter"},{"floor":14.0,"key":"Whetstone"},{"floor":23.0,"key":"Molten Egg 2"},{"floor":31.0,"key":"Frozen Egg 2"},{"floor":40.0,"key":"DataDisk"},{"floor":43.0,"key":"Happy Flower"},{"floor":48.0,"key":"Juzu Bracelet"},{"floor":54,"key":"Mummified Hand"}],"event_choices":[{"damage_healed":0.0,"max_hp_gain":0.0,"max_hp_loss":0.0,"gold_gain":0.0,"event_name":"NoteForYourself","player_choice":"Ignored","floor":11.0,"gold_loss":0.0,"damage_taken":0.0},{"damage_healed":0.0,"max_hp_gain":0.0,"max_hp_loss":0.0,"gold_gain":100.0,"event_name":"Golden Shrine","player_choice":"Pray","floor":19.0,"gold_loss":0.0,"damage_taken":0.0},{"damage_healed":0.0,"max_hp_gain":0.0,"max_hp_loss":0.0,"gold_gain":75.0,"event_name":"FaceTrader","player_choice":"Touch","floor":25.0,"gold_loss":0.0,"damage_taken":7.0},{"damage_healed":0.0,"max_hp_gain":0.0,"max_hp_loss":0.0,"gold_gain":0.0,"event_name":"Upgrade Shrine","player_choice":"Upgraded","floor":36.0,"gold_loss":0.0,"damage_taken":0.0,"cards_upgraded":["Glacier"]},{"damage_healed":0.0,"max_hp_gain":0.0,"max_hp_loss":4.0,"gold_gain":0.0,"event_name":"Winding Halls","player_choice":"Max HP","floor":44.0,"gold_loss":0.0,"damage_taken":0.0}],"is_beta":false,"boss_relics":[{"not_picked":["Runic Dome","Tiny House"],"picked":"Empty Cage"},{"not_picked":["Coffee Dripper","Black Star"],"picked":"Cursed Key"}],"items_purged_floors":[13,47],"is_endless":false,"potions_floor_spawned":[1,5,8,10,14,16,18,20,22,29,31,39,40,46],"ascension_level":0}}