{"host":"4xikrlo049sozq0n","time":1610039679,"event":{"mods":["AchievementEnabler","BaseMod","BetterRewards","Challenge The Spire","Colored Powertips","Downfall","Energized Spire","Highlight Path","Hubris","Minty Spire (QoL Compilation)","Permanent Neow","Quick Restart","Relic Filter","Relic Sorter","Remove Card Discount Mod","Replay The Spire","StSLib","SuperFastMode","Synergy Search"],"gold_per_floor":[112,112,110,25,38,38,64,64,116,135,135,152,162,173,173,268,268,285,285,92,110,22,51,51,51,51,51,81,99,99,111,111,211,211,224,36,36,86,133,133,61,92,147,198,44,44,72,121,121,133,133,133,6,41,47],"floor_reached":56,"playtime":5632,"items_purged":["Strike_B","Strike_B","Strike_B","Defend_B","Defend_B","Strike_B","Parasite","ReplayTheSpireMod:Splinters","hexamod:Haunted","hubris:Greed","hubris:Greed","Injury"],"score":2016,"play_id":"38081477-a4e5-48e3-88df-f83a32618106","local_time":"20210107121439","is_ascension_mode":true,"campfire_choices":[{"data":"Zap","floor":6.0,"key":"SMITH"},{"floor":11.0,"key":"REST"},{"floor":15.0,"key":"RECALL"},{"data":"Creative AI","floor":25.0,"key":"SMITH"},{"data":"hubris:PowerSurge","floor":27.0,"key":"SMITH"},{"floor":32.0,"key":"REST"},{"floor":40.0,"key":"REST"},{"floor":49.0,"key":"REST"},{"data":"Rainbow","floor":52.0,"key":"SMITH"}],"circlet_count":0,"master_deck":["Zap+1","Dualcast","Gash+1","Static Discharge","Ball Lightning","Static Discharge+1","ReplayGash+1","Self Repair+1","Hologram","Redo","Heatsinks","hubris:PowerSurge","hubris:PowerSurge+1","Thunder Strike","Ball Lightning","Creative AI+1","Glacier+1","Melter","Redo+1","Sunder","Coolheaded+1","Capacitor","Melter","Ball Lightning","Sunder","Amplify","Beam Cell","Doom and Gloom+1","FIFO Queue","Barrage+1","Leap+1","Ball Lightning","Rebound","Rainbow+1","expansioncontent:AwakenDeath","Ball Lightning+1","BasicCrystalCard+1","Hologram+1"],"relics":["Cracked Core","hubris:Icosahedron","Replay:Wax Seal","Sundial","Darkstone Periapt","Whetstone","hubris:HollowSoul","Shovel","Bronze Scales","MutagenicStrength","Nuclear Battery","Happy Flower","Ring of Misfortune","Ring of Greed","Replay:Bandana","The Courier","Kunai","Oddly Smooth Stone","Bag of Preparation","Du-Vu Doll","Sling","Gremlin Food"],"acts_visited":["Exordium","TheCity","TheBeyond","TheEnding"],"potions_floor_usage":[],"damage_taken":[{"damage":1.0,"enemies":"Cultist","floor":1.0,"turns":3.0},{"damage":7.0,"enemies":"Jaw Worm","floor":4.0,"turns":2.0},{"damage":9.0,"enemies":"2 Louse","floor":5.0,"turns":3.0},{"damage":28.0,"enemies":"Replay:BlueRogue","floor":7.0,"turns":4.0},{"damage":0.0,"enemies":"Gremlin Gang","floor":10.0,"turns":1.0},{"damage":21.0,"enemies":"Exordium Wildlife","floor":12.0,"turns":3.0},{"damage":0.0,"enemies":"Large Slime","floor":13.0,"turns":4.0},{"damage":3.0,"enemies":"Blue Slaver","floor":14.0,"turns":2.0},{"damage":27.0,"enemies":"The Guardian","floor":16.0,"turns":7.0},{"damage":20.0,"enemies":"Shell Parasite","floor":18.0,"turns":3.0},{"damage":0.0,"enemies":"Spheric Guardian","floor":21.0,"turns":2.0},{"damage":18.0,"enemies":"Snake Plant","floor":22.0,"turns":4.0},{"damage":16.0,"enemies":"Book of Stabbing","floor":23.0,"turns":3.0},{"damage":29.0,"enemies":"Slavers","floor":28.0,"turns":2.0},{"damage":3.0,"enemies":"Centurion and Healer","floor":29.0,"turns":5.0},{"damage":12.0,"enemies":"Cultist and Chosen","floor":31.0,"turns":3.0},{"damage":51.0,"enemies":"Champ","floor":33.0,"turns":10.0},{"damage":59.0,"enemies":"3 Darklings","floor":35.0,"turns":4.0},{"damage":10.0,"enemies":"3 Shapes","floor":41.0,"turns":3.0},{"damage":46.0,"enemies":"Jaw Worm Horde","floor":42.0,"turns":3.0},{"damage":4.0,"enemies":"Nemesis","floor":44.0,"turns":5.0},{"damage":16.0,"enemies":"Transient","floor":47.0,"turns":5.0},{"damage":27.0,"enemies":"Reptomancer","floor":48.0,"turns":3.0},{"damage":47.0,"enemies":"Time Eater","floor":50.0,"turns":6.0},{"damage":112.0,"enemies":"Shield and Spear","floor":54.0,"turns":5.0},{"damage":143,"enemies":"The Heart","floor":55,"turns":5}],"seed_played":"-2153911505212988477","potions_obtained":[{"floor":1.0,"key":"Strength Potion"},{"floor":4.0,"key":"BlessingOfTheForge"},{"floor":7.0,"key":"AttackPotion"},{"floor":13.0,"key":"BlessingOfTheForge"},{"floor":14.0,"key":"Swift Potion"},{"floor":16.0,"key":"SpeedPotion"},{"floor":18.0,"key":"Milkshake"},{"floor":23.0,"key":"AttackPotion"},{"floor":28.0,"key":"Fruit Juice"},{"floor":29.0,"key":"champ:CounterPotion"},{"floor":35.0,"key":"Weak Potion"},{"floor":44.0,"key":"Milkshake"}],"is_trial":false,"path_per_floor":["M","?","$","M","M","R","E","?","T","M","R","M","M","M","R","B",null,"M","?","$","M","M","E","?","R","T","R","E","M","?","M","R","B",null,"M","$","?","?","?","R","M","M","T","E","$","?","M","E","R","B",null,"R","$","E","B",null],"character_chosen":"DEFECT","items_purchased":["Gash","Replay:Wax Seal","Sundial","Static Discharge","Creative AI","Glacier+1","Melter","Happy Flower","Doom and Gloom+1","FIFO Queue","expansioncontent:AwakenDeath","expansioncontent:Chronoboost","Sling"],"campfire_rested":4,"item_purchase_floors":[0,0,0,0,20,20,20,36,36,36,45,45,53],"current_hp_per_floor":[57,57,57,50,41,41,20,20,20,20,42,31,41,48,48,31,64,54,54,60,70,62,56,56,56,56,56,37,49,49,37,62,21,70,21,27,27,33,39,70,80,50,50,56,56,56,56,35,70,39,104,104,104,20,6],"gold":47,"neow_bonus":"","is_daily":false,"chose_seed":false,"campfire_upgraded":4,"win_rate":0.0,"timestamp":1610039679,"path_taken":["M","?","$","M","M","R","E","?","T","M","R","M","M","M","R","BOSS","M","?","$","?","?","E","?","R","T","R","E","M","?","M","R","BOSS","M","$","?","?","?","R","?","M","T","E","$","?","M","E","R","BOSS","R","$","E","BOSS"],"items_purchased_type":["Card","Relic","Relic","Card","Card","Card","Card","Relic","Card","Card","Card","Card","Relic"],"build_version":"2020-12-22","purchased_purges":12,"victory":true,"max_hp_per_floor":[75,75,75,75,75,75,75,75,75,75,75,75,75,75,75,75,75,75,75,81,81,81,81,81,81,81,81,81,86,86,86,86,86,86,86,92,92,98,104,104,104,110,110,110,107,107,113,119,119,125,125,125,125,125,125],"card_choices":[{"not_picked":["Stack","Sweeping Beam"],"picked":"Ball Lightning","floor":1.0},{"not_picked":["Static Discharge","Crystallizer"],"picked":"ReplayGash","floor":4.0},{"not_picked":["Beam Cell","Recycle"],"picked":"Self Repair","floor":5.0},{"not_picked":["Panic Button","Cold Snap"],"picked":"Hologram","floor":7.0},{"not_picked":["Consume","BasicCrystalCard"],"picked":"Redo","floor":10.0},{"not_picked":["Sweeping Beam","ReplaySort"],"picked":"Heatsinks","floor":12.0},{"not_picked":["Tempest","Streamline"],"picked":"hubris:PowerSurge","floor":13.0},{"not_picked":["hubris:SpecializedCircuitry","Sweeping Beam"],"picked":"hubris:PowerSurge","floor":14.0},{"not_picked":["Seek","Rainbow"],"picked":"Thunder Strike","floor":16.0},{"not_picked":["Barrage","Genetic Algorithm"],"picked":"Ball Lightning","floor":18.0},{"not_picked":["BootSequence+1","Panic Button"],"picked":"Redo+1","floor":21.0},{"not_picked":["Scrape","Glacier"],"picked":"Sunder","floor":22.0},{"not_picked":["Sweeping Beam","Panic Button"],"picked":"Coolheaded+1","floor":23.0},{"not_picked":["Reinforced Body","BasicCrystalCard"],"picked":"Melter","floor":28.0},{"not_picked":["Lockon+1","ReplayTheSpireMod:Calculation Training"],"picked":"Ball Lightning","floor":29.0},{"not_picked":["ReplayTheSpireMod:System Scan","Leap"],"picked":"Sunder","floor":31.0},{"not_picked":["ReplayTheSpireMod:Fabricate Wheel","Mirror Shield"],"picked":"Amplify","floor":33.0},{"not_picked":["Cold Snap","Steam+1"],"picked":"Beam Cell","floor":35.0},{"not_picked":["Ball Lightning","Steam+1"],"picked":"Barrage+1","floor":39.0},{"not_picked":["All For One","Turbo+1"],"picked":"Leap+1","floor":39.0},{"not_picked":["Crystallizer+1","Time Bomb"],"picked":"Ball Lightning","floor":41.0},{"not_picked":["Go for the Eyes+1","Aggregate"],"picked":"Rebound","floor":42.0},{"not_picked":["Conserve Battery+1","Steam"],"picked":"Rainbow","floor":44.0},{"not_picked":["Doom and Gloom","Undo"],"picked":"Ball Lightning+1","floor":47.0},{"not_picked":["Capacitor+1","Auto Shields+1"],"picked":"BasicCrystalCard+1","floor":48.0},{"not_picked":["ReplayTheSpireMod:System Scan+1","Compile Driver"],"picked":"Hologram+1","floor":54.0}],"player_experience":929725,"relics_obtained":[{"floor":7.0,"key":"Darkstone Periapt"},{"floor":9.0,"key":"Whetstone"},{"floor":23.0,"key":"Shovel"},{"floor":28.0,"key":"Bronze Scales"},{"floor":38.0,"key":"Ring of Misfortune"},{"floor":38.0,"key":"Ring of Greed"},{"floor":38.0,"key":"Replay:Bandana"},{"floor":38.0,"key":"The Courier"},{"floor":39.0,"key":"Kunai"},{"floor":43.0,"key":"Oddly Smooth Stone"},{"floor":44.0,"key":"Bag of Preparation"},{"floor":48.0,"key":"Du-Vu Doll"},{"floor":54.0,"key":"Gremlin Food"}],"event_choices":[{"damage_healed":0.0,"max_hp_gain":0.0,"max_hp_loss":0.0,"gold_gain":0.0,"event_name":"Living Wall","player_choice":"Grow","floor":8.0,"gold_loss":0.0,"damage_taken":0.0,"cards_upgraded":["Self Repair"]},{"cards_removed":["Defend_B"],"damage_healed":0.0,"max_hp_gain":0.0,"max_hp_loss":0.0,"gold_gain":0.0,"event_name":"Bonfire Elementals","player_choice":"Offered Basic","floor":19.0,"gold_loss":0.0,"damage_taken":0.0},{"damage_healed":0.0,"max_hp_gain":0.0,"max_hp_loss":0.0,"gold_gain":0.0,"event_name":"The Library","player_choice":"Read","floor":24.0,"gold_loss":0.0,"damage_taken":0.0,"cards_obtained":["Capacitor"]},{"damage_healed":0.0,"max_hp_gain":0.0,"max_hp_loss":0.0,"gold_gain":0.0,"event_name":"Drug Dealer","player_choice":"Inject Mutagens","floor":30.0,"gold_loss":0.0,"damage_taken":0.0,"relics_obtained":["MutagenicStrength"]},{"cards_removed":["expansioncontent:Chronoboost"],"damage_healed":0.0,"max_hp_gain":0.0,"max_hp_loss":0.0,"gold_gain":0.0,"event_name":"Falling","player_choice":"Removed Power","floor":46.0,"gold_loss":0.0,"damage_taken":0.0}],"is_beta":false,"boss_relics":[{"not_picked":["Tiny House","energizedSpire:StickyHand"],"picked":"hubris:HollowSoul"},{"not_picked":["SacredBark","Philosopher\u0027s Stone"],"picked":"Nuclear Battery"}],"items_purged_floors":[0,0,3,20,20,36,45,45,45,53,53,53],"is_endless":false,"potions_floor_spawned":[1,4,7,13,14,16,18,23,28,29,35,44],"ascension_level":8}}