{"host":"b1nq0yziqa64sqqa","time":1610047336,"event":{"mods":["AchievementEnabler","BaseMod","Colored Powertips","Highlight Path","Minty Spire (QoL Compilation)","Quick Restart","StSLib","SuperFastMode"],"gold_per_floor":[116,116,42,56,71,106,35,35,35,0,0,11,22,22,22,117,117,129,146,146,160,85,85,33,49,96,96,112,12,12,12,12,12,12],"floor_reached":33,"playtime":1353,"items_purged":["Strike_B"],"score":245,"play_id":"6326dc7b-bdde-4bc5-82b1-f673ae6b7fbb","local_time":"20210107212216","is_ascension_mode":false,"campfire_choices":[{"floor":8,"key":"REST"},{"data":"Hologram","floor":11,"key":"SMITH"},{"data":"Zap","floor":15,"key":"SMITH"},{"data":"Seek","floor":23,"key":"SMITH"},{"floor":27,"key":"REST"},{"data":"Aggregate","floor":32,"key":"SMITH"}],"circlet_count":0,"master_deck":["Strike_B","Strike_B","Defend_B","Defend_B","Defend_B","Zap+1","Dualcast","Redo","Aggregate+1","Capacitor","Ball Lightning","Leap","Hologram+1","Defragment","Loop+1","Chaos","Seek+1","Conserve Battery+1","Sweeping Beam","Compile Driver","Reboot","Rebound+1","Leap","RitualDagger"],"relics":["Cracked Core","Mercury Hourglass","Vajra","Philosopher\u0027s Stone","MutagenicStrength","Regal Pillow"],"acts_visited":["Exordium","TheCity"],"potions_floor_usage":[6,18,33,33],"damage_taken":[{"damage":0,"enemies":"2 Louse","floor":1,"turns":2},{"damage":5,"enemies":"Cultist","floor":4,"turns":4},{"damage":9,"enemies":"Jaw Worm","floor":5,"turns":4},{"damage":37,"enemies":"Gremlin Nob","floor":6,"turns":5},{"damage":9,"enemies":"Blue Slaver","floor":12,"turns":3},{"damage":2,"enemies":"Large Slime","floor":13,"turns":4},{"damage":12,"enemies":"The Guardian","floor":16,"turns":8},{"damage":18,"enemies":"3 Byrds","floor":18,"turns":3},{"damage":7,"enemies":"Chosen","floor":19,"turns":4},{"damage":19,"enemies":"Sentry and Sphere","floor":21,"turns":4},{"damage":12,"enemies":"Centurion and Healer","floor":25,"turns":6},{"damage":7,"enemies":"Cultist and Chosen","floor":28,"turns":5},{"damage":82,"enemies":"Collector","floor":33,"turns":7}],"seed_played":"9024851421060810859","potions_obtained":[{"floor":1,"key":"SteroidPotion"},{"floor":5,"key":"SpeedPotion"},{"floor":12,"key":"AttackPotion"},{"floor":13,"key":"Dexterity Potion"},{"floor":19,"key":"Dexterity Potion"},{"floor":28,"key":"Swift Potion"}],"is_trial":false,"path_per_floor":["M","?","$","M","M","E","$","R","T","?","R","M","M","?","R","B",null,"M","M","?","M","?","R","$","M","T","R","M","$","?","?","R","B"],"character_chosen":"DEFECT","items_purchased":["Capacitor","Defragment","Compile Driver","Leap"],"campfire_rested":2,"item_purchase_floors":[3,7,24,29],"current_hp_per_floor":[68,68,68,63,54,17,17,43,43,65,65,56,54,54,54,42,89,71,64,64,45,45,45,45,33,33,74,67,67,61,61,61,0,0],"gold":12,"neow_bonus":"TWENTY_PERCENT_HP_BONUS","is_daily":false,"chose_seed":false,"campfire_upgraded":4,"win_rate":0.0,"timestamp":1610047336,"path_taken":["M","?","?","M","M","E","$","R","T","?","R","?","M","?","R","BOSS","M","M","?","M","?","R","$","M","T","R","M","$","?","?","R","BOSS"],"items_purchased_type":["Card","Card","Card","Card"],"build_version":"2020-12-22","purchased_purges":1,"victory":false,"max_hp_per_floor":[89,89,89,89,89,89,89,89,89,89,89,89,89,89,89,89,89,89,89,89,89,89,89,89,89,89,89,89,89,89,89,89,89,89],"card_choices":[{"not_picked":["Loop","Aggregate"],"picked":"Redo","floor":1},{"not_picked":["Heatsinks","Storm"],"picked":"Ball Lightning","floor":4},{"not_picked":["Storm","Aggregate"],"picked":"Leap","floor":5},{"not_picked":["Streamline","Barrage"],"picked":"Hologram","floor":6},{"not_picked":["Capacitor","Leap"],"picked":"Loop","floor":12},{"not_picked":["Aggregate","Hologram"],"picked":"Chaos","floor":13},{"not_picked":["Thunder Strike","Reboot"],"picked":"Seek","floor":16},{"not_picked":["Gash+1","Sweeping Beam+1"],"picked":"Conserve Battery+1","floor":18},{"not_picked":["Genetic Algorithm+1","Leap+1"],"picked":"Sweeping Beam","floor":19},{"not_picked":["Sunder+1","Tempest+1","Steam Power"],"picked":"SKIP","floor":21},{"not_picked":["Sweeping Beam+1","Stack"],"picked":"Reboot","floor":25},{"not_picked":["Redo","Streamline"],"picked":"Rebound+1","floor":28}],"player_experience":71758,"relics_obtained":[{"floor":6,"key":"Mercury Hourglass"},{"floor":9,"key":"Vajra"},{"floor":26,"key":"Regal Pillow"}],"event_choices":[{"damage_healed":0,"gold_gain":0,"cards_transformed":["Strike_B"],"player_choice":"Transformed","damage_taken":0,"max_hp_gain":0,"max_hp_loss":0,"event_name":"Transmorgrifier","floor":2,"gold_loss":0,"cards_obtained":["Aggregate"]},{"damage_healed":22,"gold_gain":0,"player_choice":"Healed","damage_taken":0,"max_hp_gain":0,"max_hp_loss":0,"event_name":"The Cleric","floor":10,"gold_loss":35},{"damage_healed":0,"gold_gain":0,"player_choice":"Grow","damage_taken":0,"max_hp_gain":0,"max_hp_loss":0,"event_name":"Living Wall","floor":14,"gold_loss":0,"cards_upgraded":["Loop"]},{"damage_healed":0,"gold_gain":0,"player_choice":"Inject Mutagens","damage_taken":0,"relics_obtained":["MutagenicStrength"],"max_hp_gain":0,"max_hp_loss":0,"event_name":"Drug Dealer","floor":20,"gold_loss":0},{"cards_removed":["Defend_B"],"damage_healed":0,"gold_gain":0,"player_choice":"Gave Gold","damage_taken":0,"max_hp_gain":0,"max_hp_loss":0,"event_name":"Beggar","floor":22,"gold_loss":75},{"damage_healed":0,"gold_gain":0,"player_choice":"Joined the Cult","damage_taken":6,"max_hp_gain":0,"max_hp_loss":0,"event_name":"Nest","floor":30,"gold_loss":0,"cards_obtained":["RitualDagger"]},{"damage_healed":0,"gold_gain":0,"player_choice":"Ignored","damage_taken":0,"max_hp_gain":0,"max_hp_loss":0,"event_name":"Vampires","floor":31,"gold_loss":0}],"is_beta":false,"boss_relics":[{"not_picked":["Cursed Key","SacredBark"],"picked":"Philosopher\u0027s Stone"}],"items_purged_floors":[29],"is_endless":false,"potions_floor_spawned":[1,5,12,13,19,28],"killed_by":"Collector","ascension_level":0}}