{"host":"Ian","time":1610059901,"event":{"mods":["BaseMod","Bestiary","Block Reminder","Colored Map","Highlight Path","Key Reminder","Minty Spire (QoL Compilation)","Relic Stats"],"gold_per_floor":[110,110,110,125,125,154,165,192,192,192,192,209,237,254,254,328,328,341,49,64,80,80,107,107,134,160,160,171,188,188,51,51,128,128,145,163,24,34,45,45,80,91,91,91,91,91,121,139,139,139,139,139],"floor_reached":51,"playtime":2761,"items_purged":["Strike_R","Strike_R","Strike_R+1"],"score":1469,"play_id":"b6d520f7-4b19-4189-aa75-372d3c2a0015","local_time":"20210107225141","is_ascension_mode":true,"campfire_choices":[{"data":"Combust","floor":11.0,"key":"SMITH"},{"data":"Bash","floor":15.0,"key":"SMITH"},{"data":"Rupture","floor":24,"key":"SMITH"},{"data":"Armaments","floor":27,"key":"SMITH"},{"floor":32,"key":"REST"},{"floor":40,"key":"REST"},{"data":"Heavy Blade","floor":44,"key":"SMITH"},{"data":"Uppercut","floor":45,"key":"SMITH"},{"data":"Fire Breathing","floor":46,"key":"SMITH"},{"floor":49,"key":"RECALL"}],"circlet_count":0,"master_deck":["AscendersBane","Defend_R","Defend_R","Defend_R","Bash+1","Feel No Pain+1","Combust+1","Clothesline","Armaments+1","Carnage+1","Fire Breathing+1","Double Tap","Fiend Fire","Rupture+1","Burning Pact","Shrug It Off+1","Uppercut+1","Impervious","Feed","Shrug It Off","Impervious","Parasite","Dual Wield","Heavy Blade+1","Rupture+1","True Grit+1","Corruption"],"relics":["Burning Blood","Pear","WingedGreaves","CaptainsWheel","Lizard Tail","Eternal Feather","Snecko Eye","Membership Card","Blood Vial","Red Mask","Whetstone","Empty Cage","Bag of Preparation","Ancient Tea Set"],"acts_visited":["Exordium","TheCity","TheBeyond"],"potions_floor_usage":[23,23,29,42,47],"damage_taken":[{"damage":4.0,"enemies":"Small Slimes","floor":1.0,"turns":3.0},{"damage":13.0,"enemies":"Jaw Worm","floor":4.0,"turns":5.0},{"damage":14.0,"enemies":"3 Sentries","floor":6.0,"turns":9.0},{"damage":3.0,"enemies":"2 Louse","floor":7.0,"turns":4.0},{"damage":54.0,"enemies":"Lagavulin","floor":8.0,"turns":8.0},{"damage":2.0,"enemies":"2 Fungi Beasts","floor":12.0,"turns":3.0},{"damage":14.0,"enemies":"3 Sentries","floor":13.0,"turns":5.0},{"damage":9.0,"enemies":"Looter","floor":14.0,"turns":4.0},{"damage":11.0,"enemies":"Slime Boss","floor":16.0,"turns":7.0},{"damage":1,"enemies":"Chosen","floor":18,"turns":2},{"damage":37,"enemies":"3 Byrds","floor":20,"turns":4},{"damage":22,"enemies":"Sentry and Sphere","floor":21,"turns":6},{"damage":16,"enemies":"Book of Stabbing","floor":23,"turns":4},{"damage":42,"enemies":"Masked Bandits","floor":25,"turns":5},{"damage":27,"enemies":"Snecko","floor":28,"turns":7},{"damage":19,"enemies":"Shelled Parasite and Fungi","floor":29,"turns":6},{"damage":21,"enemies":"Champ","floor":33,"turns":11},{"damage":36,"enemies":"3 Darklings","floor":35,"turns":8},{"damage":4,"enemies":"3 Shapes","floor":36,"turns":3},{"damage":7,"enemies":"Writhing Mass","floor":38,"turns":5},{"damage":50,"enemies":"Sphere and 2 Shapes","floor":39,"turns":9},{"damage":31,"enemies":"Giant Head","floor":41,"turns":7},{"damage":25,"enemies":"Jaw Worm Horde","floor":42,"turns":5},{"damage":50,"enemies":"Reptomancer","floor":47,"turns":5},{"damage":24,"enemies":"3 Darklings","floor":48,"turns":3},{"damage":24,"enemies":"Time Eater","floor":50,"turns":8},{"damage":23,"enemies":"Awakened One","floor":51,"turns":2}],"seed_played":"2767540593128241797","potions_obtained":[{"floor":1.0,"key":"EssenceOfSteel"},{"floor":12.0,"key":"SpeedPotion"},{"floor":13.0,"key":"Dexterity Potion"},{"floor":20,"key":"AttackPotion"},{"floor":25,"key":"Block Potion"},{"floor":28,"key":"DuplicationPotion"},{"floor":33,"key":"PowerPotion"},{"floor":38,"key":"DistilledChaos"},{"floor":39,"key":"Energy Potion"},{"floor":42,"key":"Swift Potion"},{"floor":48,"key":"FearPotion"}],"is_trial":false,"path_per_floor":["M","?","?","M","?","E","M","E","T","?","R","M","E","M","R","B",null,"M","$","M","M","?","E","R","?","T","R","M","M","?","$","R","B",null,"M","M","$","M","M","R","E","M","T","R","R","R","E","M","R","B","B"],"character_chosen":"IRONCLAD","items_purchased":["Membership Card","Fiend Fire","Rupture","Impervious","Impervious"],"campfire_rested":2,"item_purchase_floors":[19,19,19,31,37],"current_hp_per_floor":[77,76,76,69,69,61,64,16,16,16,16,20,12,9,18,13,72,77,77,46,30,30,20,32,46,46,58,39,28,28,28,67,54,83,55,59,59,60,21,61,38,24,24,39,54,69,27,11,26,10,0,0],"gold":139,"neow_bonus":"TEN_PERCENT_HP_BONUS","is_daily":false,"chose_seed":false,"campfire_upgraded":7,"win_rate":0.0,"timestamp":1610059901,"path_taken":["M","?","?","M","?","E","M","E","T","?","R","M","E","M","R","BOSS","M","$","M","M","?","E","R","?","T","R","?","M","?","?","R","BOSS","M","M","$","M","M","R","E","M","T","R","R","R","E","M","R","BOSS","BOSS"],"items_purchased_type":["Relic","Card","Card","Card","Card"],"build_version":"2020-12-18","purchased_purges":3,"victory":false,"max_hp_per_floor":[82,92,92,92,92,92,92,92,92,92,92,92,92,92,92,92,92,92,92,92,92,92,92,92,92,92,92,92,92,92,92,92,92,92,92,92,92,92,95,95,95,98,98,98,98,98,98,98,98,98,98,98],"relic_stats":{"Blood Vial":28,"Lizard Tail":46,"counters":[27,148],"Snecko Eye":[174,161,184,193],"Eternal Feather":117,"Bag of Preparation":[10],"Whetstone":["Carnage","Strike_R"],"obtain_stats":[{"Pear":2,"Eternal Feather":13,"Bag of Preparation":41,"Whetstone":26,"Empty Cage":34,"Ancient Tea Set":47,"Burning Blood":0,"Blood Vial":23,"keyreminder:keyreminder":41,"CaptainsWheel":8,"Lizard Tail":9,"Snecko Eye":17,"WingedGreaves":6,"Red Mask":25,"Membership Card":19},{"Pear":1,"Eternal Feather":7,"Bag of Preparation":22,"Whetstone":14,"Empty Cage":17,"Ancient Tea Set":24,"Burning Blood":0,"Blood Vial":13,"keyreminder:keyreminder":22,"CaptainsWheel":5,"Lizard Tail":5,"Snecko Eye":9,"WingedGreaves":3,"Red Mask":14,"Membership Card":10},{"Pear":3,"Eternal Feather":37,"Bag of Preparation":125,"Whetstone":69,"Empty Cage":93,"Ancient Tea Set":135,"Burning Blood":0,"Blood Vial":64,"keyreminder:keyreminder":125,"CaptainsWheel":29,"Lizard Tail":29,"Snecko Eye":48,"WingedGreaves":17,"Red Mask":69,"Membership Card":50}],"Burning Blood":156},"card_choices":[{"not_picked":["Heavy Blade","Perfected Strike"],"picked":"Feel No Pain","floor":1.0},{"not_picked":["Cleave","Body Slam"],"picked":"Combust","floor":4.0},{"not_picked":["True Grit","Flex"],"picked":"Clothesline","floor":6.0},{"not_picked":["Perfected Strike","Anger","Sever Soul"],"picked":"SKIP","floor":7.0},{"not_picked":["Iron Wave","Reckless Charge"],"picked":"Armaments","floor":8.0},{"not_picked":["Flex","Wild Strike"],"picked":"Carnage","floor":12.0},{"not_picked":["Wild Strike","Disarm"],"picked":"Fire Breathing","floor":13.0},{"not_picked":["Pummel","Flex","Iron Wave"],"picked":"SKIP","floor":14.0},{"not_picked":["Reaper","Limit Break"],"picked":"Double Tap","floor":16.0},{"not_picked":["Cleave","Evolve","Warcry"],"picked":"SKIP","floor":18},{"not_picked":["Flex","Combust"],"picked":"Burning Pact","floor":20},{"not_picked":["Whirlwind","Carnage"],"picked":"Shrug It Off+1","floor":21},{"not_picked":["Reckless Charge","Warcry","Perfected Strike"],"picked":"SKIP","floor":23},{"not_picked":["Limit Break","True Grit"],"picked":"Uppercut","floor":28},{"not_picked":["Flex","Body Slam","True Grit"],"picked":"SKIP","floor":29},{"not_picked":["Berserk","Brutality"],"picked":"Feed","floor":33},{"not_picked":["Feel No Pain","Anger"],"picked":"Shrug It Off","floor":35},{"not_picked":["Wild Strike","Cleave","Battle Trance"],"picked":"SKIP","floor":36},{"not_picked":["Hemokinesis","Feel No Pain"],"picked":"Dual Wield","floor":38},{"not_picked":["Brutality","Metallicize"],"picked":"Heavy Blade","floor":39},{"not_picked":["Headbutt","Clash+1","Havoc"],"picked":"SKIP","floor":41},{"not_picked":["Entrench+1","Rampage"],"picked":"Rupture+1","floor":42},{"not_picked":["Sword Boomerang","Clothesline","True Grit+1"],"picked":"SKIP","floor":47},{"not_picked":["Sword Boomerang","Clothesline"],"picked":"True Grit+1","floor":47},{"not_picked":["Wild Strike","Carnage"],"picked":"Corruption","floor":48}],"player_experience":2645640,"relics_obtained":[{"floor":6.0,"key":"WingedGreaves"},{"floor":8.0,"key":"CaptainsWheel"},{"floor":9.0,"key":"Lizard Tail"},{"floor":13.0,"key":"Eternal Feather"},{"floor":23,"key":"Blood Vial"},{"floor":25,"key":"Red Mask"},{"floor":26,"key":"Whetstone"},{"floor":41,"key":"Bag of Preparation"},{"floor":47,"key":"Ancient Tea Set"}],"event_choices":[{"damage_healed":0.0,"max_hp_gain":0.0,"max_hp_loss":0.0,"gold_gain":0.0,"event_name":"Scrap Ooze","player_choice":"Success","floor":2.0,"gold_loss":0.0,"damage_taken":11.0,"relics_obtained":["Pear"]},{"damage_healed":0.0,"max_hp_gain":0.0,"max_hp_loss":0.0,"gold_gain":0.0,"event_name":"Liars Game","player_choice":"Ignored","floor":3.0,"gold_loss":0.0,"damage_taken":0.0},{"cards_removed":["Strike_R"],"damage_healed":0.0,"max_hp_gain":0.0,"max_hp_loss":0.0,"gold_gain":0.0,"event_name":"Living Wall","player_choice":"Forget","floor":5.0,"gold_loss":0.0,"damage_taken":0.0},{"damage_healed":0.0,"max_hp_gain":0.0,"max_hp_loss":0.0,"gold_gain":0.0,"event_name":"Dead Adventurer","player_choice":"Searched \u00270\u0027 times","floor":10.0,"gold_loss":0.0,"damage_taken":0.0},{"damage_healed":0,"gold_gain":0,"player_choice":"Ignored","damage_taken":0,"max_hp_gain":0,"max_hp_loss":0,"event_name":"Vampires","floor":22,"gold_loss":0},{"damage_healed":0,"gold_gain":0,"player_choice":"Fought Bandits","damage_taken":0,"max_hp_gain":0,"max_hp_loss":0,"event_name":"Masked Bandits","floor":25,"gold_loss":0},{"damage_healed":0,"gold_gain":0,"player_choice":"Forge","damage_taken":0,"max_hp_gain":0,"max_hp_loss":0,"event_name":"Accursed Blacksmith","floor":30,"gold_loss":0,"cards_upgraded":["Feel No Pain"]}],"is_beta":true,"boss_relics":[{"not_picked":["Black Star","Sozu"],"picked":"Snecko Eye"},{"not_picked":["Tiny House","Runic Cube"],"picked":"Empty Cage"}],"items_purged_floors":[19,31,37],"is_endless":false,"potions_floor_spawned":[1,12,13,20,25,28,33,38,39,42,48],"killed_by":"Awakened One","ascension_level":20}}