{"host":"1vlnbhbo7cfp1mi8","time":1610034407,"event":{"mods":["BaseMod","Bestiary","Better Third Choice","BetterRewards","Googly Eyes","Minty Spire (QoL Compilation)","Replay The Spire","StSLib","The Jungle","The Marked","The Mystic","The Runesmith"],"gold_per_floor":[111,122,122,22,38,69,69,86,113,123,123,154,169,185,185,289,289,308,327,327,39,54,79,79,107,107,107,119,119,129,149,149,246,246,256,268,23,23,33,33,61,76,158,168,194,213,0,0,0,0],"floor_reached":51,"playtime":10481,"items_purged":["Runesmith:Defend_RS"],"score":1088,"play_id":"0c75c28b-4267-4c02-acd9-507e259263aa","local_time":"20210107174647","is_ascension_mode":false,"campfire_choices":[{"floor":7.0,"key":"REST"},{"floor":11.0,"key":"REST"},{"floor":15.0,"key":"REST"},{"data":"Runesmith:HeatedChisel","floor":24.0,"key":"SMITH"},{"floor":27.0,"key":"REST"},{"data":"Runesmith:Reinforce","floor":29.0,"key":"SMITH"},{"floor":32.0,"key":"DIG"},{"floor":40,"key":"REST"},{"floor":49,"key":"REST"}],"circlet_count":0,"master_deck":["Runesmith:Strike_RS","Runesmith:Strike_RS","Runesmith:Defend_RS","Runesmith:Defend_RS","Runesmith:CraftFirestone","Runesmith:Fortify","Panache","Runesmith:PoweredAnvil","Runesmith:PerfectChisel+1","Runesmith:FieryHammer","Runesmith:EarthShield+1","Runesmith:Repurpose","Runesmith:CraftMedicinae","Runesmith:Reinforce+1","Runesmith:WhiteBalance","Runesmith:OneForEveryone","Runesmith:CraftObretio","Runesmith:MakeshiftArmor","Runesmith:DuctTape","Runesmith:LightningRod+1","Runesmith:NanitesCloud+1","Runesmith:Attraction+1","Runesmith:CraftMagma+1","Runesmith:Firestorm","ReplayTheSpireMod:Private Reserves","Runesmith:LithiumIon+1","Runesmith:ChaoticBlast","Runesmith:HeatedChisel+1","Runesmith:CreatorForm","Runesmith:NegativeSpace+1","Runesmith:CraftMagma","Runesmith:LithiumIon","Pot Of Greed","Pot Of Greed","Pot Of Greed","Runesmith:DuctTape","Runesmith:Repurpose+1","Runesmith:WhiteBalance+1","Runesmith:LithiumIon+1","Pot Of Greed","ReplayTheSpireMod:Brewmster+1","Runesmith:Reinforce+1","Runesmith:Grindstone","Runesmith:Prism","Parasite","Runesmith:Attraction","Runesmith:HeatExchange","Runesmith:RuneHurl","ReplayTheSpireMod:Necrogeddon","Runesmith:StaticCage"],"relics":["Runesmith:BrokenRuby","Oddly Smooth Stone","Replay:Rubber Ducky","Gremlin Food","Astrolabe","ClockworkSouvenir","Ornamental Fan","Dream Catcher","ReplayTheSpireMod:TigerMarble","Grinning Jar","Runesmith:PocketReactor","Replay:Ringing Soul","InkBottle","Replay:Mystery Machine","Red Mask"],"acts_visited":["Exordium","theJungle:Jungle","TheBeyond"],"potions_floor_usage":[39,41,44,45,45,45,45,45,50,50,50],"damage_taken":[{"damage":3.0,"enemies":"Cultist","floor":1.0,"turns":4.0},{"damage":1.0,"enemies":"2 Louse","floor":2.0,"turns":3.0},{"damage":5.0,"enemies":"Jaw Worm","floor":5.0,"turns":5.0},{"damage":27.0,"enemies":"Gremlin Nob","floor":6.0,"turns":5.0},{"damage":18.0,"enemies":"Lots of Slimes","floor":8.0,"turns":5.0},{"damage":6.0,"enemies":"Red Slaver","floor":10.0,"turns":4.0},{"damage":29.0,"enemies":"Lagavulin","floor":12.0,"turns":7.0},{"damage":5.0,"enemies":"Large Slime","floor":13.0,"turns":7.0},{"damage":0.0,"enemies":"2 Fungi Beasts","floor":14.0,"turns":3.0},{"damage":19.0,"enemies":"Slime Boss","floor":16.0,"turns":9.0},{"damage":6.0,"enemies":"theJungle:MUSHROOMGANG","floor":18.0,"turns":7.0},{"damage":4.0,"enemies":"theJungle:Flameango_and_Byrd","floor":19.0,"turns":7.0},{"damage":5.0,"enemies":"theJungle:Snecko_Cultist_And_Trap","floor":22.0,"turns":6.0},{"damage":5.0,"enemies":"theJungle:2_Phrogs","floor":23.0,"turns":6.0},{"damage":0.0,"enemies":"theJungle:Cassacara","floor":25.0,"turns":9.0},{"damage":0.0,"enemies":"theJungle:2_Snecko_Cultists","floor":28.0,"turns":4.0},{"damage":0.0,"enemies":"theJungle:JungleHuntersEncounter","floor":30.0,"turns":3.0},{"damage":10.0,"enemies":"theJungle:2_Flameangoes","floor":31.0,"turns":5.0},{"damage":4.0,"enemies":"theJungle:QueenSpyder","floor":33.0,"turns":7.0},{"damage":2.0,"enemies":"3 Darklings","floor":35.0,"turns":5.0},{"damage":0.0,"enemies":"Orb Walker","floor":36.0,"turns":4.0},{"damage":25,"enemies":"4 Shapes","floor":39,"turns":5},{"damage":22,"enemies":"Nemesis","floor":41,"turns":7},{"damage":4,"enemies":"Writhing Mass","floor":42,"turns":6},{"damage":0,"enemies":"Maw","floor":44,"turns":6},{"damage":0,"enemies":"Giant Head","floor":45,"turns":6},{"damage":8,"enemies":"4 Shapes","floor":46,"turns":4},{"damage":34,"enemies":"Awakened One","floor":50,"turns":11}],"seed_played":"-7573666822055107967","potions_obtained":[{"floor":5.0,"key":"Fire Potion"},{"floor":6.0,"key":"Ancient Potion"},{"floor":12.0,"key":"GamblersBrew"},{"floor":13.0,"key":"Strength Potion"},{"floor":18.0,"key":"BlessingOfTheForge"},{"floor":23.0,"key":"Energy Potion"},{"floor":25.0,"key":"EntropicBrew"},{"floor":31.0,"key":"Adrenaline Potion"},{"floor":39,"key":"DistilledChaos"},{"floor":41,"key":"Languid Potion"},{"floor":42,"key":"Adrenaline Potion"}],"is_trial":false,"path_per_floor":["M","M","?","$","M","E","R","M","T","M","R","E","M","M","R","B",null,"M","M","?","$","M","E","R","E","T","R","M","R","M","M","R","B",null,"M","M","$","?","M","R","E","M","T","M","E","M","?","?","R","B",null],"character_chosen":"RUNESMITH_CLASS","items_purchased":["Panache","Runesmith:EarthShield","ReplayTheSpireMod:Private Reserves","ClockworkSouvenir","Runesmith:LithiumIon","Runesmith:LithiumIon+1","ReplayTheSpireMod:Brewmster"],"campfire_rested":6,"item_purchase_floors":[0,4,21,21,21,37,37],"current_hp_per_floor":[61,60,60,60,55,28,49,31,31,25,46,18,13,13,34,18,70,64,70,70,70,65,60,60,63,63,70,70,70,70,60,60,56,70,68,68,68,68,47,68,55,58,58,61,64,60,60,63,91,62],"gold":0,"neow_bonus":"","is_daily":false,"chose_seed":false,"campfire_upgraded":2,"win_rate":0.0,"timestamp":1610034407,"path_taken":["M","?","?","$","M","E","R","?","T","M","R","E","M","M","R","BOSS","M","M","?","$","M","E","R","E","T","R","M","R","M","?","R","BOSS","M","M","$","?","M","R","E","M","T","M","E","M","?","?","R","BOSS"],"items_purchased_type":["Card","Card","Card","Relic","Card","Card","Card"],"build_version":"2020-12-22","purchased_purges":1,"victory":true,"max_hp_per_floor":[70,70,70,70,70,70,70,70,70,70,70,70,70,70,70,70,70,70,70,70,70,70,70,70,70,70,70,70,70,70,70,70,70,70,70,70,70,70,70,70,73,76,76,79,82,85,85,88,91,91],"card_choices":[{"not_picked":["Runesmith:HammerThrow","Runesmith:StaticCage"],"picked":"Runesmith:PoweredAnvil","floor":1.0},{"not_picked":["Runesmith:WhiteBalance","Runesmith:Repurpose"],"picked":"Runesmith:PerfectChisel","floor":2.0},{"not_picked":["Runesmith:Duplicate","Runesmith:ChiselStab"],"picked":"Runesmith:Repurpose","floor":5.0},{"not_picked":["Runesmith:StaticCage","Runesmith:ChiselStab"],"picked":"Runesmith:CraftMedicinae","floor":6.0},{"not_picked":["Runesmith:RunicBlueprint","Runesmith:Augment"],"picked":"Runesmith:Reinforce","floor":8.0},{"not_picked":["Runesmith:HeatedChisel","Runesmith:NegativeSpace"],"picked":"Runesmith:WhiteBalance","floor":10.0},{"not_picked":["Runesmith:Repurpose","Runesmith:MakeshiftArmor"],"picked":"Runesmith:OneForEveryone","floor":12.0},{"not_picked":["Runesmith:ShiftingStrike","Runesmith:HammerThrow"],"picked":"Runesmith:CraftObretio","floor":13.0},{"not_picked":["Runesmith:HammerThrow","Runesmith:EnergizedChisel"],"picked":"Runesmith:MakeshiftArmor","floor":14.0},{"not_picked":["Runesmith:CraftMedicinae","Runesmith:LastStand"],"picked":"Runesmith:DuctTape","floor":16.0},{"not_picked":["Runesmith:CraftSpiculum","Runesmith:ShiftingStrike"],"picked":"Runesmith:CraftMagma+1","floor":18.0},{"not_picked":["Runesmith:NegativeSpace+1","Runesmith:Grindstone"],"picked":"Runesmith:Firestorm","floor":19.0},{"not_picked":["Runesmith:MakeshiftArmor","Runesmith:HeatedChisel"],"picked":"Runesmith:ChaoticBlast","floor":22.0},{"not_picked":["Runesmith:CraftMedicinae","Runesmith:Repurpose+1"],"picked":"Runesmith:HeatedChisel","floor":23.0},{"not_picked":["Runesmith:CraftProtectio","Runesmith:PerfectChisel+1"],"picked":"Runesmith:CreatorForm","floor":25.0},{"not_picked":["Runesmith:StaticCage","Runesmith:Repurpose"],"picked":"Runesmith:NegativeSpace+1","floor":27.0},{"not_picked":["Runesmith:UnstableHammer","Runesmith:HammerTime"],"picked":"Runesmith:CraftMagma","floor":28.0},{"not_picked":["Runesmith:ChiselStab","Runesmith:Overpower","Runesmith:HeatedChisel+1"],"picked":"SKIP","floor":30.0},{"not_picked":["Runesmith:Overpower","Runesmith:HammerThrow"],"picked":"Runesmith:LithiumIon","floor":31.0},{"not_picked":["Runesmith:ReplicatingBarrier","Runesmith:MetallurgicalResearch"],"picked":"Runesmith:DuctTape","floor":33.0},{"not_picked":["Runesmith:MakeshiftArmor","Runesmith:StaticCage"],"picked":"Runesmith:Repurpose+1","floor":35.0},{"not_picked":["Runesmith:HammerAndChisel+1","Runesmith:HeatedChisel"],"picked":"Runesmith:WhiteBalance+1","floor":36.0},{"not_picked":["Runesmith:BackupBattery","Runesmith:Electrocute"],"picked":"Runesmith:Reinforce+1","floor":39},{"not_picked":["Runesmith:CraftProtectio","Runesmith:HeatedChisel+1"],"picked":"Runesmith:Grindstone","floor":40},{"not_picked":["Runesmith:UnstableHammer","Runesmith:EnergizedChisel"],"picked":"Runesmith:Prism","floor":41},{"not_picked":["Runesmith:CraftProtectio+1","Runesmith:CraftSpiculum","Runesmith:HeatedChisel"],"picked":"SKIP","floor":42},{"not_picked":["Runesmith:HeatExchange+1","Runesmith:HammerThrow"],"picked":"Runesmith:Attraction","floor":44},{"not_picked":["Runesmith:UnstableHammer","Runesmith:CraftObretio"],"picked":"Runesmith:HeatExchange","floor":45},{"not_picked":["Runesmith:Repurpose+1","Runesmith:BackupBattery"],"picked":"Runesmith:RuneHurl","floor":46},{"not_picked":["Transmutation","Metamorphosis"],"picked":"ReplayTheSpireMod:Necrogeddon","floor":48},{"not_picked":["Runesmith:RunicBlueprint+1","Runesmith:UnstableHammer+1"],"picked":"Runesmith:StaticCage","floor":49}],"player_experience":125682,"relics_obtained":[{"floor":6.0,"key":"Oddly Smooth Stone"},{"floor":9.0,"key":"Replay:Rubber Ducky"},{"floor":12.0,"key":"Gremlin Food"},{"floor":23.0,"key":"Ornamental Fan"},{"floor":25.0,"key":"Dream Catcher"},{"floor":26.0,"key":"ReplayTheSpireMod:TigerMarble"},{"floor":32.0,"key":"Grinning Jar"},{"floor":41,"key":"Replay:Ringing Soul"},{"floor":43,"key":"InkBottle"},{"floor":45,"key":"Replay:Mystery Machine"}],"event_choices":[{"damage_healed":0.0,"max_hp_gain":0.0,"max_hp_loss":0.0,"gold_gain":0.0,"event_name":"Match and Keep!","player_choice":"1 cards matched","floor":3.0,"gold_loss":0.0,"damage_taken":0.0,"cards_obtained":["Runesmith:FieryHammer"]},{"damage_healed":0.0,"max_hp_gain":0.0,"max_hp_loss":0.0,"gold_gain":0.0,"event_name":"NoteForYourself","player_choice":"Ignored","floor":20.0,"gold_loss":0.0,"damage_taken":0.0},{"damage_healed":0,"gold_gain":0,"player_choice":"Ignored","damage_taken":0,"max_hp_gain":0,"max_hp_loss":0,"event_name":"Mysterious Sphere","floor":38,"gold_loss":0},{"damage_healed":0,"gold_gain":0,"player_choice":"Paid","damage_taken":0,"relics_obtained":["Red Mask"],"max_hp_gain":0,"max_hp_loss":0,"event_name":"Tomb of Lord Red Mask","floor":47,"gold_loss":213},{"damage_healed":0,"gold_gain":0,"player_choice":"Memory 1","damage_taken":0,"max_hp_gain":0,"max_hp_loss":0,"event_name":"SensoryStone","floor":48,"gold_loss":0}],"is_beta":false,"boss_relics":[{"not_picked":["Coffee Dripper","Replay:Ancient Bell"],"picked":"Astrolabe"},{"not_picked":["Replay:Drink Me","Snecko Eye"],"picked":"Runesmith:PocketReactor"}],"items_purged_floors":[4],"is_endless":false,"potions_floor_spawned":[5,6,12,13,14,18,23,25,31,39,41,42],"ascension_level":0}}