{"host":"dhtq6diq1v6cnmza","time":1610060618,"event":{"mods":["Act Like it!","BaseMod","BetterRewards","Colored Map","Colored Powertips","Downfall","Highlight Path","Hubris","Infinite Spire","Minty Spire (QoL Compilation)","Replay The Spire","Shop Mod","StSLib","The Jungle"],"gold_per_floor":[113,113,113,38,48,80,94,94,142,169,184,196,196,210,210,306,306,321,321,70,85,85,85,113,113,186,61,61,89,89,109,109,109,109],"floor_reached":33,"playtime":2755,"items_purged":["Defend_R","Writhe","Defend_R"],"score":381,"play_id":"2c1e5a4a-c613-4e3d-9f52-5e57a378127e","local_time":"20210107180338","is_ascension_mode":true,"campfire_choices":[{"data":"Perfected Strike","floor":13.0,"key":"SMITH"},{"floor":15.0,"key":"REST"},{"floor":23,"key":"REST"},{"floor":25,"key":"REST"},{"floor":30,"key":"DIG"},{"floor":32,"key":"REST"}],"circlet_count":0,"master_deck":["Strike_R","Strike_R","Strike_R","Strike_R","Strike_R","Perfected Strike+1","Twin Strike","Inflame","ReplayTheSpireMod:LeadingStrike","Pommel Strike","Wild Strike","AbeCurse","Headbutt","Warcry+1","Warcry","Headbutt"],"relics":["SacredBark","infinitespire:PuzzleCube","Ice Cream","Toy Ornithopter","Incense Burner","Abe\u0027s Treasure","Shovel","MerchantsRug","theJungle:BirthdayCakeSlice","MealTicket","Bottled Flame","infinitespire:Satchel","Replay:Ringing Soul"],"acts_visited":["Exordium","Exordium"],"potions_floor_usage":[16,16,33,33,33],"damage_taken":[{"damage":13.0,"enemies":"Jaw Worm","floor":1.0,"turns":4.0},{"damage":8.0,"enemies":"2 Louse","floor":5.0,"turns":2.0},{"damage":32.0,"enemies":"Gremlin Nob","floor":6.0,"turns":4.0},{"damage":1.0,"enemies":"infinitespire:Voidling","floor":7.0,"turns":2.0},{"damage":30.0,"enemies":"3 Sentries","floor":10.0,"turns":4.0},{"damage":17.0,"enemies":"3 Louse","floor":11.0,"turns":3.0},{"damage":11.0,"enemies":"Looter","floor":12.0,"turns":2.0},{"damage":1.0,"enemies":"Exordium Wildlife","floor":14.0,"turns":3.0},{"damage":19,"enemies":"Fading Forest","floor":16,"turns":11},{"damage":27,"enemies":"theJungle:MUSHROOMGANG","floor":18,"turns":3},{"damage":32,"enemies":"theJungle:Flameango_and_Byrd","floor":21,"turns":4},{"damage":36,"enemies":"theJungle:2_Phrogs","floor":24,"turns":5},{"damage":22,"enemies":"theJungle:Cassacara","floor":29,"turns":3},{"damage":8,"enemies":"theJungle:Snecko_Cultist_And_Trap","floor":31,"turns":3},{"damage":66,"enemies":"theJungle:FunGuy","floor":33,"turns":6}],"seed_played":"-868306243293711784","potions_obtained":[{"floor":1.0,"key":"FairyPotion"},{"floor":6.0,"key":"ColorlessPotion"},{"floor":7.0,"key":"Ancient Potion"},{"floor":11.0,"key":"EssenceOfSteel"},{"floor":21,"key":"BlessingOfTheForge"},{"floor":29,"key":"LiquidBronze"},{"floor":31,"key":"Adrenaline Potion"}],"is_trial":false,"path_per_floor":["M","?","?","$","M","E","M","?","T","E","M","M","R","M","R","B",null,"M","?","$","M","?","R","E","R","T","$","?","E","R","M","R","B"],"character_chosen":"IRONCLAD","items_purchased":["MerchantsRug"],"campfire_rested":4,"item_purchase_floors":[20],"current_hp_per_floor":[59,59,59,59,51,19,18,15,15,38,21,10,10,9,33,24,66,39,39,39,7,12,37,1,26,26,41,41,19,19,14,40,0,0],"gold":109,"neow_bonus":"BOSS_RELIC","is_daily":false,"chose_seed":false,"campfire_upgraded":1,"win_rate":0.0,"timestamp":1610060618,"path_taken":["M","?","?","$","M","E","?","?","T","E","M","M","R","M","R","BOSS","M","?","$","M","?","R","E","R","T","?","?","E","R","?","R","BOSS"],"items_purchased_type":["Relic"],"build_version":"2020-12-22","purchased_purges":3,"victory":false,"max_hp_per_floor":[80,80,80,80,80,80,80,80,80,80,80,80,80,80,80,80,80,80,80,80,80,85,85,85,85,85,85,85,85,85,88,88,88,88],"card_choices":[{"not_picked":["Fire Breathing","Abandon"],"picked":"Perfected Strike","floor":1.0},{"not_picked":["Body Slam","Rupture"],"picked":"Twin Strike","floor":5.0},{"not_picked":["Inflame","Spot Weakness","Offering"],"picked":"SKIP","floor":6.0},{"not_picked":["Spot Weakness","Offering"],"picked":"Inflame","floor":6.0},{"not_picked":["Fire Breathing","Havoc"],"picked":"ReplayTheSpireMod:LeadingStrike","floor":7.0},{"not_picked":["Feel No Pain","hubris:CleavingFinish","Replay:Undeath\u0027s Touch"],"picked":"SKIP","floor":10.0},{"not_picked":["Cleave","Thunderclap","Uppercut"],"picked":"SKIP","floor":11.0},{"not_picked":["Burning Pact","ReplayTheSpireMod:Strike From Hell"],"picked":"Pommel Strike","floor":12.0},{"not_picked":["Rampage","Warcry"],"picked":"Wild Strike","floor":14.0},{"not_picked":["Body Slam","Anger"],"picked":"Headbutt","floor":18},{"not_picked":["Replay:Undeath\u0027s Touch","Rampage"],"picked":"Warcry+1","floor":21},{"not_picked":["infinitespire:OneForAll+1","hubris:ReadiedAction+1","Inflame+1"],"picked":"SKIP","floor":24},{"not_picked":["Ghostly Armor","Iron Wave"],"picked":"Warcry","floor":29},{"not_picked":["Sword Boomerang","Run Through"],"picked":"Headbutt","floor":31}],"player_experience":198530,"relics_obtained":[{"floor":6.0,"key":"infinitespire:PuzzleCube"},{"floor":9.0,"key":"Toy Ornithopter"},{"floor":10.0,"key":"Incense Burner"},{"floor":24,"key":"MealTicket"},{"floor":26,"key":"Bottled Flame"},{"floor":29,"key":"infinitespire:Satchel"},{"floor":30,"key":"Replay:Ringing Soul"}],"event_choices":[{"cards_removed":["Defend_R"],"damage_healed":0.0,"max_hp_gain":0.0,"max_hp_loss":0.0,"gold_gain":0.0,"event_name":"Purifier","player_choice":"Purged","floor":3.0,"gold_loss":0.0,"damage_taken":0.0},{"damage_healed":0.0,"max_hp_gain":0.0,"max_hp_loss":0.0,"gold_gain":0.0,"event_name":"Scrap Ooze","player_choice":"Success","floor":8.0,"gold_loss":0.0,"damage_taken":3.0,"relics_obtained":["Ice Cream"]},{"cards_removed":["Bash"],"damage_healed":0,"gold_gain":0,"player_choice":"Purged","damage_taken":0,"max_hp_gain":0,"max_hp_loss":0,"event_name":"Purifier","floor":28,"gold_loss":0}],"is_beta":false,"boss_relics":[{"not_picked":["Calling Bell","Ooze Armor"],"picked":"Abe\u0027s Treasure"}],"items_purged_floors":[4,20,27],"is_endless":false,"potions_floor_spawned":[1,6,7,11,21,29,31],"killed_by":"theJungle:FunGuy","ascension_level":6}}