{"host":"z9811rt50ti81n54","time":1610044955,"event":{"mods":["BaseMod","Minty Spire (QoL Compilation)","Random Character Button","SuperFastMode"],"gold_per_floor":[113,113,13,13,24,55,55,68,68,68,85,113,113,125,125,223,223,238,238,269,544,1,1,1,27,327,18,18,29,29,54,54,157,157,177,177,193,1192,781,798,299,315,315,315,6,16,29,56,56,56],"floor_reached":51,"playtime":1362,"items_purged":["Strike_B","Regret","Strike_B","Defend_B","Strike_B+1"],"score":971,"play_id":"44ee3d5e-2a56-47a1-83d0-c53b9e292a70","local_time":"20210108034235","is_ascension_mode":false,"campfire_choices":[{"data":"The Bomb","floor":7,"key":"SMITH"},{"floor":13,"key":"REST"},{"floor":15,"key":"REST"},{"floor":23,"key":"DIG"},{"floor":30,"key":"DIG"},{"floor":32,"key":"DIG"},{"floor":44,"key":"DIG"},{"floor":49,"key":"DIG"}],"circlet_count":0,"master_deck":["Strike_B+1","Defend_B","Defend_B+1","Defend_B+1","Zap","Dualcast","The Bomb+1","Rip and Tear","Compile Driver+1","Zap","Conserve Battery","Electrodynamics","Fusion","Steam Power","Defragment+1","Storm+1","Machine Learning+1","Self Repair+1","Glacier+1","Loop+1","Creative AI+1","Defragment+1","Aggregate+1","Coolheaded+1","Undo+1","Consume+1","Fission+1","Dark Shackles+1","Apotheosis+1","Skim+1","Dark Shackles+1","Impatience+1","Panacea+1","Turbo+1","Glacier+1","White Noise+1","Fission+1","Compile Driver","Compile Driver+1","Steam Power+1"],"relics":["Cracked Core","Ice Cream","Frozen Egg 2","Shuriken","Juzu Bracelet","Nuclear Battery","Torii","Red Mask","Membership Card","PreservedInsect","Shovel","Boot","The Courier","Old Coin","Toxic Egg 2","ClockworkSouvenir","Whetstone","Omamori","Bottled Tornado","Busted Crown","Mummified Hand","War Paint","Mercury Hourglass","Incense Burner","Cables","Question Card","Orrery","Peace Pipe","Eternal Feather","Toolbox","Potion Belt","CaptainsWheel","Lantern","Calipers","Pantograph"],"acts_visited":["Exordium","TheCity","TheBeyond"],"potions_floor_usage":[12,16,20,20,31,33,50,50,50,50],"damage_taken":[{"damage":3,"enemies":"2 Louse","floor":1,"turns":3},{"damage":1,"enemies":"Cultist","floor":5,"turns":3},{"damage":13,"enemies":"Gremlin Nob","floor":6,"turns":4},{"damage":4,"enemies":"Jaw Worm","floor":8,"turns":3},{"damage":8,"enemies":"Red Slaver","floor":11,"turns":3},{"damage":10,"enemies":"3 Sentries","floor":12,"turns":3},{"damage":8,"enemies":"Large Slime","floor":14,"turns":3},{"damage":32,"enemies":"The Guardian","floor":16,"turns":8},{"damage":2,"enemies":"Spheric Guardian","floor":18,"turns":3},{"damage":1,"enemies":"Masked Bandits","floor":20,"turns":2},{"damage":8,"enemies":"Book of Stabbing","floor":25,"turns":4},{"damage":0,"enemies":"2 Thieves","floor":29,"turns":4},{"damage":10,"enemies":"Slavers","floor":31,"turns":2},{"damage":0,"enemies":"Automaton","floor":33,"turns":8},{"damage":0,"enemies":"Orb Walker","floor":35,"turns":3},{"damage":1,"enemies":"3 Darklings","floor":37,"turns":2},{"damage":0,"enemies":"Maw","floor":40,"turns":4},{"damage":0,"enemies":"Spire Growth","floor":42,"turns":3},{"damage":0,"enemies":"4 Shapes","floor":46,"turns":1},{"damage":0,"enemies":"Jaw Worm Horde","floor":47,"turns":1},{"damage":0,"enemies":"Reptomancer","floor":48,"turns":2},{"damage":0,"enemies":"Donu and Deca","floor":50,"turns":4}],"seed_played":"4108469857181230349","potions_obtained":[{"floor":1,"key":"SpeedPotion"},{"floor":12,"key":"Weak Potion"},{"floor":16,"key":"SkillPotion"},{"floor":18,"key":"Explosive Potion"},{"floor":31,"key":"DistilledChaos"},{"floor":33,"key":"FearPotion"},{"floor":40,"key":"SteroidPotion"},{"floor":42,"key":"DistilledChaos"},{"floor":46,"key":"Energy Potion"}],"is_trial":false,"path_per_floor":["M","?","$","?","M","E","R","M","T","T","M","E","R","M","R","B",null,"M","?","?","?","$","R","?","E","T","$","?","M","R","E","R","B",null,"M","?","M","?","$","M","$","M","T","R","$","M","M","E","R","B",null],"character_chosen":"DEFECT","items_purchased":["Compile Driver","Membership Card","PreservedInsect","Shovel","Glacier","Loop+1","Fire Potion","Dexterity Potion","Defragment+1","Toxic Egg 2","ClockworkSouvenir","Aggregate+1","Coolheaded+1","Mummified Hand","War Paint","Dark Shackles+1","Impatience+1","Mercury Hourglass","Panacea+1","Incense Burner","Cables","Question Card","Orrery","Toolbox","Potion Belt","CaptainsWheel","Lantern"],"campfire_rested":2,"item_purchase_floors":[3,22,22,22,22,22,22,22,27,27,27,27,27,39,39,39,39,39,41,41,41,41,41,45,45,45,45],"current_hp_per_floor":[65,51,51,51,50,37,37,33,33,33,25,15,35,27,47,15,68,66,66,68,68,68,68,56,58,58,58,58,68,68,58,58,68,73,73,63,62,62,62,72,72,73,73,73,73,73,73,73,73,73],"gold":56,"neow_bonus":"RANDOM_COLORLESS_2","is_daily":false,"chose_seed":false,"campfire_upgraded":1,"win_rate":0.0,"timestamp":1610044955,"path_taken":["M","?","$","?","?","E","R","M","T","?","?","E","R","M","R","BOSS","M","?","?","?","$","R","?","E","T","$","?","M","R","E","R","BOSS","M","?","M","?","?","M","$","M","T","R","$","M","M","E","R","BOSS"],"items_purchased_type":["Card","Relic","Relic","Relic","Card","Card","Potion","Potion","Card","Relic","Relic","Card","Card","Relic","Relic","Card","Card","Relic","Card","Relic","Relic","Relic","Relic","Relic","Relic","Relic","Relic"],"build_version":"2020-12-22","purchased_purges":5,"victory":true,"max_hp_per_floor":[68,68,68,68,68,68,68,68,68,68,68,68,68,68,68,68,68,68,68,68,68,68,68,73,73,73,73,73,73,73,73,73,73,73,73,73,73,73,73,73,73,73,73,73,73,73,73,73,73,73],"card_choices":[{"not_picked":["Violence","Magnetism"],"picked":"The Bomb","floor":0.0},{"not_picked":["Compile Driver","Force Field"],"picked":"Rip and Tear","floor":1},{"not_picked":["Ball Lightning","Gash"],"picked":"Fusion","floor":5},{"not_picked":["Chaos","Conserve Battery"],"picked":"Steam Power","floor":6},{"not_picked":["Gash","Beam Cell","Streamline"],"picked":"SKIP","floor":8},{"not_picked":["Stack","Beam Cell","Compile Driver"],"picked":"SKIP","floor":11},{"not_picked":["Undo","Turbo"],"picked":"Defragment+1","floor":12},{"not_picked":["Beam Cell","Rebound"],"picked":"Storm+1","floor":14},{"not_picked":["All For One","Fission"],"picked":"Machine Learning+1","floor":16},{"not_picked":["Double Energy+1","Conserve Battery+1"],"picked":"Self Repair+1","floor":18},{"not_picked":["Compile Driver+1","Turbo"],"picked":"Creative AI+1","floor":25},{"not_picked":["Redo+1","Steam+1"],"picked":"Undo+1","floor":29},{"not_picked":["Steam+1","Sunder"],"picked":"Consume+1","floor":31},{"not_picked":["Reboot+1","Hyperbeam"],"picked":"Fission+1","floor":33},{"not_picked":["Conserve Battery+1"],"picked":"SKIP","floor":35},{"not_picked":[],"picked":"Dark Shackles+1","floor":36},{"not_picked":[],"picked":"Apotheosis+1","floor":36},{"not_picked":[],"picked":"Skim+1","floor":37},{"not_picked":["Gash+1"],"picked":"SKIP","floor":40},{"not_picked":["Redo+1"],"picked":"Turbo+1","floor":41},{"not_picked":["Reprogram+1"],"picked":"Glacier+1","floor":41},{"not_picked":["Cold Snap+1"],"picked":"White Noise+1","floor":41},{"not_picked":["Reinforced Body+1"],"picked":"Fission+1","floor":41},{"not_picked":["Barrage+1"],"picked":"Compile Driver","floor":41},{"not_picked":["Self Repair+1","Force Field+1"],"picked":"SKIP","floor":42},{"not_picked":["Redo+1","Storm+1"],"picked":"SKIP","floor":46},{"not_picked":["Redo+1","Storm+1"],"picked":"SKIP","floor":46},{"not_picked":["Compile Driver+1","Streamline+1"],"picked":"SKIP","floor":47},{"not_picked":["Streamline+1"],"picked":"Compile Driver+1","floor":47},{"not_picked":["Reprogram+1"],"picked":"Steam Power+1","floor":48}],"player_experience":314600,"relics_obtained":[{"floor":6,"key":"Ice Cream"},{"floor":9,"key":"Frozen Egg 2"},{"floor":10,"key":"Shuriken"},{"floor":12,"key":"Juzu Bracelet"},{"floor":20,"key":"Red Mask"},{"floor":23,"key":"Boot"},{"floor":25,"key":"The Courier"},{"floor":26,"key":"Old Coin"},{"floor":30,"key":"Whetstone"},{"floor":31,"key":"Omamori"},{"floor":32,"key":"Bottled Tornado"},{"floor":43,"key":"Peace Pipe"},{"floor":44,"key":"Eternal Feather"},{"floor":48,"key":"Calipers"},{"floor":49,"key":"Pantograph"}],"event_choices":[{"damage_healed":0,"gold_gain":0,"player_choice":"Entered Light","damage_taken":14,"max_hp_gain":0,"max_hp_loss":0,"event_name":"Shining Light","floor":2,"gold_loss":0,"cards_upgraded":["Strike_B","Defend_B"]},{"damage_healed":0,"gold_gain":0,"player_choice":"3 cards matched","damage_taken":0,"max_hp_gain":0,"max_hp_loss":0,"event_name":"Match and Keep!","floor":4,"gold_loss":0,"cards_obtained":["Zap","Conserve Battery","Electrodynamics"]},{"damage_healed":0,"gold_gain":0,"player_choice":"Opened","damage_taken":0,"relics_obtained":["Torii"],"max_hp_gain":0,"max_hp_loss":0,"event_name":"The Mausoleum","floor":19,"gold_loss":0},{"damage_healed":0,"gold_gain":0,"player_choice":"Fought Bandits","damage_taken":0,"max_hp_gain":0,"max_hp_loss":0,"event_name":"Masked Bandits","floor":20,"gold_loss":0},{"damage_healed":0,"gold_gain":275,"player_choice":"Desecrate","damage_taken":0,"max_hp_gain":0,"max_hp_loss":0,"event_name":"Golden Shrine","floor":21,"gold_loss":0,"cards_obtained":["Regret"]},{"damage_healed":0,"gold_gain":0,"player_choice":"Shed Blood","damage_taken":17,"max_hp_gain":5,"max_hp_loss":0,"event_name":"Forgotten Altar","floor":24,"gold_loss":0},{"damage_healed":0,"gold_gain":0,"player_choice":"Ignored","damage_taken":0,"max_hp_gain":0,"max_hp_loss":0,"event_name":"Vampires","floor":28,"gold_loss":0},{"damage_healed":0,"gold_gain":0,"player_choice":"Memory 3","damage_taken":10,"max_hp_gain":0,"max_hp_loss":0,"event_name":"SensoryStone","floor":36,"gold_loss":0},{"damage_healed":0,"gold_gain":999,"player_choice":"Gold","damage_taken":0,"max_hp_gain":0,"max_hp_loss":0,"event_name":"MindBloom","floor":38,"gold_loss":0,"cards_obtained":["Normality","Normality"]}],"is_beta":false,"boss_relics":[{"not_picked":["Pandora\u0027s Box","Runic Pyramid"],"picked":"Nuclear Battery"},{"not_picked":["Philosopher\u0027s Stone","Black Star"],"picked":"Busted Crown"}],"items_purged_floors":[3,22,27,39,41],"is_endless":false,"potions_floor_spawned":[1,12,16,18,31,33,40,42,46],"ascension_level":0}}