{"host":"cbu6enf2xtq4r7r3","time":1610058575,"event":{"mods":["2.2 Compatiblity","AlwaysNeverKeys","BaseMod","Better Match","Better Note","Better Sensory Stone","Better Skull","Better Third Choice","Colored Map","Colored Powertips","Defuse TimeMaze Blight","Emptier Cage","Minty Spire (QoL Compilation)","Permanent Neow","Quick Restart","Random Character Button","Relic Sorter","Reorder Act Four","Shop Mod","StSLib"],"gold_per_floor":[209,219,219,49,49,49,87,101,148,166,197,197,241,261,261,386,386,407,482,502,502,502,546,565,578,601,330,330,366,387,106,106,225,225,239,239,239,1238,338,378,398,423,423,446,466,466,46,69,69,69,69,17,17,53,53],"floor_reached":56,"playtime":2425,"items_purged":["Strike_R","Strike_R","Strike_R","Bash+1","Cleave"],"score":1516,"play_id":"ccd2167b-389c-438e-8bd8-f8a43fa680be","local_time":"20210107232935","is_ascension_mode":true,"campfire_choices":[{"data":"Flash of Steel","floor":6,"key":"SMITH"},{"data":"Inflame","floor":12,"key":"SMITH"},{"data":"True Grit","floor":15,"key":"SMITH"},{"data":"Metallicize","floor":28,"key":"SMITH"},{"data":"Whirlwind","floor":32,"key":"SMITH"},{"data":"Limit Break","floor":46,"key":"SMITH"},{"data":"Flash of Steel","floor":49,"key":"SMITH"},{"data":"Shockwave","floor":53,"key":"SMITH"}],"circlet_count":0,"master_deck":["Defend_R","Defend_R","Defend_R","Defend_R","Flash of Steel+1","Shrug It Off","Power Through","Inflame+1","True Grit+1","Impervious","Second Wind","Battle Trance","BootSequence+1","Shrug It Off","Feed","True Grit+1","Dramatic Entrance","Metallicize+1","Whirlwind+1","Limit Break+1","Pommel Strike+1","Flash of Steel+1","Flash of Steel+1","Flash of Steel+1","Shockwave+1","Shockwave+1","Feed","Disarm+1"],"relics":["Burning Blood","Golden Idol","Omamori","Nunchaku","Akabeko","Whetstone","Coffee Dripper","Ice Cream","Toy Ornithopter","StoneCalendar","Happy Flower","Empty Cage","DollysMirror","Gremlin Horn","Matryoshka","Bird Faced Urn","Oddly Smooth Stone","InkBottle","Bottled Lightning","Centennial Puzzle"],"acts_visited":["Exordium","TheCity","TheBeyond","TheEnding"],"potions_floor_usage":[11,11,25,33,44,48,50,55,55],"damage_taken":[{"damage":4,"enemies":"Small Slimes","floor":1,"turns":4},{"damage":5,"enemies":"2 Louse","floor":2,"turns":2},{"damage":29,"enemies":"3 Sentries","floor":7,"turns":9},{"damage":0,"enemies":"Cultist","floor":8,"turns":3},{"damage":0,"enemies":"3 Louse","floor":10,"turns":2},{"damage":1,"enemies":"Gremlin Nob","floor":11,"turns":3},{"damage":12,"enemies":"3 Sentries","floor":13,"turns":8},{"damage":4,"enemies":"Exordium Thugs","floor":14,"turns":3},{"damage":18,"enemies":"Slime Boss","floor":16,"turns":8},{"damage":0,"enemies":"3 Byrds","floor":18,"turns":4},{"damage":6,"enemies":"2 Thieves","floor":20,"turns":4},{"damage":2,"enemies":"Slavers","floor":23,"turns":4},{"damage":0,"enemies":"Snake Plant","floor":24,"turns":4},{"damage":7,"enemies":"3 Cultists","floor":25,"turns":5},{"damage":0,"enemies":"Gremlin Leader","floor":29,"turns":8},{"damage":4,"enemies":"Centurion and Healer","floor":30,"turns":7},{"damage":0,"enemies":"Automaton","floor":33,"turns":9},{"damage":0,"enemies":"3 Shapes","floor":35,"turns":4},{"damage":0,"enemies":"Nemesis","floor":40,"turns":3},{"damage":0,"enemies":"3 Darklings","floor":41,"turns":3},{"damage":0,"enemies":"Sphere and 2 Shapes","floor":42,"turns":1},{"damage":0,"enemies":"Transient","floor":44,"turns":5},{"damage":0,"enemies":"Writhing Mass","floor":45,"turns":7},{"damage":0,"enemies":"3 Darklings","floor":48,"turns":4},{"damage":13,"enemies":"Donu and Deca","floor":50,"turns":7},{"damage":28,"enemies":"Shield and Spear","floor":54,"turns":4},{"damage":54,"enemies":"The Heart","floor":55,"turns":8}],"seed_played":"1865368258313752178","potions_obtained":[{"floor":1,"key":"EssenceOfSteel"},{"floor":7,"key":"Fire Potion"},{"floor":10,"key":"Fruit Juice"},{"floor":20,"key":"BloodPotion"},{"floor":24,"key":"ColorlessPotion"},{"floor":25,"key":"HeartOfIron"},{"floor":40,"key":"AttackPotion"},{"floor":45,"key":"SneckoOil"}],"is_trial":false,"path_per_floor":["M","M","?","$","?","R","E","M","T","M","E","R","E","M","R","B",null,"M","?","M","?","?","E","M","M","T","$","R","E","M","$","R","B",null,"M","?","$","?","$","E","M","M","T","M","M","R","$","M","R","B",null,"$","R","E","B",null],"character_chosen":"IRONCLAD","items_purchased":["Flash of Steel","Dramatic Entrance","Metallicize","Happy Flower","Flash of Steel","DollysMirror","Gremlin Horn","Matryoshka","Bottled Lightning","Strength Potion"],"campfire_rested":0,"item_purchase_floors":[4,27,27,31,39,39,39,39,47,52],"current_hp_per_floor":[80,80,74,74,67,67,44,50,50,56,66,66,60,62,62,50,79,79,72,72,72,72,76,79,81,81,81,81,82,82,82,82,82,82,85,85,85,85,85,85,85,85,85,85,85,85,85,88,88,83,88,88,88,70,53],"gold":53,"neow_bonus":"HUNDRED_GOLD","is_daily":false,"chose_seed":false,"campfire_upgraded":8,"win_rate":0.0,"timestamp":1610058575,"path_taken":["M","M","?","$","?","R","E","M","T","M","E","R","E","M","R","BOSS","M","?","?","?","?","E","M","M","T","$","R","E","M","$","R","BOSS","M","?","$","?","$","E","M","M","T","M","M","R","$","M","R","BOSS","$","R","E","BOSS"],"items_purchased_type":["Card","Card","Card","Relic","Card","Relic","Relic","Relic","Relic","Potion"],"build_version":"2020-12-22","purchased_purges":5,"victory":true,"max_hp_per_floor":[80,80,74,74,74,74,74,74,74,74,79,79,79,79,79,79,79,79,79,79,79,79,79,79,82,82,82,82,82,82,82,82,82,82,85,85,85,85,85,85,85,85,85,85,85,85,85,88,88,88,88,88,88,88,88],"card_choices":[{"not_picked":["Second Wind","Bloodletting"],"picked":"Wild Strike","floor":1},{"not_picked":["Pommel Strike","Pummel"],"picked":"Cleave","floor":2},{"not_picked":["Armaments","Reckless Charge"],"picked":"Shrug It Off","floor":7},{"not_picked":["Body Slam","Hemokinesis"],"picked":"Power Through","floor":8},{"not_picked":["Cleave","Barricade"],"picked":"Inflame","floor":10},{"not_picked":["Uppercut","Anger","Heavy Blade"],"picked":"SKIP","floor":11},{"not_picked":["Armaments","Heavy Blade"],"picked":"True Grit","floor":13},{"not_picked":["Dark Embrace","Spot Weakness"],"picked":"Immolate","floor":14},{"not_picked":["Exhume","Double Tap"],"picked":"Impervious","floor":16},{"not_picked":["Searing Blow","Twin Strike"],"picked":"Second Wind","floor":18},{"not_picked":["Dropkick","Thunderclap"],"picked":"Battle Trance","floor":20},{"not_picked":["Havoc","Flame Barrier+1"],"picked":"Shrug It Off","floor":23},{"not_picked":["Wild Strike","Twin Strike+1"],"picked":"Feed","floor":24},{"not_picked":["Dropkick","Thunderclap"],"picked":"True Grit+1","floor":25},{"not_picked":["Spot Weakness","Wild Strike"],"picked":"Whirlwind","floor":29},{"not_picked":["Pommel Strike","Body Slam","Thunderclap"],"picked":"SKIP","floor":30},{"not_picked":["Fiend Fire","Demon Form"],"picked":"Limit Break","floor":33},{"not_picked":["Havoc","Perfected Strike+1"],"picked":"Pommel Strike+1","floor":35},{"not_picked":["Power Through","Wild Strike+1","Dark Embrace+1"],"picked":"SKIP","floor":40},{"not_picked":["Bloodletting","Thunderclap+1","Inflame+1"],"picked":"SKIP","floor":41},{"not_picked":["Armaments","Power Through+1"],"picked":"Shockwave+1","floor":42},{"not_picked":["Entrench+1","Havoc+1"],"picked":"Shockwave","floor":44},{"not_picked":["Perfected Strike+1","Dark Embrace+1"],"picked":"Feed","floor":45},{"not_picked":["Inflame","Iron Wave","Evolve"],"picked":"SKIP","floor":48},{"not_picked":["Burning Pact","Havoc"],"picked":"Disarm+1","floor":54}],"player_experience":73139,"relics_obtained":[{"floor":7,"key":"Omamori"},{"floor":9,"key":"Nunchaku"},{"floor":11,"key":"Akabeko"},{"floor":13,"key":"Whetstone"},{"floor":23,"key":"Ice Cream"},{"floor":26,"key":"Toy Ornithopter"},{"floor":29,"key":"StoneCalendar"},{"floor":40,"key":"Bird Faced Urn"},{"floor":43,"key":"Oddly Smooth Stone"},{"floor":43,"key":"InkBottle"},{"floor":54,"key":"Centennial Puzzle"}],"event_choices":[{"damage_healed":0,"gold_gain":0,"player_choice":"Lose Max HP","damage_taken":0,"relics_obtained":["Golden Idol"],"max_hp_gain":0,"max_hp_loss":6,"event_name":"Golden Idol","floor":3,"gold_loss":0},{"cards_removed":["Strike_R"],"damage_healed":0,"gold_gain":0,"player_choice":"Card Removal","damage_taken":7,"max_hp_gain":0,"max_hp_loss":0,"event_name":"Golden Wing","floor":5,"gold_loss":0},{"damage_healed":0,"gold_gain":75,"player_choice":"Touch","damage_taken":7,"max_hp_gain":0,"max_hp_loss":0,"event_name":"FaceTrader","floor":19,"gold_loss":0},{"cards_removed":["Flash of Steel"],"damage_healed":0,"gold_gain":0,"player_choice":"Take \u0026 Give","damage_taken":0,"max_hp_gain":0,"max_hp_loss":0,"event_name":"betterNote:BetterNote","floor":21,"gold_loss":0,"cards_obtained":["BootSequence"]},{"damage_healed":0,"gold_gain":0,"player_choice":"Ignored","damage_taken":0,"max_hp_gain":0,"max_hp_loss":0,"event_name":"Ghosts","floor":22,"gold_loss":0},{"damage_healed":0,"gold_gain":3,"player_choice":"4","damage_taken":0,"max_hp_gain":0,"max_hp_loss":0,"event_name":"betterStone:BetterStone","floor":36,"gold_loss":0,"cards_obtained":["Flash of Steel"]},{"damage_healed":0,"gold_gain":999,"player_choice":"Gold","damage_taken":0,"max_hp_gain":0,"max_hp_loss":0,"event_name":"MindBloom","floor":38,"gold_loss":0,"cards_obtained":["Normality","Normality"]}],"is_beta":false,"boss_relics":[{"not_picked":["Philosopher\u0027s Stone","Fusion Hammer"],"picked":"Coffee Dripper"},{"not_picked":["Tiny House","Velvet Choker"],"picked":"Empty Cage"}],"items_purged_floors":[4,27,31,39,47],"is_endless":false,"potions_floor_spawned":[1,7,10,20,24,25,29,40,42,45],"ascension_level":2}}