{"host":"zntn5kfpqqjb7mu3","time":1610002919,"event":{"mods":["AchievementEnabler","Aspiration","BaseMod","Better-Laid Plans","Colored Map","Colored Powertips","Curses Come First","DNKmod","Friendly Minions","Hermit","Marked Mod","Minty Spire (QoL Compilation)","MostiFishMod","Permanent Neow","Quick Restart","Rare Cards Sparkle","Relic Stats","Remove Card Discount Mod","Replay The Spire","Spicy Shops","StSLib","SuperFastMode","TestMod","Waifu the Spire","vexMod","¡¾ÒÅÎï¿¨ÅÆ¡¿REMEMod","óô»ðÖ¸ÄÏ"],"gold_per_floor":[10017,9299,9399,9418,9432,9432,9448,9465,9465,9478,9519,9435,9435,9459,9262,9262,9262],"floor_reached":16,"playtime":693,"items_purged":["Defend_G","Defend_G","Defend_G","Regret","Strike_G","Defend_G","Defend_G"],"score":212,"play_id":"eee8bf52-bcf2-4687-8fe3-0aa25f314618","local_time":"20210107150159","is_ascension_mode":true,"campfire_choices":[{"floor":6,"key":"RECALL"}],"circlet_count":0,"master_deck":["Strike_G","Strike_G","Strike_G","Strike_G","Survivor","Neutralize","REME_ShadowForm","Atom Bomb","Cloak And Dagger","Backflip","MostiFishMod:PreservedThorns","Cloak And Dagger","A Thousand Cuts","MostiFishMod:VineMother+1","MostiFishMod:ThornCasing","Cloak And Dagger","Cloak And Dagger","Quick Slash","PiercingWail","Pride","Backflip"],"relics":["Ring of the Snake","testmod-TestBox","REME_ComplimentaryCards","DaveBox","SacredBark","testmod-DeterminationOfClimber","SynthV:TestCard","Paper Crane","REME_PoisonedDagger","Membership Card","Dream Catcher","Iron Hammer","Mercury Hourglass","DollysMirror"],"acts_visited":["Exordium"],"potions_floor_usage":[],"damage_taken":[{"damage":0,"enemies":"Small Slimes","floor":1,"turns":1},{"damage":0,"enemies":"Cultist","floor":4,"turns":1},{"damage":0,"enemies":"2 Louse","floor":5,"turns":1},{"damage":0,"enemies":"2 Fungi Beasts","floor":7,"turns":1},{"damage":0,"enemies":"Exordium Thugs","floor":8,"turns":2},{"damage":0,"enemies":"Exordium Wildlife","floor":10,"turns":1},{"damage":0,"enemies":"3 Sentries","floor":11,"turns":2},{"damage":0,"enemies":"Looter","floor":14,"turns":1},{"damage":0,"enemies":"The Guardian","floor":16,"turns":1}],"seed_played":"-5963126479082158563","potions_obtained":[{"floor":5,"key":"Ancient Potion"},{"floor":10,"key":"Fire Potion"},{"floor":14,"key":"REME_GoldPotion"}],"is_trial":false,"path_per_floor":["M","$","?","M","M","R","M","M","T","M","E","R","?","M","R","B"],"character_chosen":"THE_SILENT","items_purchased":["Paper Crane","REME_PoisonedDagger","Membership Card","Backflip","MostiFishMod:PreservedThorns","Cloak And Dagger","Iron Hammer","PiercingWail","Mercury Hourglass","DollysMirror"],"campfire_rested":0,"item_purchase_floors":[2,2,2,2,2,12,12,15,15,15],"current_hp_per_floor":[63,63,63,63,67,67,70,70,70,70,70,70,70,70,70,70,70],"gold":9262,"neow_bonus":"ONE_RANDOM_RARE_CARD","is_daily":false,"chose_seed":false,"campfire_upgraded":0,"win_rate":0.0,"timestamp":1610002919,"path_taken":["M","$","?","M","M","R","?","M","T","M","E","R","?","M","R","BOSS"],"items_purchased_type":["Relic","Relic","Relic","Card","Card","Card","Relic","Card","Relic","Relic"],"build_version":"2020-12-22","purchased_purges":7,"victory":false,"max_hp_per_floor":[70,70,70,70,70,70,70,70,70,70,70,70,70,70,70,70,70],"relic_stats":{"Dream Catcher":0,"counters":[9,11],"obtain_stats":[{"testmod-TestBox":0,"DaveBox":0,"SacredBark":0,"Paper Crane":2,"REME_PoisonedDagger":2,"Mercury Hourglass":15,"Dream Catcher":11,"SynthV:TestCard":1,"DollysMirror":15,"Iron Hammer":12,"testmod-DeterminationOfClimber":0,"Membership Card":2,"Ring of the Snake":0,"REME_ComplimentaryCards":0},{"testmod-TestBox":0,"DaveBox":0,"SacredBark":0,"Paper Crane":1,"REME_PoisonedDagger":1,"Mercury Hourglass":8,"Dream Catcher":7,"SynthV:TestCard":1,"DollysMirror":8,"Iron Hammer":7,"testmod-DeterminationOfClimber":0,"Membership Card":1,"Ring of the Snake":0,"REME_ComplimentaryCards":0},{"testmod-TestBox":0,"DaveBox":0,"SacredBark":0,"Paper Crane":1,"REME_PoisonedDagger":1,"Mercury Hourglass":10,"Dream Catcher":9,"SynthV:TestCard":1,"DollysMirror":10,"Iron Hammer":9,"testmod-DeterminationOfClimber":0,"Membership Card":1,"Ring of the Snake":0,"REME_ComplimentaryCards":0}],"Ring of the Snake":[18],"Mercury Hourglass":[3]},"card_choices":[{"not_picked":["Calculated Gamble","Underhanded Strike"],"picked":"Cloak And Dagger","floor":1},{"not_picked":["Flying Knee","Quick Slash","Footwork","Dagger Spray"],"picked":"Cloak And Dagger","floor":4},{"not_picked":["Slice","Prepared","Crippling Poison","MostiFishMod:PerfectParry"],"picked":"A Thousand Cuts","floor":5},{"not_picked":["Dagger Spray","Slice","Dagger Throw","Cloak And Dagger"],"picked":"MostiFishMod:VineMother","floor":7},{"not_picked":["Well Laid Plans","Backflip","Quick Slash","Bane"],"picked":"MostiFishMod:ThornCasing","floor":8},{"not_picked":["Hidden Blade","Quick Slash","Dash","Noxious Fumes"],"picked":"Cloak And Dagger","floor":10},{"not_picked":["Predator","Acrobatics","ReplayTheSpireMod:Speed Training","Dodge and Roll","Accuracy"],"picked":"SKIP","floor":11},{"not_picked":["Deadly Poison","Outmaneuver","Concentrate","Malaise"],"picked":"Quick Slash","floor":14}],"player_experience":61329,"relics_obtained":[{"floor":1,"key":"SynthV:TestCard"},{"floor":11,"key":"Dream Catcher"}],"event_choices":[{"damage_healed":0,"gold_gain":100,"player_choice":"Pray","damage_taken":0,"max_hp_gain":0,"max_hp_loss":0,"event_name":"Golden Shrine","floor":3,"gold_loss":0},{"damage_healed":0,"gold_gain":0,"player_choice":"Grow","damage_taken":0,"max_hp_gain":0,"max_hp_loss":0,"event_name":"Living Wall","floor":13,"gold_loss":0,"cards_upgraded":["MostiFishMod:VineMother"]}],"is_beta":false,"boss_relics":[],"items_purged_floors":[2,2,12,12,15,15,15],"is_endless":false,"potions_floor_spawned":[5,10,14],"killed_by":"The Guardian","ascension_level":9}}