{"host":"xrbutm0tzv4qwo7u","time":1610032521,"event":{"mods":["AchievementEnabler","BaseMod","Colored Powertips","Hermit","Minty Spire (QoL Compilation)","StSLib","The Cursed","The Marked"],"gold_per_floor":[118,118,130,130,147,172,172,182,251,251,68,68,48,68,68,168,168,181,14,31,130,80,80,90,119,142,158,191,191,191],"floor_reached":29,"playtime":1106,"items_purged":[],"score":288,"play_id":"3768e82f-f60a-4c31-9907-64679c3b624e","local_time":"20210107091521","is_ascension_mode":false,"campfire_choices":[{"data":"Catalyst","floor":12,"key":"SMITH"},{"floor":15,"key":"REST"},{"data":"After Image","floor":23,"key":"SMITH"}],"circlet_count":0,"master_deck":["Strike_G","Strike_G+1","Defend_G","Defend_G","Defend_G","Defend_G","Defend_G","Survivor","Neutralize+1","Deadly Poison","Bouncing Flask","Predator","After Image+1","Choke","Catalyst+1","Noxious Fumes","Poisoned Stab","Deflect+1","Flying Knee","After Image","Dodge and Roll+1","Corpse Explosion+1","Bane","Poisoned Stab","PiercingWail+1","Bane","Escape Plan+1","Outmaneuver+1","Crippling Poison+1"],"relics":["Ring of the Snake","Mango","Toxic Egg 2","Bag of Preparation","Empty Cage","Ornamental Fan","Pen Nib","Molten Egg 2"],"acts_visited":["Exordium","TheCity"],"potions_floor_usage":[6,16,24,25,28],"damage_taken":[{"damage":2,"enemies":"2 Louse","floor":1,"turns":3},{"damage":0,"enemies":"Cultist","floor":3,"turns":4},{"damage":0,"enemies":"Small Slimes","floor":5,"turns":3},{"damage":6,"enemies":"Gremlin Nob","floor":6,"turns":4},{"damage":0,"enemies":"2 Fungi Beasts","floor":8,"turns":4},{"damage":20,"enemies":"Gremlin Gang","floor":14,"turns":6},{"damage":8,"enemies":"The Guardian","floor":16,"turns":6},{"damage":0,"enemies":"Chosen","floor":18,"turns":4},{"damage":5,"enemies":"3 Byrds","floor":20,"turns":3},{"damage":0,"enemies":"Cultist and Chosen","floor":24,"turns":7},{"damage":26,"enemies":"Slavers","floor":25,"turns":6},{"damage":10,"enemies":"Snecko","floor":27,"turns":7},{"damage":31,"enemies":"Book of Stabbing","floor":28,"turns":6},{"damage":20,"enemies":"Chosen and Byrds","floor":29,"turns":5}],"seed_played":"4368256823117471144","potions_obtained":[{"floor":0,"key":"SmokeBomb"},{"floor":0,"key":"GhostInAJar"},{"floor":0,"key":"BlessingOfTheForge"},{"floor":1,"key":"SkillPotion"},{"floor":6,"key":"AttackPotion"},{"floor":13,"key":"GhostInAJar"},{"floor":16,"key":"SteroidPotion"},{"floor":28,"key":"Fruit Juice"}],"is_trial":false,"path_per_floor":["M","?","M","?","M","E","?","M","T","?","$","R","?","M","R","B",null,"M","$","M","?","?","R","M","E","T","M","E","M"],"character_chosen":"THE_SILENT","items_purchased":["Noxious Fumes","Poisoned Stab","Poison Potion","Deflect+1","Corpse Explosion+1","Bane","Poisoned Stab"],"campfire_rested":1,"item_purchase_floors":[11,11,11,11,19,19,19],"current_hp_per_floor":[68,68,68,54,54,62,62,62,62,50,50,50,50,30,55,47,84,84,84,79,79,79,79,79,53,53,43,17,0,0],"gold":191,"neow_bonus":"THREE_SMALL_POTIONS","is_daily":false,"chose_seed":false,"campfire_upgraded":2,"win_rate":0.0,"timestamp":1610032521,"path_taken":["M","?","?","?","M","E","?","?","T","?","$","R","?","M","R","BOSS","M","?","M","?","?","R","?","E","T","M","E","M"],"items_purchased_type":["Card","Card","Potion","Card","Card","Card","Card"],"build_version":"2020-12-22","purchased_purges":0,"victory":false,"max_hp_per_floor":[70,70,70,70,70,84,84,84,84,84,84,84,84,84,84,84,84,84,84,84,84,84,84,84,84,84,84,89,89,89],"card_choices":[{"not_picked":["Noxious Fumes","Escape Plan"],"picked":"Deadly Poison","floor":1},{"not_picked":["Deadly Poison","Blur"],"picked":"Bouncing Flask","floor":3},{"not_picked":["Flying Knee","All Out Attack"],"picked":"Predator","floor":5},{"not_picked":["Acrobatics","Underhanded Strike"],"picked":"After Image","floor":6},{"not_picked":["Well Laid Plans","Slice"],"picked":"Catalyst","floor":8},{"not_picked":["Blade Dance+1","Underhanded Strike"],"picked":"Flying Knee","floor":14},{"not_picked":["Adrenaline+1","Wraith Form v2"],"picked":"After Image","floor":16},{"not_picked":["Riddle With Holes","Quick Slash"],"picked":"Dodge and Roll+1","floor":18},{"not_picked":["Blade Dance+1","Backflip+1"],"picked":"PiercingWail+1","floor":20},{"not_picked":["Sucker Punch","Underhanded Strike"],"picked":"Bane","floor":24},{"not_picked":["Sucker Punch","Outmaneuver+1"],"picked":"Escape Plan+1","floor":25},{"not_picked":["Sucker Punch","Acrobatics+1"],"picked":"Outmaneuver+1","floor":27},{"not_picked":["Dagger Throw+1","After Image"],"picked":"Crippling Poison+1","floor":28}],"player_experience":23985,"relics_obtained":[{"floor":6,"key":"Mango"},{"floor":9,"key":"Toxic Egg 2"},{"floor":25,"key":"Ornamental Fan"},{"floor":26,"key":"Pen Nib"},{"floor":28,"key":"Molten Egg 2"}],"event_choices":[{"damage_healed":0,"gold_gain":0,"player_choice":"Ignored","damage_taken":0,"max_hp_gain":0,"max_hp_loss":0,"event_name":"NoteForYourself","floor":2,"gold_loss":0},{"damage_healed":0,"gold_gain":0,"player_choice":"Entered Light","damage_taken":14,"max_hp_gain":0,"max_hp_loss":0,"event_name":"Shining Light","floor":4,"gold_loss":0,"cards_upgraded":["Strike_G","Neutralize"]},{"damage_healed":0,"gold_gain":0,"cards_transformed":["Strike_G"],"player_choice":"Transformed","damage_taken":0,"max_hp_gain":0,"max_hp_loss":0,"event_name":"Transmorgrifier","floor":7,"gold_loss":0,"cards_obtained":["Choke"]},{"damage_healed":0,"gold_gain":0,"player_choice":"Success","damage_taken":12,"relics_obtained":["Bag of Preparation"],"max_hp_gain":0,"max_hp_loss":0,"event_name":"Scrap Ooze","floor":10,"gold_loss":0},{"damage_healed":0,"gold_gain":0,"player_choice":"Bought 1 Potion","damage_taken":0,"max_hp_gain":0,"max_hp_loss":0,"event_name":"The Woman in Blue","floor":13,"gold_loss":0},{"damage_healed":0,"gold_gain":99,"player_choice":"Stole From Cult","damage_taken":0,"max_hp_gain":0,"max_hp_loss":0,"event_name":"Nest","floor":21,"gold_loss":0},{"damage_healed":0,"gold_gain":0,"player_choice":"Bet on Murderer","damage_taken":0,"max_hp_gain":0,"max_hp_loss":0,"event_name":"The Joust","floor":22,"gold_loss":50}],"is_beta":false,"boss_relics":[{"not_picked":["Sozu","Calling Bell"],"picked":"Empty Cage"}],"items_purged_floors":[],"is_endless":false,"potions_floor_spawned":[1,5,6,16,18,20,28],"killed_by":"Chosen and Byrds","ascension_level":0}}