{"host":"exhp4inpfmbngj23","time":1610048372,"event":{"mods":["Abigail Mod","BaseMod","Beaked The Cultist","Friendly Minions","Gremlin Mod","Kiyohime????","Minty Spire (QoL Compilation)","StSLib","The Alterego"],"gold_per_floor":[117,71,71,71,71,71,81,28,53,83,95,95,111,76,76,176,176,194,194,194,194,160,160,160,160],"floor_reached":24,"playtime":1376,"items_purged":[],"score":236,"play_id":"cf0b9e74-a588-4024-829b-aeb9f8b2e613","local_time":"20210107113932","is_ascension_mode":true,"campfire_choices":[{"data":"alterego_mod:Impale","floor":6,"key":"SMITH"},{"data":"alterego_mod:Schoolgirl","floor":15,"key":"SMITH"},{"floor":23,"key":"REST"}],"circlet_count":0,"master_deck":["alterego_mod:Strike+1","alterego_mod:Strike+1","alterego_mod:Strike+1","alterego_mod:Strike+1","alterego_mod:Defend+1","alterego_mod:Defend+1","alterego_mod:Defend+1","alterego_mod:Defend+1","alterego_mod:Impale+1","alterego_mod:BigMeatyClaws","alterego_mod:BrynhildrsRune","alterego_mod:MaintainEyeContact","alterego_mod:DiscoLights+1","alterego_mod:DeftHands","alterego_mod:Bounce","alterego_mod:ChallengeComplete","alterego_mod:Schoolgirl+1","alterego_mod:Valentines","alterego_mod:IdEs","alterego_mod:AlterEgo","alterego_mod:Pet","alterego_mod:Maid+1","alterego_mod:Cooking"],"relics":["alterego_mod:MasochisticConstitution","Toy Ornithopter","Omamori","beaked:SacredDeck","Nilry\u0027s Codex","Prayer Wheel"],"acts_visited":["Exordium","TheCity"],"potions_floor_usage":[10,10,12,16,18,18],"damage_taken":[{"damage":0,"enemies":"Small Slimes","floor":1,"turns":4},{"damage":2,"enemies":"Jaw Worm","floor":7,"turns":9},{"damage":40,"enemies":"Gremlin Nob","floor":10,"turns":5},{"damage":0,"enemies":"2 Louse","floor":11,"turns":6},{"damage":9,"enemies":"Red Slaver","floor":13,"turns":7},{"damage":25,"enemies":"Slime Boss","floor":16,"turns":8},{"damage":18,"enemies":"Shell Parasite","floor":18,"turns":7},{"damage":38,"enemies":"2 Thieves","floor":22,"turns":5},{"damage":58,"enemies":"Gremlin Leader","floor":24,"turns":4}],"seed_played":"-5934567118633486109","potions_obtained":[{"floor":1,"key":"Swift Potion"},{"floor":7,"key":"ColorlessPotion"},{"floor":12,"key":"Fruit Juice"},{"floor":12,"key":"SpeedPotion"},{"floor":12,"key":"DuplicationPotion"},{"floor":13,"key":"SpeedPotion"},{"floor":18,"key":"GamblersBrew"}],"is_trial":false,"path_per_floor":["M","$","?","?","T","R","M","$","T","E","M","?","M","?","R","B",null,"M","?","?","?","M","R","E"],"character_chosen":"The_Alterego","items_purchased":["alterego_mod:DiscoLights","alterego_mod:Bounce"],"campfire_rested":1,"item_purchase_floors":[2,8],"current_hp_per_floor":[77,77,77,77,77,77,76,76,76,39,53,63,62,83,83,61,86,72,56,56,56,19,45,0,0],"gold":160,"neow_bonus":"TEN_PERCENT_HP_BONUS","is_daily":false,"chose_seed":false,"campfire_upgraded":2,"win_rate":0.0,"timestamp":1610048372,"path_taken":["M","$","?","?","?","R","M","$","T","E","M","?","?","?","R","BOSS","M","?","?","?","M","R","E"],"items_purchased_type":["Card","Card"],"build_version":"2020-12-22","purchased_purges":0,"victory":false,"max_hp_per_floor":[77,77,77,77,77,77,78,78,78,79,79,84,85,85,85,86,86,87,87,87,87,88,88,88,88],"card_choices":[{"not_picked":["alterego_mod:Table","alterego_mod:DeftHands"],"picked":"alterego_mod:MaintainEyeContact","floor":1},{"not_picked":["alterego_mod:TrashNCrash","alterego_mod:Jiggle"],"picked":"alterego_mod:DeftHands","floor":7},{"not_picked":["alterego_mod:Rip","alterego_mod:Clap"],"picked":"alterego_mod:ChallengeComplete","floor":10},{"not_picked":["alterego_mod:BiFurious","alterego_mod:DestructionOfProperty"],"picked":"alterego_mod:Schoolgirl","floor":11},{"not_picked":["alterego_mod:Cycle","alterego_mod:Weigh"],"picked":"alterego_mod:Valentines","floor":13},{"not_picked":["alterego_mod:Vow","alterego_mod:Lift"],"picked":"alterego_mod:IdEs","floor":16},{"not_picked":["alterego_mod:PerceptionDisorder","alterego_mod:Table"],"picked":"alterego_mod:Pet","floor":18},{"not_picked":["alterego_mod:PresenceConcealment+1","alterego_mod:Mirror"],"picked":"alterego_mod:Maid+1","floor":22},{"not_picked":["alterego_mod:BiFurious","alterego_mod:Belle"],"picked":"alterego_mod:Cooking","floor":22}],"player_experience":1912785,"relics_obtained":[{"floor":9,"key":"Toy Ornithopter"},{"floor":10,"key":"Omamori"},{"floor":19,"key":"Nilry\u0027s Codex"}],"event_choices":[{"damage_healed":0,"gold_gain":0,"player_choice":"Grow","damage_taken":0,"max_hp_gain":0,"max_hp_loss":0,"event_name":"Living Wall","floor":3,"gold_loss":0,"cards_upgraded":["alterego_mod:DiscoLights"]},{"damage_healed":0,"gold_gain":0,"player_choice":"Ignored","damage_taken":0,"max_hp_gain":0,"max_hp_loss":0,"event_name":"Golden Wing","floor":4,"gold_loss":0},{"damage_healed":0,"gold_gain":0,"player_choice":"Got Potions","damage_taken":0,"max_hp_gain":0,"max_hp_loss":0,"event_name":"Lab","floor":12,"gold_loss":0},{"damage_healed":21,"gold_gain":0,"player_choice":"Healed","damage_taken":0,"max_hp_gain":0,"max_hp_loss":0,"event_name":"The Cleric","floor":14,"gold_loss":35},{"damage_healed":0,"gold_gain":0,"player_choice":"Obtained Book","damage_taken":16,"max_hp_gain":0,"max_hp_loss":0,"event_name":"Cursed Tome","floor":19,"gold_loss":0},{"damage_healed":0,"gold_gain":0,"player_choice":"Simplicity","damage_taken":0,"max_hp_gain":0,"max_hp_loss":0,"event_name":"Back to Basics","floor":20,"gold_loss":0,"cards_upgraded":["alterego_mod:Strike","alterego_mod:Strike","alterego_mod:Strike","alterego_mod:Strike","alterego_mod:Defend","alterego_mod:Defend","alterego_mod:Defend","alterego_mod:Defend"]},{"damage_healed":0,"gold_gain":0,"player_choice":"Opened","damage_taken":0,"relics_obtained":["Prayer Wheel"],"max_hp_gain":0,"max_hp_loss":0,"event_name":"The Mausoleum","floor":21,"gold_loss":0}],"is_beta":false,"boss_relics":[{"not_picked":["Snecko Eye","Pandora\u0027s Box"],"picked":"beaked:SacredDeck"}],"items_purged_floors":[],"is_endless":false,"potions_floor_spawned":[1,7,13,18],"killed_by":"Gremlin Leader","ascension_level":2}}