{"host":"873t0y8ybyo38pfq","time":1610026314,"event":{"mods":["BaseMod","Bestiary","Colored Map","Colored Powertips","Highlight Path","Minty Spire (QoL Compilation)","Quick Restart","RNG Fix","Rare Cards Sparkle","Relic Stats","StSLib"],"gold_per_floor":[15,32,32,106,121,121,155,155,155,186,16,29,44,73,73,152,152,170,70,70,87,107,107,107,107],"floor_reached":24,"playtime":1143,"items_purged":["Strike_B","Strike_B"],"score":482,"play_id":"314a1c0b-dd8d-430f-9caf-957161304c0e","local_time":"20210107083154","is_ascension_mode":true,"campfire_choices":[{"data":"Fusion","floor":6,"key":"SMITH"},{"floor":8,"key":"REST"},{"data":"Capacitor","floor":15,"key":"SMITH"},{"floor":23,"key":"REST"}],"circlet_count":0,"master_deck":["AscendersBane","Defend_B","Defend_B","Defend_B","Defend_B","Zap","Dualcast","Fusion+1","Tempest","Sunder","Undo","Coolheaded","Coolheaded","Biased Cognition","Capacitor+1","Redo","Ball Lightning","Conserve Battery","Glacier","Echo Form","Compile Driver","Decay","Reinforced Body+1","Turbo"],"relics":["FrozenCore","Anchor","Blue Candle","Question Card","Sundial","Oddly Smooth Stone"],"acts_visited":["Exordium","TheCity"],"potions_floor_usage":[7,7,16,21,24],"damage_taken":[{"damage":7,"enemies":"2 Louse","floor":1,"turns":3},{"damage":0,"enemies":"Small Slimes","floor":2,"turns":3},{"damage":0,"enemies":"Jaw Worm","floor":5,"turns":3},{"damage":11,"enemies":"Gremlin Nob","floor":7,"turns":3},{"damage":13,"enemies":"3 Sentries","floor":10,"turns":6},{"damage":7,"enemies":"3 Louse","floor":12,"turns":3},{"damage":0,"enemies":"Blue Slaver","floor":13,"turns":4},{"damage":0,"enemies":"Lagavulin","floor":14,"turns":6},{"damage":5,"enemies":"The Guardian","floor":16,"turns":12},{"damage":11,"enemies":"Shell Parasite","floor":18,"turns":6},{"damage":31,"enemies":"Chosen","floor":21,"turns":7},{"damage":6,"enemies":"Centurion and Healer","floor":22,"turns":6},{"damage":42,"enemies":"3 Cultists","floor":24,"turns":7}],"seed_played":"8507493049379914645","potions_obtained":[{"floor":1,"key":"DistilledChaos"},{"floor":2,"key":"SkillPotion"},{"floor":12,"key":"FearPotion"},{"floor":14,"key":"SpeedPotion"},{"floor":18,"key":"AttackPotion"}],"is_trial":false,"path_per_floor":["M","M","?","?","M","R","E","R","T","E","$","M","M","E","R","B",null,"M","$","?","M","M","R","M"],"character_chosen":"DEFECT","items_purchased":["Capacitor","Redo"],"campfire_rested":2,"item_purchase_floors":[11,11],"current_hp_per_floor":[57,57,39,39,39,39,28,49,49,36,36,29,29,29,29,24,59,48,48,48,17,11,32,0,0],"gold":107,"neow_bonus":"TRANSFORM_TWO_CARDS","is_daily":false,"chose_seed":false,"campfire_upgraded":2,"win_rate":0.0,"timestamp":1610026314,"path_taken":["M","M","?","?","M","R","E","R","T","E","$","M","M","E","R","BOSS","M","$","?","M","M","R","M"],"items_purchased_type":["Card","Card"],"build_version":"2020-12-22","purchased_purges":2,"victory":false,"max_hp_per_floor":[71,71,71,71,71,71,71,71,71,71,71,71,71,71,71,71,71,71,71,71,71,71,71,71,71],"relic_stats":{"counters":[13,69],"Sundial":[6],"Blue Candle":[3],"Question Card":8,"obtain_stats":[{"Anchor":3,"Sundial":10,"Blue Candle":7,"Oddly Smooth Stone":14,"Cracked Core":0,"Question Card":9,"FrozenCore":17},{"Anchor":2,"Sundial":5,"Blue Candle":4,"Oddly Smooth Stone":8,"Cracked Core":0,"Question Card":4,"FrozenCore":9},{"Anchor":6,"Sundial":18,"Blue Candle":12,"Oddly Smooth Stone":31,"Cracked Core":0,"Question Card":12,"FrozenCore":43}],"FrozenCore":[9]},"card_choices":[{"not_picked":["Leap","Aggregate"],"picked":"Sunder","floor":1},{"not_picked":["Streamline","Coolheaded"],"picked":"Undo","floor":2},{"not_picked":["Go for the Eyes","Ball Lightning"],"picked":"Coolheaded","floor":5},{"not_picked":["Go for the Eyes","Steam"],"picked":"Coolheaded","floor":7},{"not_picked":["BootSequence","Sweeping Beam","Static Discharge"],"picked":"Biased Cognition","floor":10},{"not_picked":["Capacitor","Rebound","Hologram"],"picked":"Ball Lightning","floor":12},{"not_picked":["Steam","Biased Cognition","Stack"],"picked":"Conserve Battery","floor":13},{"not_picked":["Steam","Loop","Go for the Eyes"],"picked":"Glacier","floor":14},{"not_picked":["All For One","Seek","Thunder Strike"],"picked":"Echo Form","floor":16},{"not_picked":["Hologram","Gash","Beam Cell"],"picked":"Compile Driver","floor":18},{"not_picked":["Scrape+1","Stack","Turbo"],"picked":"Reinforced Body+1","floor":21},{"not_picked":["Steam Power","Coolheaded","Heatsinks"],"picked":"Turbo","floor":22}],"player_experience":1537852,"relics_obtained":[{"floor":7,"key":"Blue Candle"},{"floor":9,"key":"Question Card"},{"floor":10,"key":"Sundial"},{"floor":14,"key":"Oddly Smooth Stone"}],"event_choices":[{"damage_healed":0,"gold_gain":0,"player_choice":"Success","damage_taken":18,"relics_obtained":["Anchor"],"max_hp_gain":0,"max_hp_loss":0,"event_name":"Scrap Ooze","floor":3,"gold_loss":0},{"damage_healed":0,"gold_gain":74,"player_choice":"Gained Gold","damage_taken":0,"max_hp_gain":0,"max_hp_loss":0,"event_name":"Golden Wing","floor":4,"gold_loss":0},{"damage_healed":0,"gold_gain":0,"player_choice":"Smashed Altar","damage_taken":0,"max_hp_gain":0,"max_hp_loss":0,"event_name":"Forgotten Altar","floor":20,"gold_loss":0,"cards_obtained":["Decay"]}],"is_beta":false,"boss_relics":[{"not_picked":["Astrolabe","Tiny House"],"picked":"FrozenCore"}],"items_purged_floors":[11,19],"is_endless":false,"potions_floor_spawned":[1,2,5,12,14,18],"killed_by":"3 Cultists","ascension_level":20}}