{"host":"rolltorest","time":1610061463,"event":{"mods":["BaseMod","Minty Spire (QoL Compilation)","Relic Stats","Robot Space Explorer","Slay the Relics Exporter","StSLib"],"gold_per_floor":[113,126,144,219,369,369,403,403,403,430,430,455,455,472,472,472,472],"floor_reached":16,"playtime":431,"items_purged":[],"score":194,"play_id":"bfce57c3-8f77-4e0b-bc02-0f46fd6b5af9","local_time":"20210107151743","is_ascension_mode":true,"campfire_choices":[{"data":"RobotSpaceExplorer:Asteroid","floor":6,"key":"SMITH"},{"data":"RobotSpaceExplorer:ShockMissile","floor":11,"key":"SMITH"},{"data":"RobotSpaceExplorer:Blitz","floor":13,"key":"SMITH"},{"data":"RobotSpaceExplorer:Fix","floor":15,"key":"SMITH"}],"circlet_count":0,"master_deck":["AscendersBane","RobotSpaceExplorer:Strike","RobotSpaceExplorer:Strike","RobotSpaceExplorer:Strike","RobotSpaceExplorer:Strike","RobotSpaceExplorer:Defend","RobotSpaceExplorer:Defend","RobotSpaceExplorer:Defend","RobotSpaceExplorer:Defend","RobotSpaceExplorer:Scan","RobotSpaceExplorer:MiniLasers","RobotSpaceExplorer:Asteroid+1","RobotSpaceExplorer:FrostMissile","RobotSpaceExplorer:Blitz+1","RobotSpaceExplorer:Fix+1","Doubt","RobotSpaceExplorer:ShockMissile+1","RobotSpaceExplorer:ScrapMissile"],"relics":["RobotSpaceExplorer:RoboCore","InkBottle","Pear","Unceasing Top","StrikeDummy","Anchor"],"acts_visited":["Exordium"],"potions_floor_usage":[16],"damage_taken":[{"damage":3,"enemies":"2 Louse","floor":1,"turns":3},{"damage":5,"enemies":"Jaw Worm","floor":2,"turns":3},{"damage":0,"enemies":"Cultist","floor":3,"turns":3},{"damage":35,"enemies":"3 Sentries","floor":7,"turns":13},{"damage":9,"enemies":"Lagavulin","floor":10,"turns":6},{"damage":0,"enemies":"Red Slaver","floor":14,"turns":3},{"damage":12,"enemies":"Hexaghost","floor":16,"turns":12}],"seed_played":"-8000570840239625156","potions_obtained":[{"floor":10,"key":"Strength Potion"},{"floor":14,"key":"SkillPotion"}],"is_trial":false,"path_per_floor":["M","M","M","?","?","R","E","T","T","E","R","T","R","M","R","B"],"character_chosen":"RobotSpaceExplorer","items_purchased":[],"campfire_rested":0,"item_purchase_floors":[],"current_hp_per_floor":[61,56,56,45,45,45,14,24,24,19,19,19,19,19,19,13,13],"gold":472,"neow_bonus":"ONE_RANDOM_RARE_CARD","is_daily":false,"chose_seed":false,"campfire_upgraded":4,"win_rate":0.0,"timestamp":1610061463,"path_taken":["M","M","M","?","?","R","E","?","T","E","R","?","R","?","R","BOSS"],"items_purchased_type":[],"build_version":"2020-12-18","purchased_purges":0,"victory":false,"max_hp_per_floor":[71,71,71,71,71,71,71,81,81,81,81,81,81,81,81,81,81],"relic_stats":{"counters":[7,43],"obtain_stats":[{"Anchor":12,"Pear":8,"RobotSpaceExplorer:RoboCore":0,"StrikeDummy":10,"InkBottle":7,"Unceasing Top":9},{"Anchor":5,"Pear":4,"RobotSpaceExplorer:RoboCore":0,"StrikeDummy":5,"InkBottle":4,"Unceasing Top":4},{"Anchor":28,"Pear":22,"RobotSpaceExplorer:RoboCore":0,"StrikeDummy":28,"InkBottle":22,"Unceasing Top":22}],"InkBottle":[4],"Unceasing Top":[0]},"card_choices":[{"not_picked":["RobotSpaceExplorer:ImprovisedAttack","RobotSpaceExplorer:SwiftStep"],"picked":"RobotSpaceExplorer:FrostMissile","floor":1},{"not_picked":["RobotSpaceExplorer:Calculate","RobotSpaceExplorer:PowerCollector"],"picked":"RobotSpaceExplorer:Blitz","floor":2},{"not_picked":["RobotSpaceExplorer:ImprovisedAttack","RobotSpaceExplorer:Pulsar"],"picked":"RobotSpaceExplorer:Fix","floor":3},{"not_picked":["RobotSpaceExplorer:GlueShot","RobotSpaceExplorer:FranticSearch"],"picked":"RobotSpaceExplorer:ShockMissile","floor":7},{"not_picked":["RobotSpaceExplorer:MiniDrones","RobotSpaceExplorer:PowerGlove","RobotSpaceExplorer:FreezingShield"],"picked":"SKIP","floor":10},{"not_picked":["RobotSpaceExplorer:ImprovisedAttack","RobotSpaceExplorer:SwiftStep"],"picked":"RobotSpaceExplorer:ScrapMissile","floor":14}],"player_experience":1780415,"relics_obtained":[{"floor":7,"key":"InkBottle"},{"floor":8,"key":"Pear"},{"floor":9,"key":"Unceasing Top"},{"floor":10,"key":"StrikeDummy"},{"floor":12,"key":"Anchor"}],"event_choices":[{"damage_healed":0,"gold_gain":75,"player_choice":"Gather Gold","damage_taken":11,"max_hp_gain":0,"max_hp_loss":0,"event_name":"World of Goop","floor":4,"gold_loss":0},{"damage_healed":0,"gold_gain":150,"player_choice":"AGREE","damage_taken":0,"max_hp_gain":0,"max_hp_loss":0,"event_name":"Liars Game","floor":5,"gold_loss":0,"cards_obtained":["Doubt"]}],"is_beta":true,"boss_relics":[],"items_purged_floors":[],"is_endless":false,"potions_floor_spawned":[10,14],"killed_by":"Hexaghost","ascension_level":16}}