{"host":"df48i9djcn92c5sx","time":1610033644,"event":{"mods":["BaseMod","Downfall","Marisa£®ÏF”Í°°ƒß¿Ì…≥£©","Minty Spire (QoL Compilation)","READ ME - Guardian Mod","READ ME - Snecko Mod","Reimu£®≤©¿ˆ¡È√Œ£©","Remilia£®¿Ÿ√◊¿Ú—«£©","Replay The Spire","Shop Mod","StSLib","The Jungle","The Servant 0.9.4"],"gold_per_floor":[99,99,99,99,199,199,250,250,283,294,294,294,294,305,315,315,315,315],"floor_reached":16,"playtime":644,"items_purged":[],"score":121,"play_id":"00605c8c-a8ab-4b89-aecd-4cc7293c3582","local_time":"20210107233404","is_ascension_mode":false,"campfire_choices":[{"data":"champ:Execute","floor":1.0,"key":"SMITH"},{"data":"champ:Duel","floor":6,"key":"SMITH"},{"data":"champ:AdrenalArmor","floor":11,"key":"SMITH"},{"data":"champ:BerserkerStyle","floor":13,"key":"SMITH"}],"circlet_count":0,"master_deck":["champ:Strike","champ:Strike","champ:Strike","champ:Strike","champ:Defend+1","champ:Defend","champ:Defend","champ:Defend","champ:Execute+1","champ:Taunt+1","champ:BerserkerStyle+1","champ:Duel+1","champ:AdrenalArmor+1","champ:FanOfKnives"],"relics":["champ:ChampionCrown","downfall:HeartsMalice","War Paint","Pear"],"acts_visited":["Exordium"],"potions_floor_usage":[16,16],"damage_taken":[{"damage":0.0,"enemies":"Small Slimes","floor":2.0,"turns":1.0},{"damage":0.0,"enemies":"2 Louse","floor":3.0,"turns":1.0},{"damage":0,"enemies":"Cultist","floor":8,"turns":1},{"damage":47,"enemies":"Lagavulin","floor":9,"turns":9},{"damage":20,"enemies":"Blue Slaver","floor":10,"turns":3},{"damage":37,"enemies":"Gremlin Gang","floor":14,"turns":5},{"damage":38,"enemies":"Exordium Wildlife","floor":15,"turns":5},{"damage":50,"enemies":"downfall:Watcher","floor":16,"turns":5}],"seed_played":"7665531093059236476","potions_obtained":[{"floor":9,"key":"champ:CounterPotion"},{"floor":10,"key":"ZuzhouPotion:ReiMu"},{"floor":15,"key":"Fruit Juice"}],"is_trial":false,"path_per_floor":["R","M","M","?","?","R","T","M","E","M","R","?","R","M","M","B"],"character_chosen":"THE_CHAMP","items_purchased":[],"campfire_rested":0,"item_purchase_floors":[],"current_hp_per_floor":[90,90,90,90,90,90,90,90,75,68,68,68,68,56,40,0,0,0],"gold":315,"neow_bonus":"THREE_ENEMY_KILL","is_daily":false,"chose_seed":false,"campfire_upgraded":4,"win_rate":0.0,"timestamp":1610033644,"path_taken":["R","M","M","?","?","R","T","M","E","M","R","?","R","?","M","BOSS"],"items_purchased_type":[],"build_version":"2020-12-22","purchased_purges":0,"victory":false,"max_hp_per_floor":[90,90,90,90,90,90,90,90,100,100,100,100,100,100,100,105,105,105],"card_choices":[{"not_picked":["champ:GutPunch","champ:BerserkersShout"],"picked":"champ:BerserkerStyle","floor":2.0},{"not_picked":["champ:TornadoPunch","champ:CrookedStrike"],"picked":"champ:Duel","floor":3.0},{"not_picked":["champ:FocusedGladiator","champ:Backstep","champ:GladiatorStyle"],"picked":"SKIP","floor":8},{"not_picked":["champ:TornadoPunch","champ:PerfectedStrike","champ:BringItOn"],"picked":"SKIP","floor":9},{"not_picked":["champ:FlashCut","champ:Circumvent"],"picked":"champ:AdrenalArmor","floor":10},{"not_picked":["champ:GladiatorsShout","champ:EndlessRage","champ:GladiatorStyle"],"picked":"SKIP","floor":14},{"not_picked":["champ:EnragedBash","champ:BringItOn"],"picked":"champ:FanOfKnives","floor":15}],"player_experience":1404828,"relics_obtained":[{"floor":7,"key":"War Paint"},{"floor":9,"key":"Pear"}],"event_choices":[{"damage_healed":0,"gold_gain":0,"player_choice":"Ignored","damage_taken":0,"max_hp_gain":0,"max_hp_loss":0,"event_name":"NoteForYourself","floor":12,"gold_loss":0}],"is_beta":false,"boss_relics":[],"items_purged_floors":[],"is_endless":false,"potions_floor_spawned":[9,10,15],"killed_by":"downfall:Watcher","ascension_level":0}}