{"host":"ig7tc0uedzltt2sr","time":1610061957,"event":{"mods":["BaseMod","Better Twitch Integration","Block Reminder","Colored Map","Colored Powertips","Communication Mod","Current Relic Mod","GifTheSpireLib","HexUI Lib","Minty Spire (QoL Compilation)","Quick Restart","Random Character Button","Rare Cards Sparkle","Relic Sorter","Relic Stats","Slay the Relics Exporter","StSLib","SuperFastMode","Synergy Search","Twitch Decklist","Twitch Utils","everything is the same but u backflip on backflip","slay the spire mod where everything is the same but ironclad has a cowboy hat"],"gold_per_floor":[109,72,90,48,48,48,48,48,48,62,13,13,32,45,45,45,45],"floor_reached":16,"playtime":143,"items_purged":[],"score":90,"play_id":"ecadc721-03a6-4d85-b36b-7322c84f61ae","local_time":"20210107152557","is_ascension_mode":false,"campfire_choices":[{"data":"Defend_R","floor":6,"key":"SMITH"},{"data":"Strike_R","floor":12,"key":"SMITH"},{"data":"Twin Strike","floor":15,"key":"SMITH"}],"circlet_count":0,"master_deck":["Strike_R+1","Strike_R","Strike_R","Strike_R+1","Strike_R+1","Defend_R+1","Defend_R","Defend_R","Bash","Flame Barrier","Evolve","Power Through","Whirlwind","Ghostly Armor","Twin Strike+1"],"relics":["Burning Blood"],"acts_visited":["Exordium"],"potions_floor_usage":[],"damage_taken":[{"damage":31,"enemies":"Jaw Worm","floor":1,"turns":14},{"damage":0,"enemies":"Small Slimes","floor":3,"turns":3},{"damage":5,"enemies":"2 Louse","floor":10,"turns":6},{"damage":18,"enemies":"2 Fungi Beasts","floor":13,"turns":8},{"damage":0,"enemies":"Blue Slaver","floor":14,"turns":11},{"damage":63,"enemies":"Hexaghost","floor":16,"turns":16}],"seed_played":"737378578123779664","potions_obtained":[{"floor":1,"key":"DistilledChaos"},{"floor":10,"key":"BloodPotion"}],"is_trial":false,"path_per_floor":["M","$","M","?","?","R","?","?","T","M","$","R","M","M","R","B"],"character_chosen":"IRONCLAD","items_purchased":["Evolve","Block Potion"],"campfire_rested":0,"item_purchase_floors":[2,11],"current_hp_per_floor":[63,63,69,69,51,51,51,51,51,52,52,52,57,63,63,0,0],"gold":45,"neow_bonus":"TEN_PERCENT_HP_BONUS","is_daily":false,"chose_seed":false,"campfire_upgraded":3,"win_rate":0.0,"timestamp":1610061957,"path_taken":["M","$","M","?","?","R","?","?","T","M","$","R","M","M","R","BOSS"],"items_purchased_type":["Card","Potion"],"build_version":"2020-12-22","purchased_purges":0,"victory":false,"max_hp_per_floor":[88,88,88,88,88,88,88,88,88,88,88,88,88,88,88,88,88],"relic_stats":{"counters":[6,58],"obtain_stats":[{"Burning Blood":0},{"Burning Blood":0},{"Burning Blood":0}],"Burning Blood":30},"card_choices":[{"not_picked":["Inflame","Burning Pact"],"picked":"Flame Barrier","floor":1},{"not_picked":["Cleave","Flex"],"picked":"Power Through","floor":3},{"not_picked":["Havoc","Pommel Strike"],"picked":"Whirlwind","floor":10},{"not_picked":["Infernal Blade","Havoc"],"picked":"Ghostly Armor","floor":13},{"not_picked":["Perfected Strike","Bloodletting"],"picked":"Twin Strike","floor":14}],"player_experience":1460840,"relics_obtained":[],"event_choices":[{"damage_healed":0,"gold_gain":0,"player_choice":"Left Gold","damage_taken":0,"max_hp_gain":0,"max_hp_loss":0,"event_name":"World of Goop","floor":4,"gold_loss":42},{"damage_healed":0,"gold_gain":0,"player_choice":"Entered Light","damage_taken":18,"max_hp_gain":0,"max_hp_loss":0,"event_name":"Shining Light","floor":5,"gold_loss":0,"cards_upgraded":["Strike_R","Strike_R"]},{"cards_removed":["Defend_R"],"damage_healed":0,"gold_gain":0,"player_choice":"Forget","damage_taken":0,"max_hp_gain":0,"max_hp_loss":0,"event_name":"Living Wall","floor":7,"gold_loss":0},{"damage_healed":0,"gold_gain":0,"player_choice":"Ignored","damage_taken":0,"max_hp_gain":0,"max_hp_loss":0,"event_name":"Liars Game","floor":8,"gold_loss":0}],"is_beta":false,"boss_relics":[],"items_purged_floors":[],"is_endless":false,"potions_floor_spawned":[1,10],"killed_by":"Hexaghost","ascension_level":0}}