{"host":"vh33hu3wddwn6yt6","time":1610049042,"event":{"mods":["AchievementEnabler","Act Like it!","Aspiration","BaseMod","Better Altar","Better Match","Better Note","Better Sensory Stone","Better Skull","Better Third Choice","BetterRewards","Downfall","Hermit","Hubris","Infinite Spire","Minty Spire (QoL Compilation)","Permanent Neow","Replay The Spire","Shade Mod","Shop Mod","Spicy Shops","StSLib","SuperFastMode","The Blackbeard","The Necromancer","The Runesmith","The Servant 0.9.4","TheBandit","Wandering Minibosses"],"gold_per_floor":[99,114,114,99,99,118,118,148,164,14,27,27,38,72,82,180,180,105,119,129,129,129,142,220,246,246,278,278,312,327,327,345,448,448,448,468,487,487,549,165,165,184,184,200,237,237,237,73,98,204,204,204,227,247,207,226,245,270,303,323,356,356,356,393,423,441,541,541,541,562,342,342,342,342,371,387,387,387,401,234,234,268,279,376,376,376,396,414,414,306,306,339,339,339,355,355,372,372,372,384,480,480,480,494,554,162,162,162,187,197,86,98,98,98,98,113,133,231,231,231,231,231,231],"floor_reached":122,"playtime":3474,"items_purged":["Sickly","Shame","hubris:Greed"],"score":2932,"play_id":"7afc8105-90e7-4be0-8c5e-97ed8407ca09","local_time":"20210107205042","is_ascension_mode":true,"campfire_choices":[{"floor":1.0,"key":"RECALL"},{"data":"aspiration:UnbridledHammer","floor":10.0,"key":"SMITH"},{"floor":12.0,"key":"REST"},{"data":"Runesmith:GrandSlam","floor":18.0,"key":"SMITH"},{"floor":28.0,"key":"REST"},{"data":"Runesmith:MetallurgicalResearch","floor":35.0,"key":"SMITH"},{"data":"Runesmith:Strike_RS","floor":47.0,"key":"SMITH"},{"data":"Runesmith:Strike_RS","floor":52.0,"key":"SMITH"},{"data":"Runesmith:PoweredAnvil","floor":69.0,"key":"SMITH"},{"data":"infinitespire:SevenWalls","floor":74.0,"key":"SMITH"},{"data":"Bite","floor":81.0,"key":"SMITH"},{"data":"Bite","floor":86.0,"key":"SMITH"},{"data":"Bite","floor":91.0,"key":"SMITH"},{"data":"Bite","floor":94.0,"key":"SMITH"},{"data":"Bite","floor":96.0,"key":"SMITH"},{"data":"Runesmith:Defend_RS","floor":98.0,"key":"SMITH"},{"data":"Runesmith:Defend_RS","floor":103.0,"key":"SMITH"},{"floor":108.0,"key":"DIG"},{"floor":120.0,"key":"DIG"}],"circlet_count":0,"master_deck":["Runesmith:Defend_RS","Runesmith:Defend_RS","Runesmith:Defend_RS+1","Runesmith:Defend_RS+1","Runesmith:CraftFirestone+1","Runesmith:Fortify+1","aspiration:UnbridledHammer+1","Runesmith:GrandSlam+1","Runesmith:MetallurgicalResearch+1","Clumsy","Runesmith:PoweredAnvil+1","Runesmith:PoweredAnvil+1","infinitespire:SevenWalls+1","Bite+1","Bite+1","Bite+1","Bite+1","Bite+1","CurseOfTheBell","Negative_Energy_Javelin+1","Negative_Energy_Sphere"],"relics":["Runesmith:BrokenRuby","Runesmith:Locket","downfall:HeartBlessingRed","downfall:HeartBlessingBlue","infinitespire:WardingShard","hubris:Stopwatch","downfall:HeartBlessingGreen","Black Star","Pear","aspiration:HummingbirdHeart","Bag of Preparation","Kunai","Vajra","Akabeko","hubris:PeanutButter","Replay:Ancient Bell","Regal Pillow","Iron Hammer","infinitespire:Joker Card","hubris:FunFungus","aspiration:SeaSaltIceCream","hermit:Momento","Pen Nib","infinitespire:Broken Mirror","Blue Doll","Replay:Ringing Soul","hubris:DisguiseKit","SlaversCollar","Membership Card","Chemical X","Lantern","hubris:64BitClover","Guardian:PocketSentry","hubris:SlimyHat","Du-Vu Doll","aspiration:Lifesprig","Gremlin Food","Question Card","infinitespire:Lucky Rock","Frozen Egg 2","Centennial Puzzle","Mercury Hourglass","Calling Bell","Toy Ornithopter","Blue Candle","aspiration:DSix","MerchantsRug","Lee\u0027s Waffle","Eternal Feather","Busted Crown","Runesmith:AutoHammer","Shovel","aspiration:FetidBarrel","infinitespire:Satchel","Replay:Wax Seal","aspiration:Nostalgia","Cracked Core","Juzu Bracelet","Replay:Multitool","Garlic","Replay:Baseball"],"acts_visited":["Exordium","TheCity","TheBeyond","Exordium","TheCity","TheBeyond","Exordium","TheCity"],"potions_floor_usage":[],"damage_taken":[{"damage":0.0,"enemies":"2 Louse","floor":2.0,"turns":3.0},{"damage":0.0,"enemies":"downfall:FleeingMerchant","floor":4.0,"turns":4.0},{"damage":12.0,"enemies":"Small Slimes","floor":6.0,"turns":4.0},{"damage":20.0,"enemies":"Lagavulin","floor":8.0,"turns":7.0},{"damage":1.0,"enemies":"Cultist","floor":9.0,"turns":4.0},{"damage":10.0,"enemies":"Gremlin Gang","floor":11.0,"turns":5.0},{"damage":0.0,"enemies":"2 Fungi Beasts","floor":13.0,"turns":4.0},{"damage":22.0,"enemies":"3 Sentries","floor":14.0,"turns":6.0},{"damage":5.0,"enemies":"Large Slime","floor":15.0,"turns":5.0},{"damage":33.0,"enemies":"downfall:Defect","floor":16.0,"turns":8.0},{"damage":0.0,"enemies":"Spheric Guardian","floor":19.0,"turns":4.0},{"damage":0.0,"enemies":"Snecko","floor":20.0,"turns":4.0},{"damage":0.0,"enemies":"Chosen and Byrds","floor":23.0,"turns":9.0},{"damage":73.0,"enemies":"Gremlin Leader","floor":25.0,"turns":13.0},{"damage":9.0,"enemies":"Book of Stabbing","floor":27.0,"turns":6.0},{"damage":30.0,"enemies":"Nightmare","floor":29.0,"turns":9.0},{"damage":0.0,"enemies":"Snake Plant","floor":30.0,"turns":3.0},{"damage":0.0,"enemies":"Centurion and Healer","floor":32.0,"turns":5.0},{"damage":0.0,"enemies":"downfall:Ironclad","floor":33.0,"turns":9.0},{"damage":11.0,"enemies":"3 Shapes","floor":36.0,"turns":4.0},{"damage":0.0,"enemies":"Orb Walker","floor":37.0,"turns":3.0},{"damage":0.0,"enemies":"downfall:FleeingMerchant","floor":40.0,"turns":4.0},{"damage":0.0,"enemies":"Maw","floor":42.0,"turns":7.0},{"damage":0.0,"enemies":"4 Shapes","floor":44.0,"turns":5.0},{"damage":2.0,"enemies":"R_Hoarder","floor":45.0,"turns":10.0},{"damage":0.0,"enemies":"downfall:FleeingMerchant","floor":48.0,"turns":4.0},{"damage":6.0,"enemies":"Spire Growth","floor":49.0,"turns":5.0},{"damage":36.0,"enemies":"downfall:Silent","floor":50.0,"turns":9.0},{"damage":0.0,"enemies":"Cultist","floor":53.0,"turns":2.0},{"damage":0.0,"enemies":"Small Slimes","floor":54.0,"turns":2.0},{"damage":0.0,"enemies":"downfall:FleeingMerchant","floor":55.0,"turns":1.0},{"damage":3.0,"enemies":"Jaw Worm","floor":56.0,"turns":2.0},{"damage":0.0,"enemies":"Large Slime","floor":57.0,"turns":1.0},{"damage":0.0,"enemies":"Gremlin Nob","floor":59.0,"turns":1.0},{"damage":3.0,"enemies":"3 Louse","floor":60.0,"turns":3.0},{"damage":27.0,"enemies":"Nightmare","floor":61.0,"turns":6.0},{"damage":1.0,"enemies":"3 Sentries","floor":64.0,"turns":3.0},{"damage":0.0,"enemies":"2 Fungi Beasts","floor":66.0,"turns":1.0},{"damage":0.0,"enemies":"Slime Boss","floor":67.0,"turns":1.0},{"damage":0.0,"enemies":"Chosen","floor":70.0,"turns":1.0},{"damage":1.0,"enemies":"Book of Stabbing","floor":75.0,"turns":4.0},{"damage":25.0,"enemies":"3 Byrds","floor":76.0,"turns":4.0},{"damage":0.0,"enemies":"Snecko","floor":79.0,"turns":2.0},{"damage":52.0,"enemies":"Nightmare","floor":82.0,"turns":7.0},{"damage":0.0,"enemies":"Sentry and Sphere","floor":83.0,"turns":1.0},{"damage":6.0,"enemies":"Collector","floor":84.0,"turns":4.0},{"damage":0.0,"enemies":"3 Darklings","floor":87.0,"turns":3.0},{"damage":2.0,"enemies":"Orb Walker","floor":88.0,"turns":2.0},{"damage":0.0,"enemies":"Nemesis","floor":92.0,"turns":1.0},{"damage":3.0,"enemies":"3 Darklings","floor":95.0,"turns":3.0},{"damage":0.0,"enemies":"Sphere and 2 Shapes","floor":97.0,"turns":3.0},{"damage":3.0,"enemies":"Writhing Mass","floor":100.0,"turns":2.0},{"damage":35.0,"enemies":"hubris:GrandSnecko","floor":101.0,"turns":7.0},{"damage":0.0,"enemies":"Small Slimes","floor":104.0,"turns":2.0},{"damage":0.0,"enemies":"Lagavulin Event","floor":105.0,"turns":3.0},{"damage":0.0,"enemies":"Gremlin Nob","floor":109.0,"turns":2.0},{"damage":0.0,"enemies":"Cultist","floor":110.0,"turns":2.0},{"damage":0.0,"enemies":"Jaw Worm","floor":112.0,"turns":1.0},{"damage":0.0,"enemies":"Large Slime","floor":116.0,"turns":1.0},{"damage":0.0,"enemies":"2 Fungi Beasts","floor":117.0,"turns":2.0},{"damage":0.0,"enemies":"Slime Boss","floor":118.0,"turns":2.0},{"damage":0,"enemies":"Spheric Guardian","floor":122,"turns":1}],"seed_played":"-2402127081129009680","potions_obtained":[{"floor":0.0,"key":"Death Potion"},{"floor":0.0,"key":"SmokeBomb"},{"floor":0.0,"key":"DuplicationPotion"},{"floor":6.0,"key":"Weak Potion"},{"floor":9.0,"key":"Adrenaline Potion"},{"floor":11.0,"key":"SpeedPotion"},{"floor":14.0,"key":"Swift Potion"},{"floor":16.0,"key":"Block Potion"},{"floor":19.0,"key":"DistilledChaos"},{"floor":23.0,"key":"PowerPotion"},{"floor":29.0,"key":"Fire Potion"},{"floor":30.0,"key":"Dexterity Potion"},{"floor":33.0,"key":"Elixir"},{"floor":36.0,"key":"PowerPotion"},{"floor":39.0,"key":"ColorlessPotion"},{"floor":44.0,"key":"Fire Potion"},{"floor":49.0,"key":"Dexterity Potion"},{"floor":54.0,"key":"Energy Potion"},{"floor":60.0,"key":"DuplicationPotion"},{"floor":84.0,"key":"ColorlessPotion"},{"floor":87.0,"key":"champ:CounterPotion"},{"floor":88.0,"key":"PowerPotion"},{"floor":95.0,"key":"BlessingOfTheForge"},{"floor":109.0,"key":"Adrenaline Potion"}],"is_trial":false,"path_per_floor":["R","M","?","$","?","M","T","E","M","R","M","R","M","E","M","B",null,"R","M","M","AVR","?","M","T","E","?","E","R","NM","M","?","M","B",null,"R","M","M","T","?","$","T","M","T","M","E","AVR","R","$","M","B",null,"R","M","M","$","M","M","T","E","M","NM","?","AVR","E","?","M","B",null,"R","M","$","?","?","R","E","M","?","?","M","$","R","NM","M","B",null,"R","M","M","?","$","R","E","?","R","M","R","M","R","?","M","B",null,"R","M","?","$","?","R","E","M","$","M","?","?","AVR","M","M","B",null,"R","?","M"],"character_chosen":"RUNESMITH_CLASS","items_purchased":["Fruit Juice","Pen Nib","Runesmith:PoweredAnvil+1","Chemical X","Runesmith:PoweredAnvil","Lantern","hubris:64BitClover","DuplicationPotion","Question Card","infinitespire:Lucky Rock","Centennial Puzzle","Mercury Hourglass","aspiration:Nostalgia","MerchantsRug","Lee\u0027s Waffle","Shovel","DistilledChaos","aspiration:FetidBarrel","infinitespire:Satchel","aspiration:Nostalgia","Juzu Bracelet"],"campfire_rested":2,"item_purchase_floors":[40,40,48,48,55,55,55,55,71,71,80,80,90,90,90,106,106,106,106,111,111],"current_hp_per_floor":[70,70,70,70,70,58,58,38,37,47,37,61,61,39,34,1,80,80,80,80,90,90,90,90,17,17,8,35,5,7,7,9,11,90,90,79,81,81,45,48,48,57,57,62,81,81,81,88,84,54,100,100,100,100,103,100,102,102,103,100,79,69,69,71,71,73,75,106,106,106,106,109,109,109,108,84,87,87,87,87,87,41,47,47,115,115,115,113,113,122,122,122,122,122,119,119,122,122,122,119,101,122,122,125,125,125,125,125,125,125,125,128,128,133,133,133,133,133,133,133,133,133,133],"gold":231,"neow_bonus":"THREE_SMALL_POTIONS","is_daily":false,"chose_seed":false,"campfire_upgraded":14,"win_rate":0.0,"timestamp":1610049042,"path_taken":["R","M","?","$","?","?","T","E","M","R","M","R","M","E","M","BOSS","R","M","M","AVR","?","M","T","E","?","E","R","NM","M","?","M","BOSS","R","M","M","?","?","?","T","?","?","M","E","AVR","R","?","M","BOSS","R","M","M","$","M","M","T","E","M","NM","?","AVR","E","?","M","BOSS","R","M","$","?","?","R","E","?","?","?","M","$","R","NM","M","BOSS","R","M","M","?","$","R","E","?","R","M","R","M","R","?","M","BOSS","R","M","?","$","?","R","E","M","$","M","?","?","AVR","M","M","BOSS","R","?","M"],"items_purchased_type":["Potion","Relic","Card","Relic","Card","Relic","Relic","Potion","Relic","Relic","Relic","Relic","Relic","Relic","Relic","Relic","Potion","Relic","Relic","Relic","Relic"],"build_version":"2020-12-22","purchased_purges":3,"victory":false,"max_hp_per_floor":[70,70,70,70,70,70,70,70,70,80,80,80,80,80,80,80,80,80,80,80,90,90,90,90,90,90,90,90,90,90,90,90,90,90,90,90,90,90,90,90,90,97,97,97,97,97,97,100,100,100,100,100,100,100,103,103,103,103,103,103,106,106,106,106,106,106,106,106,106,106,106,109,109,109,109,109,112,112,112,112,112,112,112,112,115,115,115,115,115,122,122,122,122,122,122,122,122,122,122,122,122,122,122,125,125,125,125,125,125,125,125,128,128,133,133,133,133,133,133,133,133,133,133],"card_choices":[{"not_picked":["Runesmith:Empowerment","Runesmith:HeatExchange","Runesmith:UnstableHammer"],"picked":"SKIP","floor":2.0},{"not_picked":["Runesmith:WhiteBalance","Runesmith:CraftObretio"],"picked":"aspiration:UnbridledHammer","floor":4.0},{"not_picked":["Runesmith:RuneHurl","Runesmith:Terraform","Runesmith:BackupBattery"],"picked":"SKIP","floor":6.0},{"not_picked":["Runesmith:StaticCage","Runesmith:MakeshiftArmor","Runesmith:Accelerate"],"picked":"SKIP","floor":8.0},{"not_picked":["Runesmith:Refine","Runesmith:WhiteBalance","Runesmith:CraftMedicinae"],"picked":"SKIP","floor":9.0},{"not_picked":["Runesmith:Repurpose","Runesmith:LithiumIon","Runesmith:HeatExchange"],"picked":"SKIP","floor":11.0},{"not_picked":["Runesmith:DoubleUp","Runesmith:ChaoticBlast","Runesmith:NanitesCloud"],"picked":"SKIP","floor":13.0},{"not_picked":["Runesmith:Attraction","Runesmith:CraftProtectio","Runesmith:UnstableHammer"],"picked":"SKIP","floor":14.0},{"not_picked":["Runesmith:Repurpose","Runesmith:Refine"],"picked":"Runesmith:GrandSlam","floor":15.0},{"not_picked":["Runesmith:FieryHammer+1","Runesmith:RuneHurl+1","Runesmith:EarthShield"],"picked":"SKIP","floor":19.0},{"not_picked":["Runesmith:Electrocute","Runesmith:CraftMagma","Runesmith:EnergizedChisel+1"],"picked":"SKIP","floor":20.0},{"not_picked":["Runesmith:HammerThrow","aspiration:UnbridledHammer","Runesmith:HeatExchange+1"],"picked":"SKIP","floor":23.0},{"not_picked":["Runesmith:LastStand","Runesmith:CraftMagma+1","Runesmith:HammerAndChisel"],"picked":"SKIP","floor":25.0},{"not_picked":["Runesmith:RuneHurl","Runesmith:EarthShield","Runesmith:LightningRod"],"picked":"SKIP","floor":27.0},{"not_picked":["Runesmith:HammerThrow","Runesmith:OneForEveryone","Runesmith:CraftProtectio"],"picked":"SKIP","floor":29.0},{"not_picked":["Runesmith:CraftSpiculum","Runesmith:Repurpose","Runesmith:PerfectChisel"],"picked":"SKIP","floor":30.0},{"not_picked":["Runesmith:BackupBattery+1","Runesmith:MakeshiftArmor","Runesmith:ChargedHammer"],"picked":"SKIP","floor":32.0},{"not_picked":["Runesmith:GenerateForcefield","Runesmith:CraftIndustria"],"picked":"Runesmith:MetallurgicalResearch","floor":33.0},{"not_picked":["Delirium","ReplayTheSpireMod:Faulty Equipment"],"picked":"Sickly","floor":34.0},{"not_picked":["Delirium","hubris:Gluttony"],"picked":"Clumsy","floor":34.0},{"not_picked":["Overencumbered","Looming Evil"],"picked":"hubris:Greed","floor":34.0},{"not_picked":["Runesmith:Empowerment+1","Runesmith:PerfectChisel+1","Runesmith:BackupBattery+1"],"picked":"SKIP","floor":36.0},{"not_picked":["Runesmith:CraftProtectio+1","Runesmith:HeatedChisel+1","Runesmith:Repurpose+1"],"picked":"SKIP","floor":37.0},{"not_picked":["Runesmith:LithiumIon+1","Runesmith:EnergizedChisel+1","Runesmith:FieryHammer"],"picked":"SKIP","floor":40.0},{"not_picked":["Runesmith:MakeshiftArmor","Runesmith:NegativeSpace+1","Runesmith:LithiumIon+1"],"picked":"SKIP","floor":42.0},{"not_picked":["Runesmith:MakeshiftArmor","Runesmith:NegativeSpace+1","Runesmith:LithiumIon+1"],"picked":"SKIP","floor":42.0},{"not_picked":["Runesmith:ChargedHammer","Runesmith:ShiftingStrike","Runesmith:DoubleUp+1"],"picked":"SKIP","floor":44.0},{"not_picked":["Runesmith:BackupBattery","Runesmith:DoubleUp","Runesmith:CraftProtectio+1"],"picked":"SKIP","floor":45.0},{"not_picked":["Runesmith:CraftMagma+1","Runesmith:MakeshiftArmor+1","Runesmith:Accelerate+1","Necromantic_Selection"],"picked":"SKIP","floor":48.0},{"not_picked":["Runesmith:StaticCage+1","Runesmith:MakeshiftArmor+1","Runesmith:HeatExchange+1","Vampiric_Strike"],"picked":"SKIP","floor":49.0},{"not_picked":["Runesmith:ShiftingStrike","Runesmith:CraftMagma","Runesmith:Overpower","Stop_Heart"],"picked":"SKIP","floor":53.0},{"not_picked":["Runesmith:UnstableHammer","Runesmith:Grindstone","Runesmith:ShiftingStrike","Consume_Illness"],"picked":"SKIP","floor":54.0},{"not_picked":["Runesmith:Overpower","Runesmith:ChargedHammer","Runesmith:Grindstone","Skeleton_Dragon"],"picked":"SKIP","floor":55.0},{"not_picked":["Runesmith:BackupBattery","Runesmith:Grindstone","Runesmith:HeatedChisel","Death_Knell"],"picked":"SKIP","floor":56.0},{"not_picked":["Runesmith:Repurpose","Runesmith:EnergizedChisel","Runesmith:UnstableHammer","Negative_Energy_Mist"],"picked":"SKIP","floor":57.0},{"not_picked":["Runesmith:ChargedHammer","Runesmith:CraftReservo","Runesmith:Discharge","Bone_Spikes"],"picked":"SKIP","floor":59.0},{"not_picked":["Runesmith:Overpower","Runesmith:ShiftingStrike","Runesmith:EnergizedChisel","Bone_Spikes"],"picked":"SKIP","floor":60.0},{"not_picked":["infinitespire:Oblivion","infinitespire:FinalStrike"],"picked":"infinitespire:SevenWalls","floor":61.0},{"not_picked":["Runesmith:MetallurgicalResearch","Runesmith:CraftProtectio","Runesmith:Malloc","Hellfire"],"picked":"SKIP","floor":61.0},{"not_picked":["Runesmith:EnergizedChisel","Runesmith:Grindstone","Runesmith:ChiselStab","Shackles_Of_Pain"],"picked":"SKIP","floor":64.0},{"not_picked":["Runesmith:EarthShield","Runesmith:Grindstone","Runesmith:ShiftingStrike","Death_Coil"],"picked":"SKIP","floor":66.0},{"not_picked":["Runesmith:UnstableHammer+1","Runesmith:CraftIncendium+1","Runesmith:HeatExchange","Flesh_Made_Foul"],"picked":"SKIP","floor":70.0},{"not_picked":["Runesmith:CraftObretio","Runesmith:ChargedHammer+1","Runesmith:BackupBattery","Runesmith:RunicBlueprint","Death_Coil"],"picked":"SKIP","floor":75.0},{"not_picked":["Runesmith:NegativeSpace","Runesmith:MakeshiftArmor","Runesmith:UnstableHammer","Runesmith:Terraform","Bones_to_Steel"],"picked":"SKIP","floor":76.0},{"not_picked":["Runesmith:FissionHammer","Runesmith:OneForEveryone+1","Runesmith:PerfectChisel+1","Runesmith:GoWithTheFlow","Blood_Curse"],"picked":"SKIP","floor":79.0},{"not_picked":["Runesmith:OneForEveryone+1","Runesmith:LastStand","Runesmith:ChiselStab","Runesmith:GrandSlam","Bone_Bullets"],"picked":"SKIP","floor":82.0},{"not_picked":["Runesmith:RuneHurl","Runesmith:HammerAndChisel","Runesmith:Augment+1","Runesmith:Grindstone","Summon_Undead_Army"],"picked":"SKIP","floor":83.0},{"not_picked":["Runesmith:Firewall","Runesmith:StaticCage","Runesmith:Electrocute+1","Runesmith:CraftSpiculum","Life_Tap"],"picked":"SKIP","floor":87.0},{"not_picked":["aspiration:UnbridledHammer","Runesmith:ShiftingStrike+1","Runesmith:UnstableHammer","Runesmith:Attraction+1","Bone_Spikes"],"picked":"SKIP","floor":88.0},{"not_picked":["Runesmith:LightningRod","Runesmith:Reinforce","Runesmith:EnergizedChisel","Runesmith:HeatExchange","Shackles_Of_Pain"],"picked":"SKIP","floor":92.0},{"not_picked":["Runesmith:Repurpose","Runesmith:ChiselStab","Runesmith:HeatedChisel+1","Runesmith:OneForEveryone+1","Bone_Armor"],"picked":"SKIP","floor":95.0},{"not_picked":["Runesmith:EarthShield","Runesmith:CraftIncendium","Runesmith:HeatedChisel","Runesmith:RuneHurl+1","Death_Coil"],"picked":"SKIP","floor":97.0},{"not_picked":["Runesmith:HeatExchange","Runesmith:ShiftingStrike","Runesmith:EnergizedChisel","Runesmith:LightningRod","Bones_to_Steel"],"picked":"SKIP","floor":100.0},{"not_picked":["Runesmith:EarthShield","Runesmith:StaticCage"],"picked":"Negative_Energy_Javelin","floor":104.0},{"not_picked":["Runesmith:EarthShield","Runesmith:Grindstone","Bone_Bullets"],"picked":"SKIP","floor":109.0},{"not_picked":["Runesmith:Superposition","Runesmith:BackupBattery","Bone_Prison"],"picked":"SKIP","floor":110.0},{"not_picked":["Runesmith:LithiumIon+1","Runesmith:CraftProtectio"],"picked":"Negative_Energy_Sphere","floor":112.0},{"not_picked":["Runesmith:MakeshiftArmor","Runesmith:Augment","Necrotic_Claws"],"picked":"SKIP","floor":116.0},{"not_picked":["Runesmith:Superposition","Runesmith:Repurpose","Spectral_Armor"],"picked":"SKIP","floor":117.0}],"player_experience":621921,"relics_obtained":[{"floor":8.0,"key":"Runesmith:Locket"},{"floor":14.0,"key":"infinitespire:WardingShard"},{"floor":24.0,"key":"aspiration:HummingbirdHeart"},{"floor":25.0,"key":"Bag of Preparation"},{"floor":25.0,"key":"Kunai"},{"floor":27.0,"key":"Vajra"},{"floor":27.0,"key":"Akabeko"},{"floor":29.0,"key":"Blood Vial"},{"floor":29.0,"key":"hubris:PeanutButter"},{"floor":38.0,"key":"hubris:FunFungus"},{"floor":39.0,"key":"aspiration:SeaSaltIceCream"},{"floor":41.0,"key":"infinitespire:Broken Mirror"},{"floor":43.0,"key":"Blue Doll"},{"floor":45.0,"key":"Replay:Ringing Soul"},{"floor":45.0,"key":"hubris:DisguiseKit"},{"floor":58.0,"key":"Guardian:PocketSentry"},{"floor":76.0,"key":"Frozen Egg 2"},{"floor":85.0,"key":"Toy Ornithopter"},{"floor":85.0,"key":"Blue Candle"},{"floor":85.0,"key":"aspiration:DSix"},{"floor":97.0,"key":"Eternal Feather"},{"floor":105.0,"key":"Runesmith:AutoHammer"},{"floor":108.0,"key":"Replay:Wax Seal"},{"floor":117.0,"key":"Garlic"},{"floor":120.0,"key":"Replay:Baseball"}],"event_choices":[{"damage_healed":0.0,"max_hp_gain":0.0,"max_hp_loss":0.0,"gold_gain":0.0,"event_name":"Accursed Blacksmith","player_choice":"Forge","floor":5.0,"gold_loss":0.0,"damage_taken":0.0,"cards_upgraded":["Runesmith:Fortify"]},{"damage_healed":0.0,"max_hp_gain":0.0,"max_hp_loss":0.0,"gold_gain":0.0,"event_name":"betterNote:BetterNote","player_choice":"Ignored","floor":22.0,"gold_loss":0.0,"damage_taken":0.0,"cards_obtained":["Defend_S"]},{"damage_healed":0.0,"max_hp_gain":0.0,"max_hp_loss":0.0,"gold_gain":0.0,"event_name":"Upgrade Shrine","player_choice":"Upgraded","floor":31.0,"gold_loss":0.0,"damage_taken":0.0,"cards_upgraded":["Runesmith:CraftFirestone"]},{"damage_healed":0.0,"max_hp_gain":0.0,"max_hp_loss":0.0,"gold_gain":1.0,"event_name":"betterThird:BetterScrap","player_choice":"Relic Relic ","floor":62.0,"gold_loss":0.0,"damage_taken":10.0,"cards_obtained":["Rampage"]},{"damage_healed":0.0,"max_hp_gain":0.0,"max_hp_loss":0.0,"gold_gain":0.0,"event_name":"Transmorgrifier","player_choice":"Ignored","floor":73.0,"gold_loss":0.0,"damage_taken":0.0},{"damage_healed":0.0,"max_hp_gain":0.0,"max_hp_loss":0.0,"gold_gain":0.0,"event_name":"Vampires","player_choice":"Became a vampire (Vial)","floor":77.0,"relics_lost":["Blood Vial"],"gold_loss":0.0,"damage_taken":0.0,"cards_obtained":["Bite","Bite","Bite","Bite","Bite"]},{"damage_healed":0.0,"max_hp_gain":0.0,"max_hp_loss":0.0,"gold_gain":0.0,"event_name":"Transmorgrifier","player_choice":"Ignored","floor":99.0,"gold_loss":0.0,"damage_taken":0.0},{"damage_healed":0.0,"max_hp_gain":0.0,"max_hp_loss":0.0,"gold_gain":0.0,"event_name":"Accursed Blacksmith","player_choice":"Forge","floor":113.0,"gold_loss":0.0,"damage_taken":0.0,"cards_upgraded":["Negative_Energy_Javelin"]},{"damage_healed":0.0,"max_hp_gain":5.0,"max_hp_loss":0.0,"gold_gain":0.0,"event_name":"Big Fish","player_choice":"Donut","floor":114.0,"gold_loss":0.0,"damage_taken":0.0},{"damage_healed":44.0,"max_hp_gain":0.0,"max_hp_loss":0.0,"gold_gain":0.0,"event_name":"The Library","player_choice":"Heal","floor":121.0,"gold_loss":0.0,"damage_taken":0.0}],"is_beta":false,"boss_relics":[{"not_picked":["Honey Jar","downfall:Hecktoplasm"],"picked":"hubris:Stopwatch"},{"not_picked":["Kintsugi","ReplayTheSpireMod:SealedPack"],"picked":"Replay:Ancient Bell"},{"not_picked":["Centennial Puzzle","Bronze Scales"],"picked":"Regal Pillow"},{"not_picked":["aspiration:FetidBarrel","Pear"],"picked":"Iron Hammer"},{"not_picked":["Girya","hubris:GlazedTorus"],"picked":"infinitespire:Joker Card"},{"not_picked":["aspiration:RitualDagger","Runesmith:CoreCrystal","hubris:TerracottaHorce"]},{"not_picked":["aspiration:RunicSpoon","Runesmith:PocketReactor","hubris:RunicObelisk"]},{"not_picked":["Replay:Drink Me","Philosopher\u0027s Stone"],"picked":"Calling Bell"},{"not_picked":["Abe\u0027s Treasure","ReplayTheSpireMod:DimensionalGlitch"],"picked":"Busted Crown"},{"not_picked":["Coffee Dripper","Kintsugi","aspiration:IroncladSkillbook"]}],"items_purged_floors":[40,48,71],"is_endless":true,"potions_floor_spawned":[6,9,11,14,16,19,23,29,30,33,36,44,49,54,56,59,60,61,70,76,84,87,88,95,100,109,112,116,118],"killed_by":"Spheric Guardian","ascension_level":1}}