{"host":"nukjzc0ca34w6eem","time":1610054268,"event":{"mods":["2.2 Compatiblity","AchievementEnabler","BaseMod","Colored Powertips","Downfall","Minty Spire (QoL Compilation)","StSLib"],"gold_per_floor":[99,99,99,99,199,209,233,263,283,283,307,325,325,345,363,463,463,463,477,496,496,496,496,496,271,297,313,332,332,332,342,360,463,463,463,481,504,504,529,547,547,572,584,600,616,635,635,655,674,674],"floor_reached":51,"playtime":3230,"items_purged":[],"score":1492,"play_id":"e4f76137-6e16-483a-af4a-a1cfa03d47cf","local_time":"20210107131748","is_ascension_mode":true,"campfire_choices":[{"data":"Slimebound:Split","floor":1.0,"key":"SMITH"},{"data":"Slimebound:GrowthPunch","floor":18.0,"key":"SMITH"},{"floor":23.0,"key":"RECALL"},{"data":"Slimebound:HauntingLick","floor":25.0,"key":"SMITH"},{"data":"Slimebound:OneTwoCombo","floor":35.0,"key":"SMITH"},{"data":"Slimebound:MinionMaster","floor":47.0,"key":"SMITH"}],"circlet_count":0,"master_deck":["AscendersBane","Slimebound:Defend_Slimebound","Slimebound:Split+1","Slimebound:CorrosiveSpit+1","Slimebound:LevelUp+1","Slimebound:SplitLeeching+1","Slimebound:SplitAcid","Slimebound:HauntingLick+1","Slimebound:SlimeSpikes+1","Slimebound:Repurpose","Slimebound:GrowthPunch+1","Slimebound:HungryTackle","Regret","Slimebound:OozeBath+1","Slimebound:SpikyOuterGoop","Slimebound:LeechLife","Slimebound:LevelUp+1","Slimebound:RallyTheTroops","Slimebound:ViciousTackle","Slimebound:Grow","Slimebound:RejuvenatingLick+1","Slimebound:RainOfGoop","Slimebound:OneTwoCombo+1","Slimebound:Replication+1","Slimebound:Recollect+1","Slimebound:SplitBruiser+1","Slimebound:MinionMaster+1","Slimebound:SplitLeeching+1","Slimebound:Replication+1"],"relics":["Slimebound:AbsorbEndCombat","downfall:HeartsMalice","Tiny Chest","Guardian:PocketSentry","hexamod:BolsterEngine","Slimebound:TarBlob","Matryoshka","downfall:HeartBlessingRed","downfall:HeartBlessingGreen","downfall:HeartBlessingBlue","Meat on the Bone","Blue Candle","Mummified Hand","Astrolabe","Bronze Scales","Lantern","Boot","Mercury Hourglass","Potion Belt"],"acts_visited":["Exordium","TheCity","TheBeyond"],"potions_floor_usage":[50,50],"damage_taken":[{"damage":0.0,"enemies":"Cultist","floor":2.0,"turns":1.0},{"damage":0.0,"enemies":"Jaw Worm","floor":3.0,"turns":1.0},{"damage":0.0,"enemies":"2 Louse","floor":4.0,"turns":1.0},{"damage":39.0,"enemies":"downfall:Heads","floor":5.0,"turns":5.0},{"damage":12.0,"enemies":"Large Slime","floor":6.0,"turns":4.0},{"damage":25.0,"enemies":"3 Sentries","floor":8.0,"turns":4.0},{"damage":12.0,"enemies":"Red Slaver","floor":9.0,"turns":3.0},{"damage":12.0,"enemies":"Exordium Thugs","floor":12.0,"turns":3.0},{"damage":35.0,"enemies":"Large Slime","floor":14.0,"turns":4.0},{"damage":4.0,"enemies":"3 Louse","floor":15.0,"turns":2.0},{"damage":41.0,"enemies":"downfall:Silent","floor":16.0,"turns":6.0},{"damage":44.0,"enemies":"Chosen","floor":19.0,"turns":5.0},{"damage":24.0,"enemies":"3 Byrds","floor":20.0,"turns":3.0},{"damage":55.0,"enemies":"Book of Stabbing","floor":26.0,"turns":5.0},{"damage":39.0,"enemies":"Centurion and Healer","floor":27.0,"turns":5.0},{"damage":37.0,"enemies":"Snake Plant","floor":28.0,"turns":3.0},{"damage":45.0,"enemies":"Shelled Parasite and Fungi","floor":31.0,"turns":5.0},{"damage":35.0,"enemies":"Sentry and Sphere","floor":32.0,"turns":4.0},{"damage":69.0,"enemies":"downfall:Watcher","floor":33.0,"turns":6.0},{"damage":29.0,"enemies":"Orb Walker","floor":36.0,"turns":2.0},{"damage":6.0,"enemies":"3 Darklings","floor":40.0,"turns":2.0},{"damage":37.0,"enemies":"Giant Head","floor":42.0,"turns":6.0},{"damage":13.0,"enemies":"Sphere and 2 Shapes","floor":43.0,"turns":4.0},{"damage":63.0,"enemies":"Maw","floor":44.0,"turns":5.0},{"damage":20.0,"enemies":"3 Darklings","floor":45.0,"turns":3.0},{"damage":13.0,"enemies":"4 Shapes","floor":46.0,"turns":4.0},{"damage":23.0,"enemies":"Spire Growth","floor":48.0,"turns":3.0},{"damage":68.0,"enemies":"Transient","floor":49.0,"turns":5.0},{"damage":37,"enemies":"downfall:Defect","floor":50,"turns":4}],"seed_played":"-967331378391657174","potions_obtained":[{"floor":5.0,"key":"AttackPotion"},{"floor":6.0,"key":"SpeedPotion"},{"floor":8.0,"key":"SpeedPotion"},{"floor":9.0,"key":"Guardian:BlockOnCardUsePotion"},{"floor":14.0,"key":"SkillPotion"},{"floor":19.0,"key":"Slimebound:SlimedPotion"},{"floor":28.0,"key":"Slimebound:ThreeZeroPotion"},{"floor":31.0,"key":"Dexterity Potion"},{"floor":33.0,"key":"PowerPotion"},{"floor":43.0,"key":"BlessingOfTheForge"},{"floor":44.0,"key":"BlessingOfTheForge"},{"floor":48.0,"key":"FearPotion"}],"is_trial":false,"path_per_floor":["R","M","M","M","?","M","T","E","M","?","T","M","T","M","M","B",null,"R","M","M","?","?","R","T","R","E","M","M","T","?","M","M","B",null,"R","M","?","?","T","M","T","E","M","M","M","M","R","M","M","B",null],"character_chosen":"SLIMEBOUND","items_purchased":[],"campfire_rested":0,"item_purchase_floors":[],"current_hp_per_floor":[54,54,54,54,23,25,25,22,30,30,30,30,30,25,27,22,51,51,36,49,49,49,49,49,59,44,52,53,53,53,60,61,65,69,69,67,67,59,59,61,61,66,70,60,66,70,70,70,55,60],"gold":674,"neow_bonus":"THREE_ENEMY_KILL","is_daily":false,"chose_seed":false,"campfire_upgraded":5,"win_rate":0.0,"timestamp":1610054268,"path_taken":["R","M","M","M","?","M","T","E","M","?","?","?","?","M","M","BOSS","R","M","M","?","?","R","T","R","E","M","?","?","?","M","M","BOSS","R","M","?","?","?","M","T","E","M","M","M","M","R","M","M","BOSS"],"items_purchased_type":[],"build_version":"2020-12-22","purchased_purges":0,"victory":true,"max_hp_per_floor":[60,60,60,60,60,60,60,60,60,60,60,60,60,60,60,60,60,60,60,60,60,60,60,60,70,70,70,70,70,70,70,70,70,70,70,70,70,70,70,70,70,70,70,70,70,70,70,70,70,70],"card_choices":[{"not_picked":["Slimebound:ViciousTackle","Slimebound:SlimeTap"],"picked":"Slimebound:LevelUp","floor":2.0},{"not_picked":["Slimebound:PressTheAttack","Slimebound:SlimeSpikes"],"picked":"Slimebound:SplitLeeching","floor":3.0},{"not_picked":["Slimebound:Prepare","Slimebound:SpikyOuterGoop"],"picked":"Slimebound:SplitAcid","floor":4.0},{"not_picked":["Slimebound:Repurpose","Slimebound:HauntingLick"],"picked":"Slimebound:SlimeSpikes","floor":5.0},{"not_picked":["Slimebound:RollThrough","Slimebound:ViciousTackle"],"picked":"Slimebound:Repurpose","floor":6.0},{"not_picked":["Slimebound:FinishingTackle","Slimebound:ForwardTackle"],"picked":"Slimebound:GrowthPunch","floor":8.0},{"not_picked":["Slimebound:ViciousTackle","Slimebound:SlimeSpikes"],"picked":"Slimebound:HungryTackle","floor":9.0},{"not_picked":["Slimebound:LeechEnergy","Slimebound:ItLooksTasty","Slimebound:Replication"],"picked":"SKIP","floor":12.0},{"not_picked":["Slimebound:SlimeSpikes","Slimebound:BestDefense"],"picked":"Slimebound:OozeBath","floor":14.0},{"not_picked":["Slimebound:LeechEnergy","Slimebound:GrowthPunch"],"picked":"Slimebound:SpikyOuterGoop","floor":15.0},{"not_picked":["Slimebound:SlimeSlap","Slimebound:DuplicatedForm"],"picked":"Slimebound:LeechLife","floor":16.0},{"not_picked":["Slimebound:HungryTackle","Slimebound:Schlurp","Slimebound:Nibble"],"picked":"SKIP","floor":19.0},{"not_picked":["Slimebound:SplitLeeching","Slimebound:RollThrough","Slimebound:SplitAcid"],"picked":"SKIP","floor":20.0},{"not_picked":["Slimebound:ViciousTackle+1","Slimebound:Grow+1"],"picked":"Slimebound:RallyTheTroops","floor":26.0},{"not_picked":["Slimebound:GoopSpray","Slimebound:TongueLash","Slimebound:ItLooksTasty"],"picked":"SKIP","floor":27.0},{"not_picked":["Slimebound:ComboTackle","Slimebound:FinishingTackle+1","Slimebound:Gluttony"],"picked":"SKIP","floor":28.0},{"not_picked":["Slimebound:ComboTackle","Slimebound:Chomp+1"],"picked":"Slimebound:RejuvenatingLick+1","floor":31.0},{"not_picked":["Slimebound:GrowthPunch","Slimebound:RollThrough"],"picked":"Slimebound:RainOfGoop","floor":32.0},{"not_picked":["Slimebound:CheckThePlaybook","Slimebound:Teamwork"],"picked":"Slimebound:OneTwoCombo","floor":33.0},{"not_picked":["Slimebound:SlimeBrawl","Slimebound:SplitLeeching+1","Slimebound:LevelUp"],"picked":"SKIP","floor":36.0},{"not_picked":["Slimebound:Replication","Slimebound:LeechEnergy"],"picked":"Slimebound:SplitBruiser+1","floor":40.0},{"not_picked":["Slimebound:ViciousTackle+1","Slimebound:LeechEnergy+1"],"picked":"Slimebound:MinionMaster","floor":42.0},{"not_picked":["Slimebound:ProtectTheBoss+1","Slimebound:Recollect+1"],"picked":"Slimebound:SplitLeeching+1","floor":43.0},{"not_picked":["Slimebound:SlimeSpikes","Slimebound:RejuvenatingLick","Slimebound:SplitBruiser"],"picked":"SKIP","floor":44.0},{"not_picked":["Slimebound:GoopSpray","Slimebound:DisruptingSlam+1"],"picked":"Slimebound:Replication+1","floor":45.0},{"not_picked":["Slimebound:LeechingTouch","Slimebound:SplitAcid+1","Slimebound:SlimeSpikes+1"],"picked":"SKIP","floor":46.0},{"not_picked":["Slimebound:Schlurp","Slimebound:Gluttony+1","Slimebound:SplitLeeching+1"],"picked":"SKIP","floor":48.0},{"not_picked":["Slimebound:SlimeTap","Slimebound:PressTheAttack","Slimebound:ViciousTackle+1"],"picked":"SKIP","floor":49.0}],"player_experience":511203,"relics_obtained":[{"floor":7.0,"key":"Tiny Chest"},{"floor":8.0,"key":"Guardian:PocketSentry"},{"floor":13.0,"key":"hexamod:BolsterEngine"},{"floor":24.0,"key":"Matryoshka"},{"floor":26.0,"key":"Meat on the Bone"},{"floor":29.0,"key":"Blue Candle"},{"floor":29.0,"key":"Mummified Hand"},{"floor":37.0,"key":"Bronze Scales"},{"floor":37.0,"key":"Lantern"},{"floor":39.0,"key":"Boot"},{"floor":41.0,"key":"Mercury Hourglass"},{"floor":42.0,"key":"Potion Belt"}],"event_choices":[{"damage_healed":0.0,"max_hp_gain":0.0,"max_hp_loss":0.0,"gold_gain":0.0,"event_name":"Vampires","player_choice":"Ignored","floor":21.0,"gold_loss":0.0,"damage_taken":0.0},{"damage_healed":0.0,"max_hp_gain":0.0,"max_hp_loss":0.0,"gold_gain":0.0,"event_name":"Duplicator","player_choice":"Copied","floor":22.0,"gold_loss":0.0,"damage_taken":0.0,"cards_obtained":["Slimebound:LevelUp"]},{"damage_healed":0.0,"max_hp_gain":0.0,"max_hp_loss":0.0,"gold_gain":0.0,"cards_transformed":["Slimebound:Strike_Slimebound","Slimebound:Defend_Slimebound"],"event_name":"Drug Dealer","player_choice":"Became Test Subject","floor":30.0,"gold_loss":0.0,"damage_taken":0.0,"cards_obtained":["Slimebound:ViciousTackle","Slimebound:Grow"]}],"is_beta":false,"boss_relics":[{"not_picked":["Empty Cage","Runic Pyramid"],"picked":"Slimebound:TarBlob"},{"not_picked":["Snecko Eye","SlaversCollar"],"picked":"Astrolabe"}],"items_purged_floors":[],"is_endless":false,"potions_floor_spawned":[5,6,8,9,14,19,28,31,33,40,43,44,48],"ascension_level":10}}