{"host":"ifrtxrfi0kt9ye6r","time":1610042419,"event":{"mods":["100% Spire Juice","Act Like it!","BaseMod","BetterRewards","Downfall","Gensokyo","Hubris","Infinite Spire","Koishi","Marisa£¨Ùöéë¡¡Øª×âÞÞ£©","Minty Spire (QoL Compilation)","Replay The Spire","StSLib","The Animator"],"gold_per_floor":[114,114,44,14,103,103,132,132,157,192,192,192,192,192,192,496,496,506,516,516,516,533,533,564,564,589,589,599,599,612,25,25,130,230,248,158,158,371,387,387,422,422,422,447,516,545,545,574,351,371,371,371,371,371,295,524,524],"floor_reached":58,"playtime":5056,"items_purged":["Koishi:BasicDefend","Koishi:BasicStrike"],"score":1601,"play_id":"a0db45d1-a8cf-4f30-b911-4854eaf26bbe","local_time":"20210108030019","is_ascension_mode":true,"campfire_choices":[{"floor":6,"key":"RECALL"},{"data":"expansioncontent:QuickStudy","floor":8,"key":"SMITH"},{"data":"Koishi:SilentAndRestless","floor":11,"key":"SMITH"},{"data":"Koishi:SpiritedAway","floor":13,"key":"SMITH"},{"floor":23,"key":"REST"},{"floor":27,"key":"REST"},{"floor":29,"key":"REST"},{"data":"infinitespire:FutureSight","floor":32,"key":"SMITH"},{"floor":40,"key":"REST"},{"data":"Koishi:ApparitionsStalkTheNight","floor":47,"key":"SMITH"},{"data":"Gensokyo:ManorOfTheDishes","floor":51,"key":"SMITH"},{"data":"Koishi:BasicDefend","floor":54,"key":"PURGE"}],"circlet_count":0,"master_deck":["Koishi:BasicStrike+1","Koishi:BasicStrike","Koishi:BasicStrike","Koishi:BasicDefend+1","Koishi:BasicDefend+1","Koishi:Provoke","Koishi:HauntingSlash","Koishi:PhantomStrike","expansioncontent:QuickStudy+1","Koishi:SpiritedAway+1","Koishi:SilentAndRestless+1","Koishi:UnansweredLove","Koishi:HeartfeltFancy+1","Koishi:SpiritedAway+1","Koishi:GrowingPain+1","Koishi:DNAsFlaw+1","Koishi:PhantomStrike+1","infinitespire:FutureSight+1","Koishi:FleetingPhantom","Gensokyo:TurboGranny","Koishi:SilentAndRestless+1","Koishi:UnansweredLove+1","Gensokyo:CustomPotion","infinitespire:SealOfDarkness+","Koishi:ApparitionsStalkTheNight+1","Koishi:StrangeCloudFist+1","Koishi:FleetingPhantom+1","Koishi:PhantomStrike+1","Koishi:VengefulSpirit","hubris:DuctTapeCard","Koishi:GhostParty"],"relics":["Koishi:ImaginaryFriend","Blue Doll","hubris:Towel","hubris:ToyBattleship","infinitespire:CheckeredPen","PreservedInsect","Ginger","Happy Flower","Gensokyo:PortableGap","Koishi:ColorfulDays","Molten Egg 2","Gensokyo:ConquerorOfFear","Mango","Guide Book","ClockworkSouvenir","Replay:Wanted Poster","Pet Ghost","Bird Faced Urn","infinitespire:Lucky Rock","Peace Pipe","Replay:Accelerometer","War Paint","infinitespire:Joker Card","hubris:DuctTape"],"acts_visited":["Gensokyo:Gensokyo","Gensokyo:Gensokyoer","Gensokyo:Gensokyoest","TheEnding"],"potions_floor_usage":[10,18,28,28,28,35,41,41,41,44,56],"damage_taken":[{"damage":4,"enemies":"Gensokyo:Python","floor":1,"turns":3},{"damage":2,"enemies":"Gensokyo:Mamizou","floor":7,"turns":7},{"damage":2,"enemies":"Gensokyo:Cirno","floor":10,"turns":4},{"damage":9,"enemies":"Gensokyo:Yukari","floor":16,"turns":7},{"damage":9,"enemies":"Gensokyo:CosmicMonolith","floor":18,"turns":3},{"damage":7,"enemies":"Gensokyo:3_Dogs","floor":19,"turns":5},{"damage":34,"enemies":"Gensokyo:Wraith","floor":22,"turns":4},{"damage":1,"enemies":"Nightmare","floor":24,"turns":5},{"damage":1,"enemies":"Gensokyo:Monolith_and_Dog","floor":28,"turns":4},{"damage":0,"enemies":"Gensokyo:Chomper_and_Gloop","floor":30,"turns":5},{"damage":26,"enemies":"Gensokyo:Kaguya","floor":33,"turns":8},{"damage":11,"enemies":"Gensokyo:AncientGuardian","floor":35,"turns":3},{"damage":5,"enemies":"Gensokyo:3_Boulders","floor":38,"turns":5},{"damage":27,"enemies":"Gensokyo:Sharpion","floor":39,"turns":6},{"damage":18,"enemies":"Nightmare","floor":41,"turns":5},{"damage":2,"enemies":"Gensokyo:Marisa","floor":44,"turns":5},{"damage":0,"enemies":"Gensokyo:Kasen","floor":46,"turns":5},{"damage":0,"enemies":"Gensokyo:Doremy","floor":48,"turns":4},{"damage":5,"enemies":"Gensokyo:Rafflesia","floor":50,"turns":6},{"damage":0,"enemies":"Gensokyo:Scarlet_Devils","floor":52,"turns":8},{"damage":0,"enemies":"Shield and Spear","floor":56,"turns":5},{"damage":0,"enemies":"The Heart","floor":57,"turns":9}],"seed_played":"-1093581502783194511","potions_obtained":[{"floor":7,"key":"AttackPotion"},{"floor":16,"key":"PowerPotion"},{"floor":22,"key":"Strength Potion"},{"floor":24,"key":"EntropicBrew"},{"floor":30,"key":"AttackPotion"},{"floor":35,"key":"Venom Potion"},{"floor":41,"key":"SkillPotion"},{"floor":46,"key":"Energy Potion"}],"is_trial":false,"path_per_floor":["M","?","?","COS","?","R","E","R","T","E","R","T","R","?","R","B",null,"M","M","?","?","M","R","NM","?","T","R","M","R","M","COS","R","B",null,"M","?","AVR","M","M","R","NM","PTL","PTL","E","T","E","R","E","COS","M","R","B",null,"R","$","E","B",null],"character_chosen":"KOISHI","items_purchased":["Blue Doll","Koishi:PhantomStrike","expansioncontent:QuickStudy","Koishi:VengefulSpirit"],"campfire_rested":4,"item_purchase_floors":[0,0,0,55],"current_hp_per_floor":[57,57,57,57,42,42,50,50,50,48,48,48,48,48,54,48,54,45,39,39,39,5,20,35,19,19,38,39,58,60,60,60,34,61,50,50,50,46,22,40,27,27,27,35,35,45,45,50,50,52,52,58,58,58,58,58,58],"gold":524,"neow_bonus":"","is_daily":false,"chose_seed":false,"campfire_upgraded":6,"win_rate":0.0,"timestamp":1610042419,"path_taken":["M","?","?","COS","?","R","E","R","T","E","R","?","R","?","R","BOSS","M","M","?","?","M","R","NM","?","T","R","M","R","?","COS","R","BOSS","M","?","AVR","M","M","R","NM","PTL","PTL","E","T","E","R","E","COS","M","R","BOSS","R","$","E","BOSS"],"items_purchased_type":["Relic","Card","Card","Card"],"build_version":"2020-12-22","purchased_purges":2,"victory":true,"max_hp_per_floor":[60,60,60,60,60,60,60,60,60,60,60,60,60,54,54,54,54,54,54,50,50,50,50,64,64,64,64,64,64,61,61,61,61,61,61,61,61,61,61,61,61,61,61,61,61,61,58,58,58,58,58,58,58,58,58,58,58],"card_choices":[{"not_picked":["Koishi:SubterraneanRose","Koishi:PhantomStrike"],"picked":"Koishi:SpiritedAway","floor":1},{"not_picked":["Koishi:PhilosophyOfTheDespised","Koishi:YoukaiPolygraph"],"picked":"Koishi:SilentAndRestless","floor":5},{"not_picked":["Koishi:StingingMind","Koishi:FourthEye"],"picked":"Koishi:UnansweredLove","floor":5},{"not_picked":["Koishi:EmbryosDream","Koishi:YoukaiPolygraph"],"picked":"Koishi:HeartfeltFancy","floor":7},{"not_picked":["Koishi:PhilosophyOfTheDespised","Koishi:UnansweredLove"],"picked":"Koishi:SpiritedAway","floor":10},{"not_picked":["Koishi:ConditionedTeleport","Koishi:TerrifyingSpectre"],"picked":"Koishi:GrowingPain","floor":16},{"not_picked":["Koishi:EmbryosDream+1","Koishi:ReleaseOfTheId","Koishi:FreudianInstinct+1"],"picked":"SKIP","floor":18},{"not_picked":["Koishi:EmbryosDream+1","Koishi:RacingHeart"],"picked":"Koishi:DNAsFlaw","floor":19},{"not_picked":["Koishi:SprinkleStarAndHeart","Koishi:JumpScare+1"],"picked":"Koishi:PhantomStrike+1","floor":22},{"not_picked":["Koishi:RacingHeart+1","Koishi:HeartfeltFancy","Koishi:SubconsciousSweep+1"],"picked":"SKIP","floor":24},{"not_picked":["infinitespire:Oblivion","infinitespire:Execution"],"picked":"infinitespire:FutureSight","floor":25},{"not_picked":["Koishi:Prune+1","Koishi:DanmakuParanoia","Koishi:Whimsy+1"],"picked":"SKIP","floor":28},{"not_picked":["Koishi:BramblyRoseGarden","Koishi:UnconsciousUprising"],"picked":"Koishi:FleetingPhantom","floor":30},{"not_picked":["Koishi:RuptureMind+1","Koishi:HeartStoppingHorror"],"picked":"Koishi:SilentAndRestless+1","floor":33},{"not_picked":["Koishi:UnconsciousUrges+1","Koishi:FleetingPhantom"],"picked":"Koishi:UnansweredLove+1","floor":35},{"not_picked":["Koishi:Prune+1","Koishi:CatchAndRose+1"],"picked":"Koishi:ApparitionsStalkTheNight","floor":38},{"not_picked":["Koishi:UnconsciousUprising+1","Koishi:Jaunt+1"],"picked":"Koishi:StrangeCloudFist+1","floor":39},{"not_picked":["Koishi:JumpScare","Koishi:DanmakuParanoia"],"picked":"Koishi:FleetingPhantom+1","floor":41},{"not_picked":["Koishi:LastRemote+1","Koishi:DreadfulBlow+1"],"picked":"Koishi:Untouchable+1","floor":44},{"not_picked":["Koishi:RacingHeart+1","Koishi:ParalyzingFear+1","Koishi:RorschachInDanmaku+1"],"picked":"SKIP","floor":46},{"not_picked":["Koishi:CatchAndRose","Koishi:YoukaiPolygraph+1"],"picked":"Koishi:PhantomStrike+1","floor":48},{"not_picked":["Koishi:IdleWhim+1","Koishi:MassHysteria","Koishi:SubconsciousSweep+1"],"picked":"SKIP","floor":50},{"not_picked":["Koishi:UnansweredLove+1","Koishi:RorschachInDanmaku"],"picked":"Koishi:GhostParty","floor":56}],"player_experience":277383,"relics_obtained":[{"floor":5,"key":"hubris:ToyBattleship"},{"floor":7,"key":"infinitespire:CheckeredPen"},{"floor":9,"key":"PreservedInsect"},{"floor":10,"key":"Ginger"},{"floor":12,"key":"Happy Flower"},{"floor":22,"key":"Gensokyo:ConquerorOfFear"},{"floor":24,"key":"Mango"},{"floor":41,"key":"infinitespire:Lucky Rock"},{"floor":44,"key":"Peace Pipe"},{"floor":45,"key":"Replay:Accelerometer"},{"floor":46,"key":"War Paint"},{"floor":48,"key":"infinitespire:Joker Card"},{"floor":56,"key":"hubris:DuctTape"}],"event_choices":[],"is_beta":false,"boss_relics":[{"not_picked":["hubris:RunicObelisk","hubris:Stopwatch"],"picked":"Koishi:ColorfulDays"},{"not_picked":["Empty Cage","ReplayTheSpireMod:DimensionalGlitch"],"picked":"Replay:Wanted Poster"}],"items_purged_floors":[0,37],"is_endless":false,"potions_floor_spawned":[7,16,22,24,30,35,41,46],"ascension_level":2}}