{"host":"w05x4i13f2m9joq1","time":1610049334,"event":{"mods":["BaseMod","Colored Map","Colored Powertips","Googly Eyes","Lobotomy","LobotomyExtend","Marisa????????","Minty Spire (QoL Compilation)"],"gold_per_floor":[111,126,139,69,69,101,376,407,407,407,423,436,436,452,452,452,452],"floor_reached":16,"playtime":1248,"items_purged":[],"score":112,"play_id":"e315e756-175c-46ee-8fd8-c20b1e736c3e","local_time":"20210107145534","is_ascension_mode":false,"campfire_choices":[{"floor":10,"key":"REST"},{"floor":13,"key":"REST"},{"floor":15,"key":"REST"}],"circlet_count":0,"master_deck":["Strike_MRS","Strike_MRS","Strike_MRS","Strike_MRS","Defend_MRS","Defend_MRS","Defend_MRS","Defend_MRS","MasterSpark","UpSweep","LuminesStrike","WitchLeyline","EventHorizon","6A","PowerUp","DC","Regret","EarthLightRay","LuminesStrike","NonDirectionalLaser","GalacticHalo"],"relics":["MiniHakkero","Strawberry","Mummified Hand","Blue Candle","Happy Flower","Singing Bowl"],"acts_visited":["Exordium"],"potions_floor_usage":[12,12],"damage_taken":[{"damage":1,"enemies":"Cultist","floor":1,"turns":3},{"damage":6,"enemies":"2 Louse","floor":2,"turns":4},{"damage":6,"enemies":"Jaw Worm","floor":3,"turns":2},{"damage":33,"enemies":"3 Sentries","floor":6,"turns":5},{"damage":17,"enemies":"Lagavulin","floor":8,"turns":5},{"damage":14,"enemies":"Exordium Wildlife","floor":11,"turns":3},{"damage":12,"enemies":"Exordium Thugs","floor":12,"turns":2},{"damage":15,"enemies":"Blue Slaver","floor":14,"turns":2},{"damage":51,"enemies":"The Guardian","floor":16,"turns":6}],"seed_played":"8352825757287082493","potions_obtained":[{"floor":2,"key":"Weak Potion"},{"floor":8,"key":"Swift Potion"},{"floor":11,"key":"StarNLove"},{"floor":14,"key":"PowerPotion"}],"is_trial":false,"path_per_floor":["M","M","M","$","?","E","?","E","T","R","M","M","R","M","R","B"],"character_chosen":"MARISA","items_purchased":["6A","PowerUp"],"campfire_rested":3,"item_purchase_floors":[4,4],"current_hp_per_floor":[81,75,69,69,57,24,24,7,7,31,21,13,37,22,46,0,0],"gold":452,"neow_bonus":"RANDOM_COMMON_RELIC","is_daily":false,"chose_seed":false,"campfire_upgraded":0,"win_rate":0.0,"timestamp":1610049334,"path_taken":["M","?","M","$","?","E","?","E","T","R","M","M","R","M","R","BOSS"],"items_purchased_type":["Card","Card"],"build_version":"2020-12-22","purchased_purges":0,"victory":false,"max_hp_per_floor":[82,82,82,82,82,82,82,82,82,82,82,82,82,82,82,82,82],"card_choices":[{"not_picked":["GrandCross","FairyDestructionRay"],"picked":"LuminesStrike","floor":1},{"not_picked":["EventHorizon","UnstableBomb"],"picked":"WitchLeyline","floor":2},{"not_picked":["IllusionStar","SporeBomb"],"picked":"EventHorizon","floor":3},{"not_picked":["BinaryStars","LuminesStrike"],"picked":"DC","floor":6},{"not_picked":["WitchLeyline","RefractionSpark"],"picked":"EarthLightRay","floor":8},{"not_picked":["MilkyWay","OneTimeOff"],"picked":"LuminesStrike","floor":11},{"not_picked":["DarkSpark","PowerUp"],"picked":"NonDirectionalLaser","floor":12},{"not_picked":["DoubleSpark","GravityBeat"],"picked":"GalacticHalo","floor":14}],"player_experience":53977,"relics_obtained":[{"floor":6,"key":"Blue Candle"},{"floor":8,"key":"Happy Flower"},{"floor":9,"key":"Singing Bowl"}],"event_choices":[{"damage_healed":0,"gold_gain":0,"player_choice":"Success","damage_taken":12,"relics_obtained":["Mummified Hand"],"max_hp_gain":0,"max_hp_loss":0,"event_name":"Scrap Ooze","floor":5,"gold_loss":0},{"damage_healed":0,"gold_gain":275,"player_choice":"Desecrate","damage_taken":0,"max_hp_gain":0,"max_hp_loss":0,"event_name":"Golden Shrine","floor":7,"gold_loss":0,"cards_obtained":["Regret"]}],"is_beta":false,"boss_relics":[],"items_purged_floors":[],"is_endless":false,"potions_floor_spawned":[2,8,11,14],"killed_by":"The Guardian","ascension_level":0}}