{"host":"uxx7prhn9zlu6i2v","time":1610059674,"event":{"mods":["100% Spire Juice","2.2 Compatiblity","AchievementEnabler","Act Like it!","Bard","BaseMod","Better Note","Better Third Choice","CapriCore","ChefMod","Colored Powertips","Conspire","Faster Ascension Climbing","Gensokyo","GifTheSpireLib","Hermit","Hubris","KomeijiMod","Lobotomy","LobotomyExtend","Marisa????????","Minty Spire (QoL Compilation)","Permanent Neow","Quick Restart","RNG Fix","Rare Cards Sparkle","Reimu??????","Relic Filter","Relic Sorter","Relic Stats","Replay The Spire","Reworked Bosses","Spicy Shops","StSLib","Stuff the Spire","The Administrix","The Blue Laboratory","The Bug Knight","The Immortal","Yakumo Yukari mod","??????REMEMod"],"gold_per_floor":[116,116,116,16,34,34,34,59,59,59,3,3,19,345,345,442,442,462,462,339,122,137,137,25,25,25,345,345,565,597,608,608,707,707,718,718,718,718,628,653,673,504,504,504,544,544,544,544,544,544],"floor_reached":51,"playtime":3644,"items_purged":["chefmod:Strike","chefmod:Defend"],"score":1145,"play_id":"e8de6443-8d6e-48a6-b6a6-4ffa453f0838","local_time":"20210107164754","is_ascension_mode":false,"campfire_choices":[{"data":"chefmod:QuickThaw","floor":6,"key":"SMITH"},{"data":"chefmod:TodaysSpecial","floor":7,"key":"SMITH"},{"data":"chefmod:OldCookbook","floor":15,"key":"SMITH"},{"data":"chefmod:RisingDough","floor":28,"key":"SMITH"},{"data":"chefmod:FarmersMarket","floor":32,"key":"SMITH"},{"data":"chefmod:QuickChop","floor":46,"key":"SMITH"}],"circlet_count":0,"master_deck":["chefmod:Strike","chefmod:Defend","chefmod:Defend","chefmod:QuickThaw+1","chefmod:TodaysSpecial+1","chefmod:IcePick","chefmod:PotatoGratin","chefmod:OldCookbook+1","chefmod:ColdSteel","chefmod:ZaruSoba","chefmod:RisingDough+1","chefmod:HotSoup","chefmod:FarmersMarket+1","chefmod:Escargot+1","chefmod:Puree","chefmod:QuickChop+1","chefmod:Mince","chefmod:Bruschetta","Gensokyo:CustomPotion","chefmod:Leftovers","chefmod:DinoKale","Gensokyo:PrivateSquare","Pride","FrostShard"],"relics":["chefmod:TrustyPot","REME_ComplimentaryCards","CogitoBucket","RabbitCall","LetterFromLob","hubris:Reverence","Gensokyo:PortableGap","StuffTheSpire:SapphireSignet","Durian","Chameleon Ring","Happy Flower","HoshigumaDish","Coffee Dripper","ChangeAnything","GoodDreamPillow","hubris:MysteriousPyramids","Tiny Chest","TungstenRod","Peace Pipe","hubris:Metronome","SkinProphecy","hubris:Backtick","Juzu Bracelet","hubris:Icosahedron","HollowMod:PaleOreRelic","Orichalcum","Ginger","Quantum Egg","hubris:Towel","Replay:Rubber Ducky","Replay:Bottled Flurry"],"acts_visited":["Gensokyo:Gensokyo","Gensokyo:Gensokyoer","Gensokyo:Gensokyoest"],"potions_floor_usage":[14,16,22,31,31,51,51],"damage_taken":[{"damage":14,"enemies":"Gensokyo:Gryphon","floor":1,"turns":4},{"damage":1,"enemies":"Gensokyo:2_Kodama","floor":5,"turns":3},{"damage":29,"enemies":"Gensokyo:Cirno","floor":8,"turns":7},{"damage":4,"enemies":"Gensokyo:Python","floor":13,"turns":5},{"damage":4,"enemies":"Gensokyo:Mamizou","floor":14,"turns":6},{"damage":0,"enemies":"Gensokyo:Yukari","floor":16,"turns":10},{"damage":0,"enemies":"Gensokyo:3_Dogs","floor":18,"turns":4},{"damage":9,"enemies":"Gensokyo:CosmicMonolith","floor":22,"turns":4},{"damage":0,"enemies":"Gensokyo:Swordslinger","floor":27,"turns":5},{"damage":9,"enemies":"Gensokyo:Slime_Group","floor":29,"turns":5},{"damage":0,"enemies":"Gensokyo:Tenshi","floor":30,"turns":4},{"damage":15,"enemies":"Gensokyo:Monolith_and_Dog","floor":31,"turns":4},{"damage":0,"enemies":"Gensokyo:Eternal_Rivals","floor":33,"turns":7},{"damage":0,"enemies":"Gensokyo:3_Boulders","floor":35,"turns":5},{"damage":0,"enemies":"Gensokyo:Marisa","floor":40,"turns":3},{"damage":0,"enemies":"Gensokyo:AncientGuardian","floor":41,"turns":4},{"damage":0,"enemies":"conspire:MimicChest","floor":45,"turns":5},{"damage":0,"enemies":"Gensokyo:Scarlet_Devils","floor":50,"turns":8},{"damage":33,"enemies":"Malkuth","floor":51,"turns":9},{"damage":8,"enemies":"Netzach","floor":51,"turns":12},{"damage":23,"enemies":"Tiphereth","floor":51,"turns":13}],"seed_played":"-6801563204022917878","potions_obtained":[{"floor":13,"key":"DistilledChaos"},{"floor":14,"key":"Swift Potion"},{"floor":16,"key":"blueLaboratory:BubblePotion"},{"floor":22,"key":"DuplicationPotion"},{"floor":30,"key":"GamblersBrew"},{"floor":33,"key":"blueLaboratory:PhilterOfMotion"},{"floor":41,"key":"BlessingOfTheForge"},{"floor":45,"key":"DuplicationPotion"}],"is_trial":false,"path_per_floor":["M","T","?","?","M","R","R","E","T","$","COS","?","M","E","R","B",null,"M","?","?","COS","M","R","$","?","T","M","R","M","E","M","R","B",null,"M","?","?","T","?","E","M","$","T","?","?","R","T","?","R","B",null],"character_chosen":"THE_CHEF","items_purchased":["chefmod:Puree","Ginger"],"campfire_rested":0,"item_purchase_floors":[24,42],"current_hp_per_floor":[62,62,62,62,61,61,61,37,37,37,37,24,20,16,16,22,68,68,68,68,68,59,59,59,59,59,59,59,50,50,35,35,31,77,73,73,73,73,73,69,65,65,65,65,61,61,61,61,61,57],"gold":544,"neow_bonus":"","is_daily":false,"chose_seed":false,"campfire_upgraded":6,"win_rate":0.0,"timestamp":1610059674,"path_taken":["M","?","?","?","?","R","R","E","T","?","COS","?","M","E","R","BOSS","M","?","?","COS","M","R","?","?","T","M","R","M","E","?","R","BOSS","M","?","?","?","?","E","M","$","T","?","?","R","?","?","R","BOSS"],"items_purchased_type":["Card","Relic"],"build_version":"2020-12-22","purchased_purges":2,"victory":true,"max_hp_per_floor":[76,76,69,69,69,66,66,71,71,71,68,68,68,68,68,68,68,68,68,68,68,68,78,78,78,78,78,78,78,75,75,75,77,77,76,73,73,73,73,75,77,77,77,74,76,76,76,76,76,78],"relic_stats":{"Peace Pipe":0,"Happy Flower":[42],"counters":[24,146],"Tiny Chest":2,"Juzu Bracelet":2,"Ginger":[7],"Orichalcum":[96],"obtain_stats":[{"RabbitCall":0,"hubris:Metronome":30,"Juzu Bracelet":34,"Ginger":42,"hubris:MysteriousPyramids":26,"SkinProphecy":31,"Gensokyo:PortableGap":3,"Replay:Rubber Ducky":45,"StuffTheSpire:SapphireSignet":4,"CogitoBucket":0,"Chameleon Ring":9,"hubris:Backtick":34,"hubris:Icosahedron":36,"Tiny Chest":27,"Replay:Bottled Flurry":47,"HollowMod:PaleOreRelic":38,"chefmod:TrustyPot":0,"GoodDreamPillow":20,"Happy Flower":14,"Quantum Egg":43,"HoshigumaDish":14,"Orichalcum":40,"hubris:Towel":44,"Peace Pipe":30,"LetterFromLob":1,"Durian":8,"Coffee Dripper":17,"ChangeAnything":18,"TungstenRod":29,"REME_ComplimentaryCards":0,"hubris:Reverence":2},{"RabbitCall":0,"hubris:Metronome":12,"Juzu Bracelet":15,"Ginger":18,"hubris:MysteriousPyramids":9,"SkinProphecy":14,"Gensokyo:PortableGap":1,"Replay:Rubber Ducky":19,"StuffTheSpire:SapphireSignet":1,"CogitoBucket":0,"Chameleon Ring":3,"hubris:Backtick":15,"hubris:Icosahedron":16,"Tiny Chest":10,"Replay:Bottled Flurry":19,"HollowMod:PaleOreRelic":16,"chefmod:TrustyPot":0,"GoodDreamPillow":8,"Happy Flower":5,"Quantum Egg":18,"HoshigumaDish":5,"Orichalcum":17,"hubris:Towel":18,"Peace Pipe":12,"LetterFromLob":1,"Durian":3,"Coffee Dripper":6,"ChangeAnything":8,"TungstenRod":11,"REME_ComplimentaryCards":0,"hubris:Reverence":1},{"RabbitCall":0,"hubris:Metronome":58,"Juzu Bracelet":70,"Ginger":82,"hubris:MysteriousPyramids":44,"SkinProphecy":63,"Gensokyo:PortableGap":4,"Replay:Rubber Ducky":87,"StuffTheSpire:SapphireSignet":4,"CogitoBucket":0,"Chameleon Ring":14,"hubris:Backtick":70,"hubris:Icosahedron":75,"Tiny Chest":47,"Replay:Bottled Flurry":87,"HollowMod:PaleOreRelic":75,"chefmod:TrustyPot":0,"GoodDreamPillow":40,"Happy Flower":20,"Quantum Egg":82,"HoshigumaDish":25,"Orichalcum":78,"hubris:Towel":82,"Peace Pipe":56,"LetterFromLob":4,"Durian":14,"Coffee Dripper":35,"ChangeAnything":40,"TungstenRod":51,"REME_ComplimentaryCards":0,"hubris:Reverence":4}],"TungstenRod":16},"card_choices":[{"not_picked":["FairyFestival","Yin","CherryBlossoms"],"picked":"Singing Bowl","floor":1},{"not_picked":["chefmod:HotSoup","chefmod:BaoBuns"],"picked":"chefmod:IcePick","floor":1},{"not_picked":["Funeral","Murderer","BeautyBeast"],"picked":"Singing Bowl","floor":5},{"not_picked":["chefmod:Defrost","chefmod:FreshProduce"],"picked":"chefmod:PotatoGratin","floor":5},{"not_picked":["MHz","RedShoes","MeatLantern"],"picked":"Singing Bowl","floor":8},{"not_picked":["OSAHOGD","FairyFestival"],"picked":"DespairKnight","floor":8},{"not_picked":["chefmod:ZaruSoba","chefmod:Bruschetta"],"picked":"chefmod:OldCookbook","floor":8},{"not_picked":["Wellcheers","VoidDream","Murderer"],"picked":"Singing Bowl","floor":13},{"not_picked":["chefmod:SpaghettiCarbonara","chefmod:Fillet"],"picked":"chefmod:ColdSteel","floor":13},{"not_picked":["FairyFestival","PunishingBird","Murderer"],"picked":"Singing Bowl","floor":14},{"not_picked":["chefmod:TastyDistraction","chefmod:FreshProduce"],"picked":"chefmod:ZaruSoba","floor":14},{"not_picked":["LongBird","PunishingBird","ShyLook"],"picked":"Singing Bowl","floor":16},{"not_picked":["chefmod:TastyDistraction","chefmod:Canape"],"picked":"chefmod:RisingDough","floor":16},{"not_picked":["Yin","Bloodbath","Rudolta"],"picked":"Singing Bowl","floor":18},{"not_picked":["chefmod:Puree+1","chefmod:IcePick"],"picked":"chefmod:HotSoup","floor":18},{"not_picked":["BlackSwan","PunishingBird","Murderer"],"picked":"Singing Bowl","floor":22},{"not_picked":["chefmod:Defrost+1","chefmod:ZaruSoba"],"picked":"chefmod:Escargot+1","floor":22},{"not_picked":["SpiderBud","Laetitia","SingingMachine"],"picked":"Singing Bowl","floor":27},{"not_picked":["chefmod:FullCourseMeal","chefmod:IcePick","chefmod:CleanHouse"],"picked":"SKIP","floor":27},{"not_picked":["Mercenary","PunishingBird","LongBird"],"picked":"Singing Bowl","floor":29},{"not_picked":["chefmod:ColdSteel","chefmod:FarmersMarket","chefmod:Gelato"],"picked":"SKIP","floor":29},{"not_picked":["HeroicMonk","MHz","NothingThere"],"picked":"Singing Bowl","floor":30},{"not_picked":["chefmod:DimSum","chefmod:HotSoup"],"picked":"chefmod:QuickChop","floor":30},{"not_picked":["Bloodbath","Laetitia","LittleHelper"],"picked":"Singing Bowl","floor":31},{"not_picked":["chefmod:CandyBowl","chefmod:Escargot","chefmod:KnifeFlurry"],"picked":"SKIP","floor":31},{"not_picked":["SpiderBud","Scorched","Rudolta"],"picked":"Singing Bowl","floor":33},{"not_picked":["chefmod:FullCourseMeal","chefmod:BananaSplit"],"picked":"chefmod:Mince","floor":33},{"not_picked":["Bloodbath","WallGazer","Alriune"],"picked":"Singing Bowl","floor":35},{"not_picked":["chefmod:FreezerBurn","chefmod:LocoMoco"],"picked":"chefmod:Bruschetta","floor":35},{"not_picked":["Funeral","BigBird","BlueStar"],"picked":"Singing Bowl","floor":40},{"not_picked":["chefmod:LiquidNitrogen+1","chefmod:FreezerBurn","chefmod:MonsterBait+1"],"picked":"SKIP","floor":40},{"not_picked":["CENSORED","QueenBee","FieryBird"],"picked":"Singing Bowl","floor":41},{"not_picked":["chefmod:IcePick+1","chefmod:Flambe+1"],"picked":"chefmod:Leftovers","floor":41},{"not_picked":["BodiesMountain","WhitesApple","Scorched"],"picked":"Singing Bowl","floor":45},{"not_picked":["chefmod:FullCourseMeal","chefmod:ColdSteel+1"],"picked":"chefmod:DinoKale","floor":45}],"player_experience":1844572,"relics_obtained":[{"floor":1,"key":"LetterFromLob"},{"floor":2,"key":"hubris:Reverence"},{"floor":8,"key":"Durian"},{"floor":9,"key":"Chameleon Ring"},{"floor":14,"key":"HoshigumaDish"},{"floor":26,"key":"hubris:MysteriousPyramids"},{"floor":30,"key":"hubris:Metronome"},{"floor":38,"key":"HollowMod:PaleOreRelic"},{"floor":40,"key":"Orichalcum"},{"floor":43,"key":"Quantum Egg"},{"floor":45,"key":"Replay:Rubber Ducky"},{"floor":47,"key":"Replay:Bottled Flurry"}],"event_choices":[{"damage_healed":0,"gold_gain":0,"player_choice":"Leave","damage_taken":0,"max_hp_gain":0,"max_hp_loss":0,"event_name":"conspire:Investor","floor":48,"gold_loss":0}],"is_beta":false,"boss_relics":[{"not_picked":["hubris:RunicObelisk","Runic Pyramid"],"picked":"Coffee Dripper"},{"not_picked":["Calling Bell","Replay:Grab Bag"],"picked":"hubris:Backtick"}],"items_purged_floors":[24,42],"is_endless":false,"potions_floor_spawned":[13,14,16,22,30,33,41,45],"ascension_level":0}}