{"host":"baymyijz6sxaqj5s","time":1610016534,"event":{"mods":["AchievementEnabler","BaseMod","Colored Map","Colored Powertips","DeckTracker","Highlight Path","KOR Keyword Fix","Keyboard Shortcuts","Minty Spire (QoL Compilation)","Quick Restart","StSLib","SuperFastMode"],"gold_per_floor":[115,115,190,190,201,201,219,219,219,230,116,141,141,161,161,262,262,282,299,311,236,255,255,255,255],"floor_reached":24,"playtime":824,"items_purged":[],"score":216,"play_id":"08a88698-31ec-450c-b08f-a3e6cf95f872","local_time":"20210107194854","is_ascension_mode":true,"campfire_choices":[{"data":"Armaments","floor":6,"key":"SMITH"},{"data":"Body Slam","floor":8,"key":"SMITH"},{"data":"Heavy Blade","floor":13,"key":"SMITH"},{"data":"Inflame","floor":15,"key":"SMITH"}],"circlet_count":0,"master_deck":["Strike_R","Strike_R","Defend_R","Defend_R","Defend_R","Defend_R","Bash","Sword Boomerang+1","Armaments+1","Body Slam+1","Heavy Blade+1","Shrug It Off","Enlightenment","Inflame+1","Shrug It Off","Reaper","Dropkick","Thunderclap","Ghostly Armor","Shrug It Off"],"relics":["Burning Blood","Mummified Hand","Odd Mushroom","SacredBark"],"acts_visited":["Exordium","TheCity"],"potions_floor_usage":[12,19,20,22],"damage_taken":[{"damage":8,"enemies":"Jaw Worm","floor":1,"turns":5},{"damage":4,"enemies":"2 Louse","floor":5,"turns":4},{"damage":0,"enemies":"Small Slimes","floor":7,"turns":3},{"damage":8,"enemies":"Blue Slaver","floor":10,"turns":3},{"damage":16,"enemies":"The Mushroom Lair","floor":12,"turns":7},{"damage":6,"enemies":"Looter","floor":14,"turns":2},{"damage":40,"enemies":"Hexaghost","floor":16,"turns":10},{"damage":12,"enemies":"Shell Parasite","floor":18,"turns":7},{"damage":14,"enemies":"Chosen","floor":19,"turns":7},{"damage":31,"enemies":"Shelled Parasite and Fungi","floor":20,"turns":5},{"damage":23,"enemies":"Centurion and Healer","floor":22,"turns":9},{"damage":43,"enemies":"Snake Plant","floor":24,"turns":8}],"seed_played":"9074839721685062431","potions_obtained":[{"floor":7,"key":"ElixirPotion"},{"floor":10,"key":"SkillPotion"},{"floor":14,"key":"Ancient Potion"},{"floor":18,"key":"PowerPotion"},{"floor":20,"key":"EssenceOfSteel"}],"is_trial":false,"path_per_floor":["M","?","?","?","M","R","M","R","T","M","$","?","R","M","R","B",null,"M","M","M","?","M","?","M"],"character_chosen":"IRONCLAD","items_purchased":["Shrug It Off","Enlightenment"],"campfire_rested":0,"item_purchase_floors":[11,11],"current_hp_per_floor":[86,86,75,68,70,70,76,76,76,74,74,64,64,64,64,30,88,82,78,61,61,52,52,15,15],"gold":255,"neow_bonus":"TEN_PERCENT_HP_BONUS","is_daily":false,"chose_seed":false,"campfire_upgraded":4,"win_rate":0.0,"timestamp":1610016534,"path_taken":["M","?","?","?","M","R","M","R","T","M","$","?","R","M","R","BOSS","M","M","M","?","M","?","?"],"items_purchased_type":["Card","Card"],"build_version":"2020-12-22","purchased_purges":0,"victory":false,"max_hp_per_floor":[88,88,88,88,88,88,88,88,88,88,88,88,88,88,88,88,88,88,88,88,88,88,88,88,88],"card_choices":[{"not_picked":["Blood for Blood","Thunderclap"],"picked":"Sword Boomerang","floor":1},{"not_picked":["Uppercut","Headbutt"],"picked":"Armaments","floor":5},{"not_picked":["Cleave","True Grit"],"picked":"Body Slam","floor":7},{"not_picked":["Shrug It Off","Armaments"],"picked":"Heavy Blade","floor":10},{"not_picked":["Iron Wave","Clothesline"],"picked":"Inflame","floor":12},{"not_picked":["Berserk","Body Slam"],"picked":"Shrug It Off","floor":14},{"not_picked":["Offering","Bludgeon"],"picked":"Reaper","floor":16},{"not_picked":["Dual Wield","Pummel"],"picked":"Dropkick","floor":18},{"not_picked":["Warcry","Flex"],"picked":"Thunderclap","floor":19},{"not_picked":["Flex","Intimidate"],"picked":"Ghostly Armor","floor":20},{"not_picked":["Power Through","Wild Strike"],"picked":"Shrug It Off","floor":22}],"player_experience":326687,"relics_obtained":[{"floor":9,"key":"Mummified Hand"},{"floor":12,"key":"Odd Mushroom"}],"event_choices":[{"damage_healed":0,"gold_gain":0,"player_choice":"Grow","damage_taken":0,"max_hp_gain":0,"max_hp_loss":0,"event_name":"Living Wall","floor":2,"gold_loss":0,"cards_upgraded":["Sword Boomerang"]},{"damage_healed":0,"gold_gain":75,"player_choice":"Gather Gold","damage_taken":11,"max_hp_gain":0,"max_hp_loss":0,"event_name":"World of Goop","floor":3,"gold_loss":0},{"cards_removed":["Strike_R"],"damage_healed":0,"gold_gain":0,"player_choice":"Card Removal","damage_taken":7,"max_hp_gain":0,"max_hp_loss":0,"event_name":"Golden Wing","floor":4,"gold_loss":0},{"damage_healed":0,"gold_gain":0,"player_choice":"Fought Mushrooms","damage_taken":0,"max_hp_gain":0,"max_hp_loss":0,"event_name":"Mushrooms","floor":12,"gold_loss":0},{"cards_removed":["Strike_R"],"damage_healed":0,"gold_gain":0,"player_choice":"Gave Gold","damage_taken":0,"max_hp_gain":0,"max_hp_loss":0,"event_name":"Beggar","floor":21,"gold_loss":75},{"cards_removed":["Strike_R"],"damage_healed":0,"gold_gain":0,"player_choice":"Offered Basic","damage_taken":0,"max_hp_gain":0,"max_hp_loss":0,"event_name":"Bonfire Elementals","floor":23,"gold_loss":0}],"is_beta":false,"boss_relics":[{"not_picked":["Runic Cube","Snecko Eye"],"picked":"SacredBark"}],"items_purged_floors":[],"is_endless":false,"potions_floor_spawned":[7,10,14,18,20],"killed_by":"Snake Plant","ascension_level":3}}