{"host":"m6aaltr68g9tvoay","time":1610005918,"event":{"mods":["AchievementEnabler","BaseMod","Colored Map","Minty Spire (QoL Compilation)","StSLib"],"gold_per_floor":[115,128,51,51,51,91,91,104,155,188,239,251,286,311,323,335,335],"floor_reached":16,"playtime":456,"items_purged":[],"score":260,"play_id":"cc50247b-70b8-4bb0-a4ed-f9ca0c8c97b3","local_time":"20210106235158","is_ascension_mode":true,"campfire_choices":[{"floor":12,"key":"REST"},{"data":"Rupture","floor":15,"key":"SMITH"}],"circlet_count":0,"master_deck":["AscendersBane","Strike_R","Strike_R","Strike_R","Strike_R","Strike_R","Defend_R","Defend_R","Defend_R","Defend_R","Bash","Headbutt","Flame Barrier","Infernal Blade","True Grit","Twin Strike","Fiend Fire","Rupture+1"],"relics":["Burning Blood","NeowsBlessing","Golden Idol","Pen Nib","MawBank","Vajra"],"acts_visited":["Exordium"],"potions_floor_usage":[16],"damage_taken":[{"damage":0,"enemies":"2 Louse","floor":1,"turns":1},{"damage":0,"enemies":"Small Slimes","floor":2,"turns":1},{"damage":0,"enemies":"Gremlin Nob","floor":6,"turns":1},{"damage":6,"enemies":"Cultist","floor":8,"turns":4},{"damage":29,"enemies":"Gremlin Gang","floor":10,"turns":5},{"damage":43,"enemies":"3 Sentries","floor":11,"turns":11},{"damage":6,"enemies":"3 Louse","floor":13,"turns":3},{"damage":0,"enemies":"Looter","floor":14,"turns":1},{"damage":71,"enemies":"Hexaghost","floor":16,"turns":10}],"seed_played":"-5276453443677613166","potions_obtained":[{"floor":2,"key":"Regen Potion"},{"floor":6,"key":"SmokeBomb"}],"is_trial":false,"path_per_floor":["M","M","$","?","?","E","?","M","T","M","E","R","M","M","R","B"],"character_chosen":"IRONCLAD","items_purchased":["Flame Barrier"],"campfire_rested":1,"item_purchase_floors":[3],"current_hp_per_floor":[74,75,75,80,80,80,80,80,80,57,20,44,44,50,50,0,0],"gold":335,"neow_bonus":"THREE_ENEMY_KILL","is_daily":false,"chose_seed":false,"campfire_upgraded":1,"win_rate":0.0,"timestamp":1610005918,"path_taken":["M","M","$","?","?","E","?","?","T","?","E","R","M","M","R","BOSS"],"items_purchased_type":["Card"],"build_version":"2020-12-22","purchased_purges":0,"victory":false,"max_hp_per_floor":[75,75,75,80,80,80,80,80,80,80,80,80,80,80,80,80,80],"card_choices":[{"not_picked":["Armaments","Body Slam"],"picked":"Headbutt","floor":1},{"not_picked":["Reckless Charge","Armaments","Body Slam"],"picked":"SKIP","floor":2},{"not_picked":["Perfected Strike","Thunderclap"],"picked":"Infernal Blade","floor":6},{"not_picked":["Wild Strike","Anger"],"picked":"True Grit","floor":8},{"not_picked":["Clash","Perfected Strike","Anger"],"picked":"SKIP","floor":10},{"not_picked":["Cleave","Feel No Pain"],"picked":"Twin Strike","floor":11},{"not_picked":["Reckless Charge","Twin Strike"],"picked":"Fiend Fire","floor":13},{"not_picked":["Headbutt","Wild Strike"],"picked":"Rupture","floor":14}],"player_experience":1343820,"relics_obtained":[{"floor":6,"key":"Pen Nib"},{"floor":9,"key":"MawBank"},{"floor":11,"key":"Vajra"}],"event_choices":[{"damage_healed":0,"gold_gain":0,"player_choice":"Donut","damage_taken":0,"max_hp_gain":5,"max_hp_loss":0,"event_name":"Big Fish","floor":4,"gold_loss":0},{"damage_healed":0,"gold_gain":0,"player_choice":"Take Wound","damage_taken":0,"relics_obtained":["Golden Idol"],"max_hp_gain":0,"max_hp_loss":0,"event_name":"Golden Idol","floor":5,"gold_loss":0,"cards_obtained":["Injury"]},{"cards_removed":["Injury"],"damage_healed":0,"gold_gain":0,"player_choice":"Removed Curses","damage_taken":0,"max_hp_gain":0,"max_hp_loss":0,"event_name":"Fountain of Cleansing","floor":7,"gold_loss":0}],"is_beta":false,"boss_relics":[],"items_purged_floors":[],"is_endless":false,"potions_floor_spawned":[2,6,8,11],"killed_by":"Hexaghost","ascension_level":18}}