{"host":"b7j598ve05halrwk","time":1610060152,"event":{"mods":["2.2 Compatiblity","BaseMod","Block Reminder","DeckTracker","Minty Spire (QoL Compilation)","Relic Stats","Slay the Relics Exporter","StSLib","ojb\u0027s Better Paths Mod","ojb\u0027s Info Mod"],"gold_per_floor":[118,132,150,150,20,55,55,65,65,65,84,9,37,57,57,131,131,150,67,67,67,84,84,119,19,19,39,52,70,89,101,101,173,173,187,233,245,300,325,325,360,360,408,408,441,460,460,460,460],"floor_reached":48,"playtime":3317,"items_purged":["Strike_B","Pain"],"score":1044,"play_id":"f15feed6-ff89-4e8b-9fd2-b4ff9a05e3a3","local_time":"20210107175552","is_ascension_mode":true,"campfire_choices":[{"data":"Lockon","floor":7.0,"key":"SMITH"},{"data":"Zap","floor":10.0,"key":"SMITH"},{"data":"Echo Form","floor":15.0,"key":"SMITH"},{"data":"Defragment","floor":23.0,"key":"SMITH"},{"data":"Loop","floor":32,"key":"SMITH"},{"floor":40,"key":"REST"},{"data":"Buffer","floor":42,"key":"SMITH"}],"circlet_count":0,"master_deck":["AscendersBane","Strike_B","Strike_B","Defend_B","Defend_B","Defend_B","Defend_B","Zap+1","Dualcast","Echo Form+1","Reinforced Body","Cold Snap","Lockon+1","Ball Lightning","Self Repair","Conserve Battery","Barrage","Rainbow","Leap","Electrodynamics","Defragment+1","Core Surge","Loop+1","Genetic Algorithm","Capacitor","Buffer+1","Hologram","Aggregate+1","Coolheaded","Capacitor","Conserve Battery+1","Turbo"],"relics":["Cracked Core","NlothsMask","Boot","HornCleat","Philosopher\u0027s Stone","Emotion Chip","WarpedTongs","Akabeko","Pantograph","Empty Cage","Lantern","Unceasing Top","Regal Pillow","Oddly Smooth Stone","Gremlin Horn"],"acts_visited":["Exordium","TheCity","TheBeyond"],"potions_floor_usage":[30,37,38,48],"damage_taken":[{"damage":1.0,"enemies":"Cultist","floor":1.0,"turns":3.0},{"damage":0.0,"enemies":"Jaw Worm","floor":2.0,"turns":4.0},{"damage":4.0,"enemies":"Small Slimes","floor":3.0,"turns":4.0},{"damage":18.0,"enemies":"Lagavulin","floor":6.0,"turns":7.0},{"damage":3.0,"enemies":"2 Fungi Beasts","floor":8.0,"turns":3.0},{"damage":0.0,"enemies":"3 Louse","floor":11.0,"turns":4.0},{"damage":11.0,"enemies":"Gremlin Nob","floor":13.0,"turns":3.0},{"damage":0.0,"enemies":"Looter","floor":14.0,"turns":3.0},{"damage":22.0,"enemies":"Hexaghost","floor":16.0,"turns":9.0},{"damage":14.0,"enemies":"Spheric Guardian","floor":18.0,"turns":4.0},{"damage":19.0,"enemies":"Shell Parasite","floor":22.0,"turns":3.0},{"damage":21.0,"enemies":"Book of Stabbing","floor":24.0,"turns":4.0},{"damage":0.0,"enemies":"Snecko","floor":27.0,"turns":4.0},{"damage":0.0,"enemies":"3 Cultists","floor":28.0,"turns":3.0},{"damage":16.0,"enemies":"Cultist and Chosen","floor":29.0,"turns":5.0},{"damage":16,"enemies":"Snake Plant","floor":30,"turns":3},{"damage":8,"enemies":"Snecko","floor":31,"turns":5},{"damage":33,"enemies":"Automaton","floor":33,"turns":9},{"damage":7,"enemies":"Orb Walker","floor":35,"turns":3},{"damage":16,"enemies":"3 Darklings","floor":37,"turns":11},{"damage":39,"enemies":"2 Orb Walkers","floor":38,"turns":4},{"damage":16,"enemies":"Nemesis","floor":41,"turns":7},{"damage":18,"enemies":"Giant Head","floor":45,"turns":10},{"damage":0,"enemies":"Transient","floor":46,"turns":6},{"damage":35,"enemies":"Nemesis","floor":48,"turns":3}],"seed_played":"3656157588120927491","potions_obtained":[{"floor":1.0,"key":"Strength Potion"},{"floor":6.0,"key":"Regen Potion"},{"floor":13.0,"key":"Weak Potion"},{"floor":18.0,"key":"FocusPotion"},{"floor":27.0,"key":"DistilledChaos"},{"floor":28.0,"key":"Weak Potion"},{"floor":31,"key":"BlessingOfTheForge"},{"floor":37,"key":"Energy Potion"},{"floor":46,"key":"SpeedPotion"}],"is_trial":false,"path_per_floor":["M","M","M","?","$","E","R","M","T","R","M","$","E","M","R","B",null,"M","$","?","?","M","R","E","$","T","M","M","M","M","M","R","B",null,"M","T","M","?","T","R","E","R","T","?","E","M","?","E"],"character_chosen":"DEFECT","items_purchased":["Ball Lightning","Self Repair","Defragment"],"campfire_rested":1,"item_purchase_floors":[5,5,19],"current_hp_per_floor":[63,63,59,59,59,48,48,61,61,61,64,64,60,60,60,52,61,54,54,54,54,42,42,28,28,28,42,42,33,17,9,9,8,50,50,50,54,22,22,41,32,32,32,32,24,31,31,0,0],"gold":460,"neow_bonus":"THREE_RARE_CARDS","is_daily":false,"chose_seed":false,"campfire_upgraded":6,"win_rate":0.0,"timestamp":1610060152,"path_taken":["M","M","M","?","?","E","R","M","T","R","?","$","E","M","R","BOSS","M","$","?","?","?","R","E","?","T","M","M","M","M","?","R","BOSS","M","?","M","?","?","R","E","R","T","?","E","M","?","E"],"items_purchased_type":["Card","Card","Card"],"build_version":"2020-12-22","purchased_purges":2,"victory":false,"max_hp_per_floor":[64,64,64,64,64,64,64,64,64,64,64,64,64,64,64,64,64,64,64,64,64,64,64,64,64,64,64,64,64,64,64,64,64,64,64,64,64,64,64,64,64,64,64,61,61,61,61,61,61],"relic_stats":{"Emotion Chip":[56,41,12,3,0],"Regal Pillow":0,"Gremlin Horn":[0,0],"counters":[25,123],"Pantograph":25,"Boot":[93],"obtain_stats":[{"Lantern":36,"Regal Pillow":41,"Gremlin Horn":45,"Oddly Smooth Stone":43,"Boot":6,"Empty Cage":34,"Akabeko":24,"WarpedTongs":21,"Emotion Chip":20,"HornCleat":13,"Pantograph":26,"Philosopher\u0027s Stone":17,"Cracked Core":0,"Unceasing Top":38,"NlothsMask":4},{"Lantern":19,"Regal Pillow":22,"Gremlin Horn":23,"Oddly Smooth Stone":22,"Boot":4,"Empty Cage":18,"Akabeko":12,"WarpedTongs":10,"Emotion Chip":10,"HornCleat":7,"Pantograph":12,"Philosopher\u0027s Stone":9,"Cracked Core":0,"Unceasing Top":21,"NlothsMask":3},{"Lantern":83,"Regal Pillow":104,"Gremlin Horn":114,"Oddly Smooth Stone":104,"Boot":18,"Empty Cage":80,"Akabeko":51,"WarpedTongs":44,"Emotion Chip":44,"HornCleat":28,"Pantograph":51,"Philosopher\u0027s Stone":40,"Cracked Core":0,"Unceasing Top":98,"NlothsMask":11}],"Unceasing Top":[24],"WarpedTongs":[79]},"card_choices":[{"not_picked":["Amplify","Fission"],"picked":"Echo Form","floor":0.0},{"not_picked":["Blizzard","Steam"],"picked":"Reinforced Body","floor":1.0},{"not_picked":["Heatsinks","Leap"],"picked":"Cold Snap","floor":2.0},{"not_picked":["Compile Driver","Defragment"],"picked":"Lockon","floor":3.0},{"not_picked":["Streamline","Recycle"],"picked":"Conserve Battery","floor":6.0},{"not_picked":["Go for the Eyes","Rip and Tear"],"picked":"Barrage","floor":8.0},{"not_picked":["Heatsinks","Stack","Compile Driver"],"picked":"SKIP","floor":11.0},{"not_picked":["Creative AI","Cold Snap"],"picked":"Rainbow","floor":13.0},{"not_picked":["Lockon","Ball Lightning"],"picked":"Leap","floor":14.0},{"not_picked":["Core Surge","Echo Form"],"picked":"Electrodynamics","floor":16.0},{"not_picked":["Streamline","Steam","Gash"],"picked":"SKIP","floor":18.0},{"not_picked":["Turbo","Rip and Tear","Ball Lightning"],"picked":"SKIP","floor":22.0},{"not_picked":["Hyperbeam","Ball Lightning"],"picked":"Core Surge","floor":24.0},{"not_picked":["Ball Lightning","Rebound+1","Conserve Battery"],"picked":"SKIP","floor":27.0},{"not_picked":["Redo","Recycle"],"picked":"Loop","floor":28.0},{"not_picked":["BootSequence","Cold Snap"],"picked":"Genetic Algorithm","floor":29},{"not_picked":["Loop","Steam","Sweeping Beam"],"picked":"SKIP","floor":30},{"not_picked":["Doom and Gloom","White Noise"],"picked":"Capacitor","floor":31},{"not_picked":["Amplify","Thunder Strike"],"picked":"Buffer","floor":33},{"not_picked":["Heatsinks","Redo"],"picked":"Hologram","floor":35},{"not_picked":["Cold Snap","Redo"],"picked":"Aggregate+1","floor":37},{"not_picked":["Leap+1","Rebound+1"],"picked":"Coolheaded","floor":38},{"not_picked":["Lockon","Coolheaded"],"picked":"Capacitor","floor":41},{"not_picked":["Blizzard","Lockon"],"picked":"Conserve Battery+1","floor":45},{"not_picked":["Self Repair","Cold Snap"],"picked":"Turbo","floor":46}],"player_experience":854952,"relics_obtained":[{"floor":6.0,"key":"Boot"},{"floor":13.0,"key":"HornCleat"},{"floor":24.0,"key":"Akabeko"},{"floor":26.0,"key":"Pantograph"},{"floor":36,"key":"Lantern"},{"floor":38,"key":"Unceasing Top"},{"floor":41,"key":"Regal Pillow"},{"floor":43,"key":"Oddly Smooth Stone"},{"floor":45,"key":"Gremlin Horn"}],"event_choices":[{"damage_healed":0.0,"max_hp_gain":0.0,"max_hp_loss":0.0,"gold_gain":0.0,"event_name":"FaceTrader","player_choice":"Trade","floor":4.0,"gold_loss":0.0,"damage_taken":0.0,"relics_obtained":["NlothsMask"]},{"damage_healed":0.0,"max_hp_gain":0.0,"max_hp_loss":0.0,"gold_gain":0.0,"event_name":"Addict","player_choice":"Stole Relic","floor":20.0,"gold_loss":0.0,"damage_taken":0.0,"relics_obtained":["Emotion Chip"],"cards_obtained":["Shame"]},{"damage_healed":0.0,"max_hp_gain":0.0,"max_hp_loss":0.0,"gold_gain":0.0,"event_name":"Accursed Blacksmith","player_choice":"Rummage","floor":21.0,"gold_loss":0.0,"damage_taken":0.0,"relics_obtained":["WarpedTongs"],"cards_obtained":["Pain"]},{"damage_healed":0,"gold_gain":0,"player_choice":"Fight","damage_taken":0,"max_hp_gain":0,"max_hp_loss":0,"event_name":"Mysterious Sphere","floor":38,"gold_loss":0},{"damage_healed":0,"gold_gain":0,"player_choice":"Max HP","damage_taken":0,"max_hp_gain":0,"max_hp_loss":3,"event_name":"Winding Halls","floor":44,"gold_loss":0},{"damage_healed":0,"gold_gain":0,"player_choice":"Ignored","damage_taken":0,"max_hp_gain":0,"max_hp_loss":0,"event_name":"Tomb of Lord Red Mask","floor":47,"gold_loss":0}],"is_beta":false,"boss_relics":[{"not_picked":["Nuclear Battery","Black Star"],"picked":"Philosopher\u0027s Stone"},{"not_picked":["FrozenCore","Velvet Choker"],"picked":"Empty Cage"}],"items_purged_floors":[12,25],"is_endless":false,"potions_floor_spawned":[1,6,13,18,22,27,28,31,37,46],"killed_by":"Nemesis","ascension_level":20}}