{"host":"2lvuisjyit3p3u01","time":1610036975,"event":{"mods":["Act Like it!","BaseMod","Bestiary","Better Synergies","CapriCore","Colored Map","Colored Powertips","Duelist Mod","GifTheSpireLib","Minty Spire (QoL Compilation)","Quick Restart","Replay The Spire","StSLib"],"gold_per_floor":[137,152,168,185,110,110,110,110],"floor_reached":7,"playtime":225,"items_purged":["theDuelist:CastleWalls"],"score":56,"play_id":"3278bbe4-d7f3-4c77-bd49-f13b9f328ac6","local_time":"20210107182935","is_ascension_mode":true,"campfire_choices":[],"circlet_count":0,"master_deck":["theDuelist:BabyDragon","theDuelist:CastleWalls","theDuelist:CaveDragon","theDuelist:CaveDragon","theDuelist:LesserDragon","theDuelist:LesserDragon","theDuelist:Sparks","theDuelist:Sparks","theDuelist:YamataDragon","theDuelist:TwinHeadedBehemoth","theDuelist:Mountain","theDuelist:BlockGolem","theDuelist:GuardragonJusticia"],"relics":["theDuelist:MillenniumPuzzle","theDuelist:CardPoolRelic","theDuelist:CardPoolBasicRelic","theDuelist:BoosterPackPoolRelic","theDuelist:CardPoolAddRelic","theDuelist:CardPoolMinusRelic","theDuelist:CardPoolSaveRelic","theDuelist:CardPoolOptionsRelic","theDuelist:CursedHealer"],"acts_visited":["Exordium"],"potions_floor_usage":[],"damage_taken":[{"damage":0,"enemies":"Cultist","floor":1,"turns":2},{"damage":0,"enemies":"Small Slimes","floor":2,"turns":2},{"damage":6,"enemies":"Jaw Worm","floor":3,"turns":2},{"damage":21,"enemies":"Exordium Wildlife","floor":4,"turns":3},{"damage":25,"enemies":"Gremlin Nob","floor":7,"turns":4}],"seed_played":"1891069038550851098","potions_obtained":[{"floor":2,"key":"Venom Potion"}],"is_trial":false,"path_per_floor":["M","M","M","M","$","?","E"],"character_chosen":"THE_DUELIST","items_purchased":[],"campfire_rested":0,"item_purchase_floors":[],"current_hp_per_floor":[80,80,74,53,53,78,53,53],"gold":110,"neow_bonus":"TEN_PERCENT_HP_BONUS","is_daily":false,"chose_seed":false,"campfire_upgraded":0,"win_rate":0.0,"timestamp":1610036975,"path_taken":["M","M","M","?","$","?","E"],"items_purchased_type":[],"build_version":"2020-12-22","purchased_purges":1,"victory":false,"max_hp_per_floor":[88,88,88,88,88,88,88,88],"card_choices":[{"not_picked":["theDuelist:LesserDragon","theDuelist:AquaDolphin","theDuelist:SphereChaos","theDuelist:DragonPiper"],"picked":"theDuelist:TwinHeadedBehemoth","floor":1},{"not_picked":["theDuelist:SpiralSpearStrike","theDuelist:GoldSarcophagus","theDuelist:DragonRavine","theDuelist:AxeDespair"],"picked":"theDuelist:Mountain","floor":2},{"not_picked":["theDuelist:LightningDarts","theDuelist:StrayLambs","theDuelist:Jinzo","theDuelist:Mausoleum"],"picked":"theDuelist:BlockGolem","floor":3},{"not_picked":["theDuelist:FiendSkull","theDuelist:CaveDragon","theDuelist:Kabazauls","theDuelist:DreadnoughtDreadnoid"],"picked":"theDuelist:GuardragonJusticia","floor":4}],"player_experience":265895,"relics_obtained":[],"event_choices":[{"damage_healed":0,"gold_gain":0,"player_choice":"Succumb - +25HP/Cursed Relic","duelist":true,"damage_taken":0,"max_hp_gain":0,"max_hp_loss":0,"event_name":"Tomb of the Nameless","floor":6,"gold_loss":0}],"is_beta":false,"boss_relics":[],"items_purged_floors":[5],"is_endless":false,"potions_floor_spawned":[2],"killed_by":"Gremlin Nob","ascension_level":6}}