{"host":"hgkb2zpbo2dcws21","time":1610027995,"event":{"mods":["AchievementEnabler","BaseMod","Colored Map","Colored Powertips","Custom Start","DeckTracker","KOR Keyword Fix","Minty Spire (QoL Compilation)","Relic Stats","StSLib","SuperFastMode"],"gold_per_floor":[116,116,116,41,55,55,74,74,100,135,150,150,167,187,187,260,260,275,293,213,213,225,250,250,150,175,175,175],"floor_reached":27,"playtime":432,"items_purged":["Strike_P","Defend_P","Decay"],"score":570,"play_id":"7b31e939-7bdc-4ea4-a1d3-ad6352cf7c73","local_time":"20210107225955","is_ascension_mode":true,"campfire_choices":[{"data":"Eruption","floor":6.0,"key":"SMITH"},{"data":"CrushJoints","floor":8.0,"key":"SMITH"},{"floor":12.0,"key":"REST"},{"data":"Adaptation","floor":15.0,"key":"SMITH"}],"circlet_count":0,"master_deck":["AscendersBane","Strike_P","Strike_P","Strike_P","Defend_P","Defend_P","Eruption+1","Vigilance","FearNoEvil","CrushJoints+1","Halt","BowlingBash","Adaptation+1","MentalFortress","Vault","Adaptation"],"relics":["PureWater","Boot","Bag of Preparation","The Courier","Busted Crown","Unceasing Top","Akabeko"],"acts_visited":["Exordium","TheCity"],"potions_floor_usage":[],"damage_taken":[{"damage":5.0,"enemies":"2 Louse","floor":1.0,"turns":3.0},{"damage":4.0,"enemies":"Jaw Worm","floor":5.0,"turns":3.0},{"damage":0.0,"enemies":"Cultist","floor":7.0,"turns":2.0},{"damage":8.0,"enemies":"Gremlin Nob","floor":10.0,"turns":3.0},{"damage":6.0,"enemies":"Looter","floor":11.0,"turns":3.0},{"damage":0.0,"enemies":"Large Slime","floor":13.0,"turns":3.0},{"damage":4.0,"enemies":"Exordium Wildlife","floor":14.0,"turns":3.0},{"damage":0.0,"enemies":"Slime Boss","floor":16.0,"turns":7.0},{"damage":14.0,"enemies":"2 Thieves","floor":18.0,"turns":2.0},{"damage":17.0,"enemies":"Spheric Guardian","floor":19.0,"turns":4.0},{"damage":16.0,"enemies":"Shelled Parasite and Fungi","floor":22.0,"turns":3.0},{"damage":0,"enemies":"Gremlin Leader","floor":23,"turns":2},{"damage":13,"enemies":"Centurion and Healer","floor":27,"turns":2}],"seed_played":"1767222480654597847","potions_obtained":[{"floor":1.0,"key":"LiquidBronze"},{"floor":7.0,"key":"PowerPotion"}],"is_trial":false,"path_per_floor":["M","?","?","$","M","R","M","R","T","E","M","R","M","M","R","B",null,"M","M","$","?","M","E","?","$","T","M"],"character_chosen":"WATCHER","items_purchased":[],"campfire_rested":1,"item_purchase_floors":[],"current_hp_per_floor":[56,30,30,30,26,26,26,26,26,18,12,32,32,28,28,28,58,44,27,27,27,11,11,11,11,11,0,0],"gold":175,"neow_bonus":"REMOVE_CARD","is_daily":false,"chose_seed":false,"campfire_upgraded":3,"win_rate":0.0,"timestamp":1610027995,"path_taken":["M","?","?","?","M","R","M","R","T","E","M","R","?","M","R","BOSS","M","M","$","?","M","E","?","$","T","M"],"items_purchased_type":[],"build_version":"2020-12-22","purchased_purges":3,"victory":false,"max_hp_per_floor":[68,68,68,68,68,68,68,68,68,68,68,68,68,68,68,68,68,68,68,68,68,68,68,68,68,68,68,68],"relic_stats":{"Busted Crown":8,"counters":[13,40],"Bag of Preparation":[20],"Boot":[2],"obtain_stats":[{"Busted Crown":17,"The Courier":10,"Bag of Preparation":9,"PureWater":0,"Boot":2,"Unceasing Top":23,"Akabeko":26},{"Busted Crown":8,"The Courier":4,"Bag of Preparation":3,"PureWater":0,"Boot":1,"Unceasing Top":12,"Akabeko":12},{"Busted Crown":27,"The Courier":11,"Bag of Preparation":8,"PureWater":0,"Boot":3,"Unceasing Top":38,"Akabeko":38}],"Unceasing Top":[0]},"card_choices":[{"not_picked":["EmptyMind","LikeWater"],"picked":"FearNoEvil","floor":1.0},{"not_picked":["Evaluate","BowlingBash"],"picked":"CrushJoints","floor":5.0},{"not_picked":["FlyingSleeves","TalkToTheHand"],"picked":"Halt","floor":7.0},{"not_picked":["ThirdEye","Evaluate"],"picked":"BowlingBash","floor":10.0},{"not_picked":["BowlingBash","WaveOfTheHand","Protect"],"picked":"SKIP","floor":11.0},{"not_picked":["ThirdEye","Protect"],"picked":"Adaptation","floor":13.0},{"not_picked":["FlurryOfBlows","ForeignInfluence"],"picked":"MentalFortress","floor":14.0},{"not_picked":["Judgement","DevaForm"],"picked":"Vault","floor":16.0},{"not_picked":["BowlingBash+1"],"picked":"SKIP","floor":18.0},{"not_picked":[],"picked":"Adaptation","floor":19.0},{"not_picked":["BowlingBash"],"picked":"SKIP","floor":22.0},{"not_picked":["JustLucky"],"picked":"SKIP","floor":23}],"player_experience":1131879,"relics_obtained":[{"floor":9.0,"key":"Bag of Preparation"},{"floor":10.0,"key":"The Courier"},{"floor":23,"key":"Unceasing Top"},{"floor":26,"key":"Akabeko"}],"event_choices":[{"damage_healed":0.0,"max_hp_gain":0.0,"max_hp_loss":0.0,"gold_gain":0.0,"event_name":"Scrap Ooze","player_choice":"Success","floor":2.0,"gold_loss":0.0,"damage_taken":26.0,"relics_obtained":["Boot"]},{"damage_healed":0.0,"max_hp_gain":0.0,"max_hp_loss":0.0,"gold_gain":0.0,"event_name":"Liars Game","player_choice":"Ignored","floor":3.0,"gold_loss":0.0,"damage_taken":0.0},{"damage_healed":0.0,"max_hp_gain":0.0,"max_hp_loss":0.0,"gold_gain":0.0,"event_name":"The Mausoleum","player_choice":"Ignored","floor":21.0,"gold_loss":0.0,"damage_taken":0.0},{"damage_healed":0,"gold_gain":0,"player_choice":"Smashed Altar","damage_taken":0,"max_hp_gain":0,"max_hp_loss":0,"event_name":"Forgotten Altar","floor":24,"gold_loss":0,"cards_obtained":["Decay"]}],"is_beta":false,"boss_relics":[{"not_picked":["Tiny House","Velvet Choker"],"picked":"Busted Crown"}],"items_purged_floors":[4,20,25],"is_endless":false,"potions_floor_spawned":[1,7,13,16,19,22],"killed_by":"Centurion and Healer","ascension_level":17}}