{"host":"q2j4ef1ti78v4imq","time":1610032535,"event":{"mods":["AchievementEnabler","BaseMod","Better Altar","Better Match","Better Note","Better Sensory Stone","Better Skull","Better Third Choice","Block Reminder","Hermit","Minty Spire (QoL Compilation)","Relic Stats","Replay The Spire","Shade Mod","StSLib"],"gold_per_floor":[117,136,136,159,178,178,224,224,249,291,311,351,380,406,406,494,494,519,519,558,558,593,593,638,638,638,638,679,679,703,736,736,821,821,846,846,871,202,18,18,57,57,126,167,193,0,27,41,41,49],"floor_reached":51,"playtime":2284,"items_purged":["Writhe","Defend_R"],"score":1473,"play_id":"658ca659-6ecc-4ec5-8d86-2a9f42cbbc76","local_time":"20210107151535","is_ascension_mode":true,"campfire_choices":[{"data":"Limit Break","floor":6,"key":"SMITH"},{"data":"Flex","floor":8,"key":"SMITH"},{"floor":23,"key":"REST"},{"floor":25,"key":"REST"},{"data":"Armaments","floor":27,"key":"SMITH"},{"floor":32,"key":"DIG"},{"data":"Limit Break","floor":40,"key":"SMITH"},{"data":"Flex","floor":42,"key":"SMITH"},{"floor":49,"key":"REST"}],"circlet_count":0,"master_deck":["AscendersBane","Strike_R","Strike_R","Strike_R","Strike_R","Defend_R","Defend_R","Defend_R","Bash","Massacre","Flex+1","Pommel Strike","Limit Break+1","Iron Wave+1","Twin Strike","Shrug It Off","Disarm","Headbutt","Heavy Blade","Reaper","Armaments+1","Flex+1","RitualDagger","ReplayTheSpireMod:Limb From Limb","ReplayTheSpireMod:Stacked+1","Inflame+1","Limit Break+1","CurseOfTheBell","Inflame","Spot Weakness"],"relics":["Burning Blood","Replay:Bandana","ReplayTheSpireMod:Spearhead","Oddly Smooth Stone","Pen Nib","Nunchaku","Philosopher\u0027s Stone","MutagenicStrength","Toy Ornithopter","WingedGreaves","Bag of Preparation","Question Card","Calling Bell","Bag of Marbles","Letter Opener","Thread and Needle","Lee\u0027s Waffle","Mirror","Happy Flower","Kunai","Singing Bowl","Bottled Flame","Red Mask","Gremlin Food"],"acts_visited":["Exordium","TheCity","TheBeyond"],"potions_floor_usage":[7,10,12,24,28,48,48,48,50],"damage_taken":[{"damage":5,"enemies":"2 Louse","floor":1,"turns":3},{"damage":16,"enemies":"Jaw Worm","floor":2,"turns":5},{"damage":7,"enemies":"Small Slimes","floor":4,"turns":3},{"damage":19,"enemies":"Blue Slaver","floor":5,"turns":5},{"damage":20,"enemies":"Lagavulin","floor":7,"turns":5},{"damage":22,"enemies":"3 Sentries","floor":10,"turns":7},{"damage":0,"enemies":"Exordium Wildlife","floor":11,"turns":2},{"damage":21,"enemies":"Gremlin Nob","floor":12,"turns":4},{"damage":6,"enemies":"Looter","floor":13,"turns":3},{"damage":6,"enemies":"2 Fungi Beasts","floor":14,"turns":3},{"damage":12,"enemies":"Hexaghost","floor":16,"turns":11},{"damage":18,"enemies":"Shell Parasite","floor":18,"turns":4},{"damage":34,"enemies":"3 Byrds","floor":20,"turns":7},{"damage":38,"enemies":"Centurion and Healer","floor":22,"turns":4},{"damage":30,"enemies":"Book of Stabbing","floor":24,"turns":4},{"damage":42,"enemies":"Replay:Snechameleon","floor":28,"turns":6},{"damage":0,"enemies":"Snake Plant","floor":30,"turns":1},{"damage":30,"enemies":"Sentry and Sphere","floor":31,"turns":5},{"damage":22,"enemies":"Collector","floor":33,"turns":6},{"damage":0,"enemies":"Orb Walker","floor":35,"turns":2},{"damage":0,"enemies":"3 Shapes","floor":37,"turns":2},{"damage":6,"enemies":"R_Hoarder","floor":41,"turns":6},{"damage":6,"enemies":"Giant Head","floor":44,"turns":5},{"damage":40,"enemies":"Transient","floor":45,"turns":6},{"damage":48,"enemies":"Spire Growth","floor":48,"turns":4},{"damage":22,"enemies":"Donu and Deca","floor":50,"turns":2}],"seed_played":"4113916490070710330","potions_obtained":[{"floor":1,"key":"Flashbang"},{"floor":2,"key":"Strength Potion"},{"floor":7,"key":"Adrenaline Potion"},{"floor":11,"key":"Elixir"},{"floor":20,"key":"Fire Potion"},{"floor":28,"key":"Fruit Juice"},{"floor":30,"key":"EntropicBrew"},{"floor":33,"key":"Dexterity Potion"}],"is_trial":false,"path_per_floor":["M","M","?","M","M","R","E","R","T","E","M","E","M","M","R","B",null,"M","?","M","?","M","R","E","R","T","R","E","?","M","M","R","B",null,"M","?","M","$","$","R","E","R","T","E","M","?","T","M","R","B",null],"character_chosen":"IRONCLAD","items_purchased":["Lee\u0027s Waffle","Mirror","Happy Flower","Inflame"],"campfire_rested":3,"item_purchase_floors":[38,38,38,39],"current_hp_per_floor":[76,66,61,60,47,47,33,33,33,17,23,8,8,8,32,26,68,56,56,45,39,7,31,7,31,31,31,25,25,31,33,33,17,70,76,87,87,94,94,94,94,94,94,94,62,62,62,35,63,80],"gold":49,"neow_bonus":"TEN_PERCENT_HP_BONUS","is_daily":false,"chose_seed":false,"campfire_upgraded":5,"win_rate":0.0,"timestamp":1610032535,"path_taken":["M","M","?","M","M","R","E","R","T","E","M","E","M","M","R","BOSS","M","?","M","?","M","R","E","R","T","R","E","?","?","M","R","BOSS","M","?","M","$","$","R","E","R","T","E","M","?","?","M","R","BOSS"],"items_purchased_type":["Relic","Relic","Relic","Card"],"build_version":"2020-12-22","purchased_purges":2,"victory":true,"max_hp_per_floor":[82,82,82,82,82,82,82,82,82,82,82,82,82,82,82,82,82,82,82,82,82,82,82,82,82,82,82,87,87,87,87,87,87,87,87,87,87,94,94,94,94,94,94,94,96,96,96,96,96,96],"relic_stats":{"Lee\u0027s Waffle":7,"Happy Flower":[7],"Singing Bowl":2,"counters":[26,115],"Pen Nib":[16],"Bag of Preparation":[20],"Letter Opener":[30],"Question Card":7,"Burning Blood":150,"Nunchaku":[15],"Kunai":[3],"obtain_stats":[{"Gremlin Food":47,"Lee\u0027s Waffle":38,"Happy Flower":38,"Singing Bowl":43,"Oddly Smooth Stone":9,"Thread and Needle":34,"Pen Nib":10,"Bag of Preparation":28,"Letter Opener":34,"Question Card":32,"Burning Blood":0,"Calling Bell":34,"Replay:Bandana":3,"ReplayTheSpireMod:Spearhead":7,"Nunchaku":12,"Bottled Flame":44,"MutagenicStrength":19,"Philosopher\u0027s Stone":17,"WingedGreaves":26,"Bag of Marbles":34,"Red Mask":46,"Kunai":41,"Mirror":38,"Toy Ornithopter":24},{"Gremlin Food":24,"Lee\u0027s Waffle":21,"Happy Flower":21,"Singing Bowl":22,"Oddly Smooth Stone":5,"Thread and Needle":19,"Pen Nib":6,"Bag of Preparation":16,"Letter Opener":19,"Question Card":18,"Burning Blood":0,"Calling Bell":19,"Replay:Bandana":2,"ReplayTheSpireMod:Spearhead":5,"Nunchaku":8,"Bottled Flame":23,"MutagenicStrength":12,"Philosopher\u0027s Stone":11,"WingedGreaves":15,"Bag of Marbles":19,"Red Mask":24,"Kunai":22,"Mirror":21,"Toy Ornithopter":15},{"Gremlin Food":109,"Lee\u0027s Waffle":92,"Happy Flower":92,"Singing Bowl":98,"Oddly Smooth Stone":21,"Thread and Needle":88,"Pen Nib":28,"Bag of Preparation":76,"Letter Opener":88,"Question Card":82,"Burning Blood":0,"Calling Bell":88,"Replay:Bandana":8,"ReplayTheSpireMod:Spearhead":21,"Nunchaku":34,"Bottled Flame":103,"MutagenicStrength":55,"Philosopher\u0027s Stone":51,"WingedGreaves":70,"Bag of Marbles":88,"Red Mask":109,"Kunai":98,"Mirror":92,"Toy Ornithopter":70}],"Toy Ornithopter":25},"card_choices":[{"not_picked":["ReplayTheSpireMod:Strike From Hell","Replay:Undeath\u0027s Touch"],"picked":"Massacre","floor":1},{"not_picked":["Power Through","Run Through"],"picked":"Flex","floor":2},{"not_picked":["True Grit","Replay:Undeath\u0027s Touch"],"picked":"Pommel Strike","floor":4},{"not_picked":["Shrug It Off","True Grit"],"picked":"Limit Break","floor":5},{"not_picked":["Headbutt","Havoc"],"picked":"Iron Wave","floor":7},{"not_picked":["Fiend Fire","Rupture"],"picked":"Twin Strike","floor":10},{"not_picked":["Perfected Strike","Wild Strike"],"picked":"Shrug It Off","floor":11},{"not_picked":["True Grit","Thunderclap"],"picked":"Disarm","floor":12},{"not_picked":["Clothesline","Body Slam"],"picked":"Headbutt","floor":13},{"not_picked":["Rupture","ReplayReversal"],"picked":"Heavy Blade","floor":14},{"not_picked":["Offering","Brutality"],"picked":"Reaper","floor":16},{"not_picked":["Sword Boomerang","Shrug It Off"],"picked":"Armaments","floor":18},{"not_picked":["Thunderclap","True Grit+1"],"picked":"Flex","floor":20},{"not_picked":["Rampage+1","Anger"],"picked":"ReplayTheSpireMod:Limb From Limb","floor":22},{"not_picked":["Perfected Strike+1","Offering","Armaments"],"picked":"SKIP","floor":24},{"not_picked":["Wild Strike","Clothesline+1"],"picked":"ReplayTheSpireMod:Stacked+1","floor":28},{"not_picked":["True Grit","Havoc","Body Slam"],"picked":"SKIP","floor":30},{"not_picked":["Intimidate+1","Thunderclap"],"picked":"Inflame","floor":31},{"not_picked":["Exhume","Brutality","Immolate"],"picked":"Limit Break","floor":33},{"not_picked":["Wild Strike","Run Through+1","True Grit","Thunderclap"],"picked":"SKIP","floor":35},{"not_picked":["Shrug It Off","Abandon","Thunderclap","ReplayTheSpireMod:Strike From Hell"],"picked":"SKIP","floor":37},{"not_picked":["Searing Blow","ReplayTheSpireMod:Strike From Hell","Clothesline","Defy Death"],"picked":"SKIP","floor":41},{"not_picked":["Perfected Strike+1","Uppercut","Armaments"],"picked":"Spot Weakness","floor":44},{"not_picked":["Impervious","Pommel Strike","Cleave+1","Replay:Undeath\u0027s Touch"],"picked":"Singing Bowl","floor":45}],"player_experience":834989,"relics_obtained":[{"floor":7,"key":"ReplayTheSpireMod:Spearhead"},{"floor":9,"key":"Oddly Smooth Stone"},{"floor":10,"key":"Pen Nib"},{"floor":12,"key":"Nunchaku"},{"floor":24,"key":"Toy Ornithopter"},{"floor":26,"key":"WingedGreaves"},{"floor":28,"key":"Bag of Preparation"},{"floor":32,"key":"Question Card"},{"floor":34,"key":"Bag of Marbles"},{"floor":34,"key":"Letter Opener"},{"floor":34,"key":"Thread and Needle"},{"floor":41,"key":"Kunai"},{"floor":43,"key":"Singing Bowl"},{"floor":44,"key":"Bottled Flame"},{"floor":47,"key":"Gremlin Food"}],"event_choices":[{"damage_healed":0,"gold_gain":0,"player_choice":"Relic ","damage_taken":5,"max_hp_gain":0,"max_hp_loss":0,"event_name":"betterThird:BetterScrap","floor":3,"gold_loss":0,"cards_obtained":["Mirror Shield"]},{"damage_healed":0,"gold_gain":0,"player_choice":"Inject Mutagens","damage_taken":0,"relics_obtained":["MutagenicStrength"],"max_hp_gain":0,"max_hp_loss":0,"event_name":"Drug Dealer","floor":19,"gold_loss":0},{"damage_healed":0,"gold_gain":0,"player_choice":"Dagger","damage_taken":6,"max_hp_gain":0,"max_hp_loss":0,"event_name":"betterThird:BetterNest","floor":21,"gold_loss":0,"cards_obtained":["RitualDagger"]},{"cards_removed":["Strike_R"],"damage_healed":0,"gold_gain":0,"player_choice":"Purged","damage_taken":0,"max_hp_gain":0,"max_hp_loss":0,"event_name":"Purifier","floor":29,"gold_loss":0},{"damage_healed":17,"gold_gain":0,"player_choice":"Writhe","damage_taken":0,"max_hp_gain":0,"max_hp_loss":0,"event_name":"Winding Halls","floor":36,"gold_loss":0,"cards_obtained":["Writhe"]},{"damage_healed":0,"gold_gain":0,"player_choice":"Paid","damage_taken":0,"relics_obtained":["Red Mask"],"max_hp_gain":0,"max_hp_loss":0,"event_name":"Tomb of Lord Red Mask","floor":46,"gold_loss":193}],"is_beta":false,"boss_relics":[{"not_picked":["Fusion Hammer","Sozu"],"picked":"Philosopher\u0027s Stone"},{"not_picked":["Runic Cube","Busted Crown"],"picked":"Calling Bell"}],"items_purged_floors":[38,39],"is_endless":false,"potions_floor_spawned":[1,2,4,7,11,20,28,30,33,41,48],"ascension_level":17}}