{"host":"tzz1a4lp7gkxiavd","time":1610038794,"event":{"mods":["BaseMod","Marisa£®ÏF”Í°°ƒß¿Ì…≥£©","Minty Spire (QoL Compilation)","Remilia£®¿Ÿ√◊¿Ú—«£©","The Servant 0.9.4","Youmu£®ªÍ∆«—˝√Œ£©","Yuyuko","°æπ¶ƒ‹Mod°øNeowΩ±¿¯"],"gold_per_floor":[119,131,145,145,145,145,145,158,158,158,193,118,193,206,206,206,206],"floor_reached":16,"playtime":1200,"items_purged":["Strike_YM"],"score":144,"play_id":"c3067e9e-d520-4692-9a0d-c5a9dfa3f5f7","local_time":"20210108005954","is_ascension_mode":true,"campfire_choices":[{"data":"Secret Weapon","floor":6,"key":"SMITH"},{"floor":10,"key":"REST"},{"floor":15,"key":"REST"}],"circlet_count":0,"master_deck":["Strike_YM","Strike_YM","Defend_YM","Defend_YM","Defend_YM","Defend_YM","SlashOfPresentWorld","WheelOfPainOfLivingAndDead","Decay","Secret Weapon+1","SwordExtraction","Regret"],"relics":["HalfPhantom","FencingExperience","WingedGreaves","Bag of Preparation"],"acts_visited":[],"potions_floor_usage":[],"damage_taken":[{"damage":2,"enemies":"Small Slimes","floor":1,"turns":5},{"damage":4,"enemies":"2 Louse","floor":2,"turns":4},{"damage":22,"enemies":"Jaw Worm","floor":3,"turns":7},{"damage":3,"enemies":"Blue Slaver","floor":8,"turns":6},{"damage":21,"enemies":"3 Sentries","floor":11,"turns":18},{"damage":10,"enemies":"Large Slime","floor":14,"turns":7},{"damage":0,"enemies":"Slime Boss","floor":16,"turns":1}],"seed_played":"-7532833203167063001","potions_obtained":[{"floor":2,"key":"PhantomPosion"},{"floor":8,"key":"DuplicationPotion"}],"is_trial":false,"path_per_floor":["M","M","M","?","?","R","T","M","T","R","E","$","?","M","R","B"],"character_chosen":"YOUMU","items_purchased":[],"campfire_rested":2,"item_purchase_floors":[],"current_hp_per_floor":[73,69,47,47,40,40,40,37,37,59,38,38,27,17,39,39,39],"gold":206,"neow_bonus":"RANDOM_COLORLESS_2","is_daily":false,"chose_seed":false,"campfire_upgraded":1,"win_rate":0.0,"timestamp":1610038794,"path_taken":["M","M","M","?","?","R","?","?","T","R","E","$","?","M","R","BOSS"],"items_purchased_type":[],"build_version":"2020-12-22","purchased_purges":1,"victory":false,"max_hp_per_floor":[75,75,75,75,75,75,75,75,75,75,75,75,75,75,75,75,75],"card_choices":[{"not_picked":["Panache","Metamorphosis"],"picked":"Secret Weapon","floor":0},{"not_picked":["PhosphoricSlash","HeartExcerptSlash","SlashOfMeditation"],"picked":"SKIP","floor":1},{"not_picked":["DispleasureOfTheSevenHakus","TurningAngelCut","PhosphoricSlash"],"picked":"SKIP","floor":2},{"not_picked":["TurningAngelCut","PhosphoricSlash"],"picked":"SwordExtraction","floor":3},{"not_picked":["TurningAngelCut","SpiritCuttingSword","TwoHundredYojanaInOneSlash"],"picked":"SKIP","floor":8},{"not_picked":["ThreeKonsSevenHakus","TwoHundredYojanaInOneSlash","PhosphoricSlash"],"picked":"SKIP","floor":11},{"not_picked":["SuddenPhantomFormationSlashOfKarmicWind","HumanKnowledgeSword","HeavenlyHaloSlash"],"picked":"SKIP","floor":14}],"player_experience":131476,"relics_obtained":[{"floor":7,"key":"WingedGreaves"},{"floor":11,"key":"Bag of Preparation"}],"event_choices":[{"damage_healed":0,"gold_gain":0,"player_choice":"Box","damage_taken":0,"relics_obtained":["FencingExperience"],"max_hp_gain":0,"max_hp_loss":0,"event_name":"Big Fish","floor":4,"gold_loss":0,"cards_obtained":["Regret"]},{"cards_removed":["Strike_YM"],"damage_healed":0,"gold_gain":0,"player_choice":"Card Removal","damage_taken":7,"max_hp_gain":0,"max_hp_loss":0,"event_name":"Golden Wing","floor":5,"gold_loss":0},{"damage_healed":0,"gold_gain":75,"player_choice":"Gather Gold","damage_taken":11,"max_hp_gain":0,"max_hp_loss":0,"event_name":"World of Goop","floor":13,"gold_loss":0}],"is_beta":false,"boss_relics":[],"items_purged_floors":[12],"is_endless":false,"potions_floor_spawned":[2,8],"killed_by":"Slime Boss","ascension_level":3}}