{"host":"4q8tqz186r0pap1a","time":1610022168,"event":{"mods":["ATMod(阿瑾Mod)","Act Like it!","Arknights The Spire","BaseMod","Bestiary","Block Reminder","Colored Powertips","Curses Come First","Dota2Spire","Downfall","Gensokyo","Gold Saver","GungeonMod","Hallownest","Highlight Path","Hubris","Hunter 猎人","Jedi Mod","KinomotoSakuraMod(木之本樱)","KomeijiMod","Luminous","Minty Spire (QoL Compilation)","Nova Terra(诺娃・泰拉)","Pale of the Ancients","Quarter Circle Forward PUNCH!","Red Circlet Mod","Relic Stats","Replay The Spire","SIMod","Shop Mod","Spicy Shops","StSLib","The Animator","The Bug Knight","The Construct","The Cursed","The Hierophant","The Marked","TheWitcher","UnlockEverythingMod","WarShipGirlsR/战舰少女R mod","Yakumo Yukari mod","Yuyuko","[IsaacMod]以撒尖塔","[地精首领爬塔]The Maniac","vexMod","【功能Mod】混沌之环修复补丁","【功能Mod】聪明的最终Boss","【遗物卡牌】REMEMod","残留之物"],"gold_per_floor":[114,132,98602,98636,97040,97081,95738,95796,95873,95918,95918,95971,95971,96005,96005,96091,96091,96119,96146,94766,94788,93350,93412,92475,92492,92517,92536,92564,92592,92632,92666,92666,92774,92774,92793,92804,92794,91439,90152,90189,90189,90228,90228,88752,88788,88813,88847,88862,88862,87508,87508,87508],"floor_reached":51,"playtime":5744,"items_purged":["Strike_R","Regret","Looming Evil","Replay:Hysterical Blindness","Shame","ReplayTheSpireMod:Doomed","AT_Dispersion+1","Parasite"],"score":3048,"play_id":"3a0577c8-5f10-41c3-a0c2-4e258379628e","local_time":"20210107202248","daily_mods":["Vintage","Heirloom","Time Dilation","Flight","Cursed Run","Lethality","Terminal"],"is_ascension_mode":true,"campfire_choices":[{"data":"REME_TheLastStrike","floor":11.0,"key":"SMITH"},{"data":"REME_MagicPocketWatch","floor":13.0,"key":"SMITH"},{"data":"REME_EyeOfCthun","floor":15.0,"key":"SMITH"},{"data":"Strike_R+2","floor":41.0,"key":"SMITH"},{"data":"Defend_R+2","floor":49.0,"key":"SMITH"}],"circlet_count":0,"master_deck":["AscendersBane","Strike_R+1","Strike_R+1","Strike_R+1","Strike_R+1","Defend_R+1","Defend_R+1","Defend_R+1","Defend_R+1","Bash+1","DoctorFetus+1","AT_DrawKnifeCut+1","REME_TheLastStrike+1","Fire Breathing+1","DemoMod:WhiteBlade+1","DemoMod:BlackBlade+1","AT_IchimonjiDouble+1","Berserk+1","ReplayTheSpireMod:Limb From Limb+1","REME_EyeOfCthun+1","jedi:forcepull+1","REME_MagicPocketWatch+1","AT_CaressingTears+1","Perfected Strike+1","jedi:unlimitedpower+4","Limit Break+1","jedi:bloodyhammer+1","hubris:StunningStrike+1","Demon Form+1","REME_ACTH+1","DemoMod:BlackBlade+1","hexamod:SixthSeal","SnafuTest:CurseHeatDeath","REME_ACTH+1","ReplayTheSpireMod:Strike From Hell+1","AT_Dispersion+1","AT_Dispersion+1","hexamod:FirstSeal","REME_Fury+1","Pot Of Greed+1","Pot Of Greed+1","Pot Of Greed+1","Pot Of Greed+1","Inflame+1","Inflame+1","Panacea+1","Exhume+1","REME_TheLastStrike+1","Exhume+1","Pot Of Greed+1","REME_Scribble+1","hubris:Sloth","AT_GerminateFire+1","Clothesline","Metallicize","Replay:UnknownCurse"],"relics":["Cursed Key","Darkstone Periapt","Du-Vu Doll","qcfpunch:Spiky_Bracers","qcfpunch:White_Boots","qcfpunch:Handcuffs","qcfpunch:Army_Boots","qcfpunch:Chain_With_Nametags","qcfpunch:Combat_Fatigues","qcfpunch:Black_Training_Shirt","qcfpunch:Red_Gi","qcfpunch:Unceasing_Flame","qcfpunch:Wrestler\u0027s_Cloak","qcfpunch:Wild_Herbs_Ointment","qcfpunch:Red_Cyclone_Teachings","qcfpunch:Broken_Tusk","qcfpunch:Necklace_of_Skulls","qcfpunch:Lotus_Statue","qcfpunch:Red_Beret","qcfpunch:Green_Leotard","qcfpunch:Special_Ops_Insignia","AT_ATBox","HushsDoor","REME_ComplimentaryCards","UnicornStump","DemoMod:SuperHotWatch","DemoMod:GlassGuonStoneRelic","Red Skull","King of Hearts","Replay:WaspNest","REME_ArchaeologicalTools","NineVolt","Pen Nib","Calipers","Orrery","AT_ChloranthyRing","DoctorsRemote","qcfpunch:School_Backpack","SharpPlug","Dream Catcher","champ:Barbells","Guide Book","MerchantsRug","vexMod:PlasmaPancake","Toy Ornithopter","KyoryuNoHagoromo","REME_OnlineShoppingPlatform","ReplayTheSpireMod:ShopPack","Chameleon Ring","TheBean","Golden Egg","AT_SilvercatRing","Dota2Spire:Desolator","DemoMod:ResourcefulSack","Runic Pyramid","Nunchaku","Happy Flower","DemoMod:BlueGuonStone","White Beast Statue","vexMod:BarristanHead","REME_IWantAll","hubris:HerbalPaste","Replay:Bottled Flurry","hubris:PeanutButter","PlaceholderMod:FlatBlood","AT_BladeRuinedKing","ReplayTheSpireMod:Lightbulb","DemoMod:Bottle","vexMod:Spyglass","vexMod:HeadHunter","Quantum Egg","NitorisBag","Dota2Spire:Vanguard","DemoMod:MeatBun","qcfpunch:Fighting_Gloves","Dota2Spire:UrnOfShadows","AT_SunfireAegis","Anchor","Replay:Baseball","StrikeDummy","Dota2Spire:BattleFury","hexamod:TheBrokenSeal","Dota2Spire:RefresherOrb","Turnip","Simple Rune","Whetstone","Grinning Jar","OrangePellets","Dota2Spire:OctarineCore","Dota2Spire:BlackKingBar","jedi:fakemustache","vexMod:FocusSash","DemoMod:WeirdEgg","Medical Kit","DemoMod:PoisonVial","PreservedInsect","BFFS","qcfpunch:Red_Headband","Oddly Smooth Stone","hubris:IronBody","DemoMod:JetPack","Pear","jedi:ashlotus","Pantograph","Toolbox","Dota2Spire:EchoSabre","Lantern","vexMod:MemoryStick","DemoMod:ClearGuonStone","Dota2Spire:BladeMail"],"acts_visited":["Exordium","TheCity","TheBeyond"],"potions_floor_usage":[],"damage_taken":[{"damage":0.0,"enemies":"Small Slimes","floor":1.0,"turns":1.0},{"damage":0.0,"enemies":"Jaw Worm","floor":2.0,"turns":3.0},{"damage":0.0,"enemies":"2 Louse","floor":4.0,"turns":1.0},{"damage":0.0,"enemies":"3 Sentries","floor":6.0,"turns":1.0},{"damage":0.0,"enemies":"Gremlin Nob","floor":8.0,"turns":2.0},{"damage":0.0,"enemies":"3 Sentries","floor":10.0,"turns":1.0},{"damage":0.0,"enemies":"Lagavulin","floor":12.0,"turns":3.0},{"damage":0.0,"enemies":"Gremlin Nob","floor":14.0,"turns":1.0},{"damage":0.0,"enemies":"Slime Boss","floor":16.0,"turns":3.0},{"damage":0.0,"enemies":"3 Byrds","floor":18.0,"turns":2.0},{"damage":0.0,"enemies":"2 Thieves","floor":19.0,"turns":1.0},{"damage":0.0,"enemies":"Chosen and Byrds","floor":21.0,"turns":1.0},{"damage":0.0,"enemies":"HollowMod:Nosk","floor":23.0,"turns":1.0},{"damage":0.0,"enemies":"Sentry and Sphere","floor":25.0,"turns":3.0},{"damage":0.0,"enemies":"Book of Stabbing","floor":27.0,"turns":2.0},{"damage":0.0,"enemies":"Snake Plant","floor":28.0,"turns":1.0},{"damage":0.0,"enemies":"Replay:Snechameleon","floor":29.0,"turns":3.0},{"damage":0.0,"enemies":"Book of Stabbing","floor":30.0,"turns":1.0},{"damage":0.0,"enemies":"Replay:Snechameleon","floor":31.0,"turns":1.0},{"damage":0.0,"enemies":"Champ","floor":33.0,"turns":4.0},{"damage":0.0,"enemies":"Orb Walker","floor":35.0,"turns":1.0},{"damage":0.0,"enemies":"3 Darklings","floor":36.0,"turns":2.0},{"damage":0.0,"enemies":"R_Hoarder","floor":40.0,"turns":1.0},{"damage":0.0,"enemies":"Nemesis","floor":42.0,"turns":1.0},{"damage":0.0,"enemies":"R_Hoarder","floor":45.0,"turns":1.0},{"damage":0.0,"enemies":"Maw","floor":46.0,"turns":1.0},{"damage":0.0,"enemies":"Giant Head","floor":47.0,"turns":1.0},{"damage":0.0,"enemies":"Spire Growth","floor":48.0,"turns":1.0},{"damage":0.0,"enemies":"Awakened One","floor":50.0,"turns":12.0},{"damage":0,"enemies":"Donu and Deca","floor":51,"turns":1}],"seed_played":"438531349960455583","potions_obtained":[{"floor":1.0,"key":"Explosive Potion"},{"floor":23.0,"key":"Swift Potion"}],"is_trial":true,"path_per_floor":["M","M","$","M","$","E","$","E","T","E","R","E","R","E","R","B",null,"M","M","$","M","$","E","$","M","T","E","M","E","E","E","R","B",null,"M","M","?","$","$","E","R","E","T","$","E","M","E","M","R","B","B"],"character_chosen":"IRONCLAD","items_purchased":["REME_TheLastStrike","Replay:WaspNest","REME_ArchaeologicalTools","NineVolt","Pen Nib","Calipers","Orrery","Berserk","DoctorsRemote","qcfpunch:School_Backpack","SharpPlug","Dream Catcher","champ:Barbells","Guide Book","MerchantsRug","Fire Potion","SkillPotion","vexMod:PlasmaPancake","Toy Ornithopter","KyoryuNoHagoromo","REME_OnlineShoppingPlatform","ReplayTheSpireMod:ShopPack","Chameleon Ring","DemoMod:BlueGuonStone","White Beast Statue","vexMod:BarristanHead","REME_IWantAll","hubris:HerbalPaste","hubris:StunningStrike","hubris:PeanutButter","PlaceholderMod:FlatBlood","AT_BladeRuinedKing","ReplayTheSpireMod:Lightbulb","DemoMod:Bottle","vexMod:Spyglass","Demon Form","REME_ACTH","Quantum Egg","NitorisBag","Dota2Spire:Vanguard","DemoMod:MeatBun","qcfpunch:Fighting_Gloves","Whetstone","Grinning Jar","OrangePellets","Dota2Spire:OctarineCore","Dota2Spire:BlackKingBar","jedi:fakemustache","vexMod:FocusSash","DemoMod:WeirdEgg","Medical Kit","DemoMod:PoisonVial","PreservedInsect","BFFS","Inflame","Panacea","DemoMod:JetPack","Pear","jedi:ashlotus","Pantograph","Toolbox","Dota2Spire:EchoSabre"],"campfire_rested":0,"item_purchase_floors":[3,3,3,3,3,3,3,3,5,5,5,5,5,5,5,5,5,7,7,7,7,7,7,20,20,20,20,20,20,22,22,22,22,22,22,22,22,24,24,24,24,24,38,38,38,38,38,38,39,39,39,39,39,39,39,39,44,44,44,44,44,44],"current_hp_per_floor":[4,3,2,5,4,9,20,19,24,23,22,21,20,19,18,23,22,21,20,19,18,23,22,21,20,25,24,23,22,21,20,19,34,33,32,31,30,35,34,33,32,31,36,42,41,40,39,38,37,51,51,51],"gold":87508,"neow_bonus":"","is_daily":false,"chose_seed":false,"campfire_upgraded":5,"win_rate":0.0,"timestamp":1610022168,"path_taken":["M","M","$","M","$","E","$","E","T","E","R","E","R","E","R","BOSS","M","M","$","M","$","E","$","M","T","E","M","E","E","E","R","BOSS","M","M","?","$","$","E","R","E","T","$","E","M","E","?","R","BOSS","BOSS"],"items_purchased_type":["Card","Relic","Relic","Relic","Relic","Relic","Relic","Card","Relic","Relic","Relic","Relic","Relic","Relic","Relic","Potion","Potion","Relic","Relic","Relic","Relic","Relic","Relic","Relic","Relic","Relic","Relic","Relic","Card","Relic","Relic","Relic","Relic","Relic","Relic","Card","Card","Relic","Relic","Relic","Relic","Relic","Relic","Relic","Relic","Relic","Relic","Relic","Relic","Relic","Relic","Relic","Relic","Relic","Card","Card","Relic","Relic","Relic","Relic","Relic","Relic"],"build_version":"2020-12-22","purchased_purges":8,"victory":false,"max_hp_per_floor":[4,3,2,5,4,9,20,19,24,23,22,21,20,19,18,23,22,21,20,19,18,23,22,21,20,25,24,23,22,21,20,19,34,33,32,31,30,35,34,33,32,31,36,42,41,40,39,38,37,51,51,51],"relic_stats":{"Darkstone Periapt":54,"Happy Flower":[12],"counters":[29,57],"Pen Nib":[26],"PreservedInsect":356,"Whetstone":["Strike_R","Strike_R"],"Cursed Key":3,"Medical Kit":[0],"OrangePellets":[1],"Dream Catcher":0,"Nunchaku":[21],"Pantograph":0,"Turnip":[0],"obtain_stats":[{"Golden Egg":9,"vexMod:MemoryStick":46,"AT_ATBox":0,"qcfpunch:Special_Ops_Insignia":0,"DemoMod:PoisonVial":39,"qcfpunch:Red_Beret":0,"Whetstone":38,"BFFS":39,"DemoMod:SuperHotWatch":0,"TheBean":8,"hubris:HerbalPaste":20,"qcfpunch:Lotus_Statue":0,"REME_ArchaeologicalTools":3,"Replay:Bottled Flurry":21,"qcfpunch:Red_Cyclone_Teachings":0,"KeepersGift":0,"champ:Barbells":5,"MerchantsRug":5,"Dota2Spire:UrnOfShadows":25,"Pear":44,"Pen Nib":3,"AT_SilvercatRing":10,"qcfpunch:Combat_Fatigues":0,"qcfpunch:Broken_Tusk":0,"qcfpunch:School_Backpack":5,"DemoMod:MeatBun":24,"DemoMod:ResourcefulSack":14,"HushsDoor":0,"StrikeDummy":29,"qcfpunch:Spiky_Bracers":0,"vexMod:PlasmaPancake":7,"Dota2Spire:EchoSabre":44,"UnicornStump":0,"Lantern":45,"King of Hearts":2,"Dota2Spire:Vanguard":24,"Cursed Key":0,"qcfpunch:Wild_Herbs_Ointment":0,"Toolbox":44,"Dota2Spire:BladeMail":48,"AT_ChloranthyRing":4,"qcfpunch:Black_Training_Shirt":0,"DemoMod:WeirdEgg":39,"vexMod:BerryBomb":6,"PreservedInsect":39,"KyoryuNoHagoromo":7,"Orrery":3,"Turnip":35,"Dota2Spire:OctarineCore":38,"AT_SunfireAegis":26,"ReplayTheSpireMod:Lightbulb":22,"Toy Ornithopter":7,"REME_ComplimentaryCards":0,"PlaceholderMod:FlatBlood":22,"DemoMod:BlueGuonStone":20,"Calipers":3,"NineVolt":3,"DemoMod:GlassGuonStoneRelic":1,"Dota2Spire:RefresherOrb":34,"qcfpunch:Unceasing_Flame":0,"REME_IWantAll":20,"qcfpunch:Red_Gi":0,"jedi:ashlotus":44,"qcfpunch:Handcuffs":0,"DemoMod:ClearGuonStone":47,"qcfpunch:Chain_With_Nametags":0,"REME_OnlineShoppingPlatform":7,"Happy Flower":19,"Dota2Spire:BlackKingBar":38,"hexamod:TheBrokenSeal":33,"Oddly Smooth Stone":42,"Du-Vu Doll":0,"NitorisBag":24,"OrangePellets":38,"Replay:Baseball":28,"hubris:PeanutButter":22,"Simple Rune":36,"Grinning Jar":38,"Dota2Spire:Desolator":12,"Darkstone Periapt":0,"SharpPlug":5,"vexMod:Spyglass":22,"Dream Catcher":5,"Nunchaku":18,"Chameleon Ring":7,"qcfpunch:Green_Leotard":0,"Pantograph":44,"qcfpunch:Necklace_of_Skulls":0,"qcfpunch:Wrestler\u0027s_Cloak":0,"hubris:IronBody":43,"Red Skull":1,"DemoMod:JetPack":44,"Runic Pyramid":17,"qcfpunch:Army_Boots":0,"DoctorsRemote":5,"Guide Book":5,"Quantum Egg":24,"Replay:WaspNest":3,"AT_BladeRuinedKing":22,"Dota2Spire:BattleFury":31,"vexMod:FocusSash":39,"qcfpunch:White_Boots":0,"Medical Kit":39,"White Beast Statue":20,"jedi:fakemustache":38,"Anchor":27,"vexMod:BarristanHead":20,"vexMod:HeadHunter":23,"qcfpunch:Fighting_Gloves":24,"qcfpunch:Red_Headband":40,"DemoMod:Bottle":22,"ReplayTheSpireMod:ShopPack":7},{"Golden Egg":5,"vexMod:MemoryStick":26,"AT_ATBox":0,"qcfpunch:Special_Ops_Insignia":0,"DemoMod:PoisonVial":22,"qcfpunch:Red_Beret":0,"Whetstone":22,"BFFS":22,"DemoMod:SuperHotWatch":0,"TheBean":5,"hubris:HerbalPaste":11,"qcfpunch:Lotus_Statue":0,"REME_ArchaeologicalTools":2,"Replay:Bottled Flurry":12,"qcfpunch:Red_Cyclone_Teachings":0,"KeepersGift":0,"champ:Barbells":3,"MerchantsRug":3,"Dota2Spire:UrnOfShadows":14,"Pear":24,"Pen Nib":2,"AT_SilvercatRing":6,"qcfpunch:Combat_Fatigues":0,"qcfpunch:Broken_Tusk":0,"qcfpunch:School_Backpack":3,"DemoMod:MeatBun":13,"DemoMod:ResourcefulSack":8,"HushsDoor":0,"StrikeDummy":17,"qcfpunch:Spiky_Bracers":0,"vexMod:PlasmaPancake":4,"Dota2Spire:EchoSabre":24,"UnicornStump":0,"Lantern":25,"King of Hearts":2,"Dota2Spire:Vanguard":13,"Cursed Key":0,"qcfpunch:Wild_Herbs_Ointment":0,"Toolbox":24,"Dota2Spire:BladeMail":28,"AT_ChloranthyRing":3,"qcfpunch:Black_Training_Shirt":0,"DemoMod:WeirdEgg":22,"vexMod:BerryBomb":4,"PreservedInsect":22,"KyoryuNoHagoromo":4,"Orrery":2,"Turnip":21,"Dota2Spire:OctarineCore":22,"AT_SunfireAegis":14,"ReplayTheSpireMod:Lightbulb":12,"Toy Ornithopter":4,"REME_ComplimentaryCards":0,"PlaceholderMod:FlatBlood":12,"DemoMod:BlueGuonStone":11,"Calipers":2,"NineVolt":2,"DemoMod:GlassGuonStoneRelic":1,"Dota2Spire:RefresherOrb":20,"qcfpunch:Unceasing_Flame":0,"REME_IWantAll":11,"qcfpunch:Red_Gi":0,"jedi:ashlotus":24,"qcfpunch:Handcuffs":0,"DemoMod:ClearGuonStone":27,"qcfpunch:Chain_With_Nametags":0,"REME_OnlineShoppingPlatform":4,"Happy Flower":11,"Dota2Spire:BlackKingBar":22,"hexamod:TheBrokenSeal":20,"Oddly Smooth Stone":24,"Du-Vu Doll":0,"NitorisBag":13,"OrangePellets":22,"Replay:Baseball":16,"hubris:PeanutButter":12,"Simple Rune":22,"Grinning Jar":22,"Dota2Spire:Desolator":7,"Darkstone Periapt":0,"SharpPlug":3,"vexMod:Spyglass":12,"Dream Catcher":3,"Nunchaku":10,"Chameleon Ring":4,"qcfpunch:Green_Leotard":0,"Pantograph":24,"qcfpunch:Necklace_of_Skulls":0,"qcfpunch:Wrestler\u0027s_Cloak":0,"hubris:IronBody":24,"Red Skull":1,"DemoMod:JetPack":24,"Runic Pyramid":9,"qcfpunch:Army_Boots":0,"DoctorsRemote":3,"Guide Book":3,"Quantum Egg":13,"Replay:WaspNest":2,"AT_BladeRuinedKing":12,"Dota2Spire:BattleFury":19,"vexMod:FocusSash":22,"qcfpunch:White_Boots":0,"Medical Kit":22,"White Beast Statue":11,"jedi:fakemustache":22,"Anchor":15,"vexMod:BarristanHead":11,"vexMod:HeadHunter":13,"qcfpunch:Fighting_Gloves":13,"qcfpunch:Red_Headband":23,"DemoMod:Bottle":12,"ReplayTheSpireMod:ShopPack":4},{"Golden Egg":8,"vexMod:MemoryStick":43,"AT_ATBox":0,"qcfpunch:Special_Ops_Insignia":0,"DemoMod:PoisonVial":39,"qcfpunch:Red_Beret":0,"Whetstone":39,"BFFS":39,"DemoMod:SuperHotWatch":0,"TheBean":8,"hubris:HerbalPaste":19,"qcfpunch:Lotus_Statue":0,"REME_ArchaeologicalTools":4,"Replay:Bottled Flurry":20,"qcfpunch:Red_Cyclone_Teachings":0,"KeepersGift":0,"champ:Barbells":5,"MerchantsRug":5,"Dota2Spire:UrnOfShadows":24,"Pear":41,"Pen Nib":4,"AT_SilvercatRing":9,"qcfpunch:Combat_Fatigues":0,"qcfpunch:Broken_Tusk":0,"qcfpunch:School_Backpack":5,"DemoMod:MeatBun":21,"DemoMod:ResourcefulSack":13,"HushsDoor":0,"StrikeDummy":30,"qcfpunch:Spiky_Bracers":0,"vexMod:PlasmaPancake":6,"Dota2Spire:EchoSabre":41,"UnicornStump":0,"Lantern":42,"King of Hearts":4,"Dota2Spire:Vanguard":21,"Cursed Key":0,"qcfpunch:Wild_Herbs_Ointment":0,"Toolbox":41,"Dota2Spire:BladeMail":45,"AT_ChloranthyRing":5,"qcfpunch:Black_Training_Shirt":0,"DemoMod:WeirdEgg":39,"vexMod:BerryBomb":6,"PreservedInsect":39,"KyoryuNoHagoromo":6,"Orrery":4,"Turnip":37,"Dota2Spire:OctarineCore":39,"AT_SunfireAegis":24,"ReplayTheSpireMod:Lightbulb":20,"Toy Ornithopter":6,"REME_ComplimentaryCards":0,"PlaceholderMod:FlatBlood":20,"DemoMod:BlueGuonStone":19,"Calipers":4,"NineVolt":4,"DemoMod:GlassGuonStoneRelic":1,"Dota2Spire:RefresherOrb":36,"qcfpunch:Unceasing_Flame":0,"REME_IWantAll":19,"qcfpunch:Red_Gi":0,"jedi:ashlotus":41,"qcfpunch:Handcuffs":0,"DemoMod:ClearGuonStone":44,"qcfpunch:Chain_With_Nametags":0,"REME_OnlineShoppingPlatform":6,"Happy Flower":19,"Dota2Spire:BlackKingBar":39,"hexamod:TheBrokenSeal":36,"Oddly Smooth Stone":41,"Du-Vu Doll":0,"NitorisBag":21,"OrangePellets":39,"Replay:Baseball":27,"hubris:PeanutButter":20,"Simple Rune":39,"Grinning Jar":39,"Dota2Spire:Desolator":12,"Darkstone Periapt":0,"SharpPlug":5,"vexMod:Spyglass":20,"Dream Catcher":5,"Nunchaku":18,"Chameleon Ring":6,"qcfpunch:Green_Leotard":0,"Pantograph":41,"qcfpunch:Necklace_of_Skulls":0,"qcfpunch:Wrestler\u0027s_Cloak":0,"hubris:IronBody":41,"Red Skull":1,"DemoMod:JetPack":41,"Runic Pyramid":16,"qcfpunch:Army_Boots":0,"DoctorsRemote":5,"Guide Book":5,"Quantum Egg":21,"Replay:WaspNest":4,"AT_BladeRuinedKing":20,"Dota2Spire:BattleFury":32,"vexMod:FocusSash":39,"qcfpunch:White_Boots":0,"Medical Kit":39,"White Beast Statue":19,"jedi:fakemustache":39,"Anchor":26,"vexMod:BarristanHead":19,"vexMod:HeadHunter":21,"qcfpunch:Fighting_Gloves":21,"qcfpunch:Red_Headband":40,"DemoMod:Bottle":20,"ReplayTheSpireMod:ShopPack":6}],"Toy Ornithopter":0},"card_choices":[{"not_picked":[],"picked":"DoctorFetus","floor":0.0},{"not_picked":["hexamod:FirstSeal","hexamod:FourthSeal"],"picked":"hexamod:SixthSeal","floor":2.0},{"not_picked":["Burning Pact","Thunderclap"],"picked":"Fire Breathing","floor":3.0},{"not_picked":["Run Through","Intimidate"],"picked":"Bomb","floor":3.0},{"not_picked":["True Grit","Pommel Strike"],"picked":"DemoMod:WhiteBlade","floor":3.0},{"not_picked":["Headbutt","Warcry"],"picked":"AT_IchimonjiDouble","floor":3.0},{"not_picked":["hexamod:FirstSeal","hexamod:SecondSeal"],"picked":"hexamod:ThirdSeal","floor":4.0},{"not_picked":["REME_FearOfPain","Entrench"],"picked":"ReplayTheSpireMod:Limb From Limb","floor":6.0},{"not_picked":["Gash","Barrage","Ball Lightning"],"picked":"SKIP","floor":6.0},{"not_picked":["expansioncontent:DashGenerateEvil","DemoMod:Deposit"],"picked":"REME_EyeOfCthun","floor":7.0},{"not_picked":["AT_Homeward","Replay:Parry"],"picked":"jedi:forcepull","floor":7.0},{"not_picked":["Good Instincts","SuicideKing"],"picked":"REME_MagicPocketWatch","floor":7.0},{"not_picked":["hexamod:SecondSeal","hexamod:SixthSeal"],"picked":"hexamod:FirstSeal","floor":8.0},{"not_picked":["Ghostly Armor","Bomb"],"picked":"AT_CaressingTears","floor":8.0},{"not_picked":["Quick Slash","Cloak And Dagger","Well Laid Plans"],"picked":"SKIP","floor":8.0},{"not_picked":["Replay:Undeath\u0027s Touch","Bloodletting","True Grit"],"picked":"SKIP","floor":8.0},{"not_picked":["Spot Weakness","Cleave"],"picked":"Perfected Strike","floor":10.0},{"not_picked":["CrushJoints","ForeignInfluence","AT_RealFormLess"],"picked":"SKIP","floor":10.0},{"not_picked":["hexamod:ThirdSeal","hexamod:FirstSeal"],"picked":"hexamod:SecondSeal","floor":12.0},{"not_picked":["Massacre","Anger"],"picked":"jedi:unlimitedpower","floor":12.0},{"not_picked":["Redo","Undo","jedi:studyfrost"],"picked":"SKIP","floor":12.0},{"not_picked":["Sword Boomerang","Pommel Strike"],"picked":"Limit Break","floor":14.0},{"not_picked":["AT_StudyProgram","Reprogram","AT_ThunderBolt"],"picked":"SKIP","floor":14.0},{"not_picked":["hexamod:ThirdSeal","hexamod:FirstSeal"],"picked":"hexamod:FourthSeal","floor":16.0},{"not_picked":["Reaper","Bludgeon"],"picked":"jedi:bloodyhammer","floor":16.0},{"not_picked":["Wild Strike+1","Feel No Pain+1"],"picked":"DemoMod:BlackBlade","floor":23.0},{"not_picked":["hexamod:FirstSeal","hexamod:SecondSeal"],"picked":"hexamod:SixthSeal","floor":25.0},{"not_picked":["Replay:Many Hands","Double Tap"],"picked":"REME_ACTH","floor":27.0},{"not_picked":["AT_BodySlamDance+1","Clothesline","Second Wind"],"picked":"SKIP","floor":27.0},{"not_picked":["Bludgeon","Replay:Many Hands"],"picked":"AT_Dispersion","floor":29.0},{"not_picked":["Iron Wave","ReplayTheSpireMod:Strike From Hell","Fiend Fire"],"picked":"SKIP","floor":29.0},{"not_picked":["Iron Wave","Fiend Fire"],"picked":"ReplayTheSpireMod:Strike From Hell","floor":29.0},{"not_picked":["REME_Fury","Berserk"],"picked":"AT_Dispersion","floor":30.0},{"not_picked":["Warcry","Thunderclap","ReplayTheSpireMod:Corrosion Curse"],"picked":"SKIP","floor":30.0},{"not_picked":["Exhume","Berserk"],"picked":"AT_Dispersion","floor":31.0},{"not_picked":["Dark Embrace","Run Through","Burning Pact"],"picked":"SKIP","floor":31.0},{"not_picked":["Perfected Strike","Wild Strike+1","True Grit"],"picked":"SKIP","floor":31.0},{"not_picked":["hexamod:FourthSeal","hexamod:SecondSeal"],"picked":"hexamod:FirstSeal","floor":33.0},{"not_picked":[],"picked":"REME_Fury","floor":37.0},{"not_picked":["hubris:StunningStrike","Replay:Many Hands"],"picked":"Exhume","floor":40.0},{"not_picked":["jedi:suffering","Battle Trance"],"picked":"REME_TheLastStrike","floor":40.0},{"not_picked":["Offering","REME_Fury"],"picked":"Exhume","floor":42.0},{"not_picked":["REME_TheLastStrike","Dropkick"],"picked":"REME_Scribble","floor":42.0},{"not_picked":["Berserk","Fiend Fire","Double Tap"],"picked":"SKIP","floor":45.0},{"not_picked":["Immolate","Armaments+1","ReplayTheSpireMod:Muscle Training"],"picked":"SKIP","floor":45.0},{"not_picked":["REME_TheLastStrike","Brutality","Offering"],"picked":"SKIP","floor":47.0},{"not_picked":["AT_GerminateFire","Clothesline","Metallicize"],"picked":"SKIP","floor":47.0},{"not_picked":["Infernal Blade","Impervious","REME_Scribble"],"picked":"Singing Bowl","floor":50.0}],"player_experience":126662,"relics_obtained":[{"floor":1.0,"key":"Red Skull"},{"floor":2.0,"key":"King of Hearts"},{"floor":4.0,"key":"AT_ChloranthyRing"},{"floor":6.0,"key":"vexMod:BerryBomb"},{"floor":8.0,"key":"TheBean"},{"floor":9.0,"key":"Golden Egg"},{"floor":10.0,"key":"AT_SilvercatRing"},{"floor":12.0,"key":"Dota2Spire:Desolator"},{"floor":14.0,"key":"DemoMod:ResourcefulSack"},{"floor":18.0,"key":"Nunchaku"},{"floor":19.0,"key":"Happy Flower"},{"floor":21.0,"key":"Replay:Bottled Flurry"},{"floor":23.0,"key":"vexMod:HeadHunter"},{"floor":25.0,"key":"Dota2Spire:UrnOfShadows"},{"floor":26.0,"key":"AT_SunfireAegis"},{"floor":27.0,"key":"Anchor"},{"floor":28.0,"key":"Replay:Baseball"},{"floor":29.0,"key":"StrikeDummy"},{"floor":31.0,"key":"Dota2Spire:BattleFury"},{"floor":35.0,"key":"Turnip"},{"floor":36.0,"key":"Simple Rune"},{"floor":40.0,"key":"qcfpunch:Red_Headband"},{"floor":42.0,"key":"Oddly Smooth Stone"},{"floor":43.0,"key":"hubris:IronBody"},{"floor":45.0,"key":"Lantern"},{"floor":46.0,"key":"vexMod:MemoryStick"},{"floor":47.0,"key":"DemoMod:ClearGuonStone"},{"floor":48.0,"key":"Dota2Spire:BladeMail"}],"event_choices":[],"is_beta":false,"boss_relics":[{"not_picked":["REME_DemonsWealth","vexMod:EndlessSickness"],"picked":"Runic Pyramid"},{"not_picked":[]},{"not_picked":["Fusion Hammer","jedi:battlestandard"],"picked":"Dota2Spire:RefresherOrb"},{"not_picked":[]}],"items_purged_floors":[3,7,20,22,24,38,39,44],"is_endless":true,"potions_floor_spawned":[1,6,8,10,19,21,23,25,27,28,29,30,31,33,35,36,40,42,45,46,47,48,50],"killed_by":"Donu and Deca","ascension_level":20}}