{"host":"26mrfot5w7uj2ebc","time":1610019483,"event":{"mods":["AchievementEnabler","BaseMod","Colored Map","Curses Come First","Minty Spire (QoL Compilation)","StSLib"],"gold_per_floor":[116,136,150,100,120,152,152,152,152,162,162,162,180,32,32,133,133,146,146,156,81,81,81,115,135,210,230,230,8,8,8,8,105,105,125,125,63,1062,52,65,100,100,100,100,100,100,130,140,140,140,140],"floor_reached":50,"playtime":2050,"items_purged":["Strike_B","Strike_B","Normality"],"score":566,"play_id":"5d37178b-ced9-4dab-9c06-f01d5befa59f","local_time":"20210107203803","is_ascension_mode":false,"campfire_choices":[{"data":"Sunder","floor":7.0,"key":"SMITH"},{"floor":11.0,"key":"REST"},{"data":"Consume","floor":15.0,"key":"SMITH"},{"data":"Zap","floor":23.0,"key":"SMITH"},{"floor":28.0,"key":"REST"},{"floor":32.0,"key":"REST"},{"floor":42,"key":"REST"},{"floor":44,"key":"REST"},{"data":"Apotheosis","floor":46,"key":"SMITH"},{"floor":49,"key":"REST"}],"circlet_count":0,"master_deck":["Strike_B+1","Defend_B","Defend_B","Zap+1","Dualcast","Ball Lightning","Coolheaded","Compile Driver+1","Ball Lightning","Sunder+1","Stack","Consume+1","Electrodynamics","Ball Lightning","Defragment","Apotheosis+1","Shame","Madness","Madness","Genetic Algorithm","Normality","Doubt","Master of Strategy","Ball Lightning","Steam+1"],"relics":["Cracked Core","NeowsBlessing","Whetstone","Shuriken","Eternal Feather","Symbiotic Virus","Busted Crown","Mummified Hand","The Courier","Pear","Cursed Key","Juzu Bracelet","PreservedInsect","Anchor","Medical Kit","Mercury Hourglass","StoneCalendar","Ancient Tea Set","Happy Flower","Oddly Smooth Stone"],"acts_visited":["Exordium","TheCity","TheBeyond"],"potions_floor_usage":[41,41,50,50],"damage_taken":[{"damage":0.0,"enemies":"Cultist","floor":1.0,"turns":1.0},{"damage":0.0,"enemies":"2 Louse","floor":2.0,"turns":1.0},{"damage":0.0,"enemies":"Jaw Worm","floor":3.0,"turns":1.0},{"damage":12.0,"enemies":"Blue Slaver","floor":5.0,"turns":3.0},{"damage":22.0,"enemies":"Lagavulin","floor":6.0,"turns":5.0},{"damage":14.0,"enemies":"Lots of Slimes","floor":10.0,"turns":3.0},{"damage":10.0,"enemies":"Looter","floor":13.0,"turns":2.0},{"damage":37.0,"enemies":"The Guardian","floor":16.0,"turns":9.0},{"damage":7.0,"enemies":"3 Byrds","floor":18.0,"turns":3.0},{"damage":10.0,"enemies":"Spheric Guardian","floor":20.0,"turns":3.0},{"damage":21.0,"enemies":"Book of Stabbing","floor":24.0,"turns":5.0},{"damage":15.0,"enemies":"Centurion and Healer","floor":25.0,"turns":3.0},{"damage":12.0,"enemies":"3 Cultists","floor":27.0,"turns":3.0},{"damage":32.0,"enemies":"Colosseum Slavers","floor":31.0,"turns":4.0},{"damage":34.0,"enemies":"Automaton","floor":33.0,"turns":6.0},{"damage":18.0,"enemies":"Orb Walker","floor":35.0,"turns":3.0},{"damage":0,"enemies":"3 Darklings","floor":40,"turns":2},{"damage":45,"enemies":"Giant Head","floor":41,"turns":8},{"damage":20,"enemies":"Reptomancer","floor":47,"turns":4},{"damage":21,"enemies":"Writhing Mass","floor":48,"turns":5},{"damage":111,"enemies":"Time Eater","floor":50,"turns":8}],"seed_played":"6132458186573422514","potions_obtained":[{"floor":1.0,"key":"Weak Potion"},{"floor":3.0,"key":"GamblersBrew"},{"floor":10.0,"key":"Ancient Potion"},{"floor":13.0,"key":"EssenceOfDarkness"},{"floor":18.0,"key":"Explosive Potion"},{"floor":24.0,"key":"Dexterity Potion"},{"floor":47,"key":"LiquidMemories"}],"is_trial":false,"path_per_floor":["M","M","M","?","M","E","R","?","T","M","R","T","M","$","R","B",null,"M","?","M","?","?","R","E","M","T","M","R","$","?","?","R","B",null,"M","?","$","?","$","M","E","R","T","R","?","R","E","M","R","B"],"character_chosen":"DEFECT","items_purchased":["Consume","Apotheosis","Genetic Algorithm","Juzu Bracelet","PreservedInsect","Anchor","Medical Kit","Mercury Hourglass","StoneCalendar"],"campfire_rested":6,"item_purchase_floors":[14,29,37,39,39,39,39,39,39],"current_hp_per_floor":[75,75,75,75,63,41,41,34,34,20,48,48,38,38,47,10,75,68,68,58,58,58,67,46,31,31,19,50,50,60,28,62,28,85,67,56,56,56,56,56,11,48,48,85,85,85,65,44,84,0,0],"gold":140,"neow_bonus":"THREE_ENEMY_KILL","is_daily":false,"chose_seed":false,"campfire_upgraded":4,"win_rate":0.0,"timestamp":1610019483,"path_taken":["M","?","M","?","M","E","R","?","T","M","R","?","?","?","R","BOSS","M","?","M","?","?","R","E","M","T","M","R","$","?","?","R","BOSS","M","?","$","?","$","M","E","R","T","R","?","R","E","M","R","BOSS"],"items_purchased_type":["Card","Card","Card","Relic","Relic","Relic","Relic","Relic","Relic"],"build_version":"2020-12-22","purchased_purges":3,"victory":false,"max_hp_per_floor":[75,75,75,75,75,75,75,75,75,75,75,75,75,75,75,75,75,75,75,75,75,75,75,75,75,75,75,75,75,85,85,85,85,85,85,85,85,85,85,85,85,85,85,85,85,85,85,85,85,85,85],"card_choices":[{"not_picked":["Rip and Tear","Cold Snap"],"picked":"Ball Lightning","floor":1.0},{"not_picked":["Go for the Eyes","Beam Cell"],"picked":"Coolheaded","floor":2.0},{"not_picked":["Tempest","Multi-Cast"],"picked":"Compile Driver","floor":3.0},{"not_picked":["Double Energy","Steam"],"picked":"Ball Lightning","floor":5.0},{"not_picked":["Cold Snap","Steam"],"picked":"Sunder","floor":6.0},{"not_picked":["Rebound","Steam Power","Streamline"],"picked":"SKIP","floor":10.0},{"not_picked":["Conserve Battery","Cold Snap"],"picked":"Stack","floor":13.0},{"not_picked":["Creative AI","Reboot"],"picked":"Electrodynamics","floor":16.0},{"not_picked":[],"picked":"Ball Lightning","floor":18.0},{"not_picked":["Undo"],"picked":"SKIP","floor":20.0},{"not_picked":["Fusion+1"],"picked":"SKIP","floor":24.0},{"not_picked":[],"picked":"Defragment","floor":25.0},{"not_picked":["Barrage"],"picked":"SKIP","floor":27.0},{"not_picked":["Streamline"],"picked":"SKIP","floor":35.0},{"not_picked":["Sweeping Beam+1"],"picked":"SKIP","floor":40},{"not_picked":["Tempest+1"],"picked":"SKIP","floor":41},{"not_picked":[],"picked":"Master of Strategy","floor":45},{"not_picked":[],"picked":"Ball Lightning","floor":47},{"not_picked":[],"picked":"Steam+1","floor":48}],"player_experience":226879,"relics_obtained":[{"floor":6.0,"key":"Whetstone"},{"floor":9.0,"key":"Eternal Feather"},{"floor":12.0,"key":"Symbiotic Virus"},{"floor":24.0,"key":"Mummified Hand"},{"floor":26.0,"key":"The Courier"},{"floor":41,"key":"Ancient Tea Set"},{"floor":43,"key":"Happy Flower"},{"floor":47,"key":"Oddly Smooth Stone"}],"event_choices":[{"cards_removed":["Strike_B"],"damage_healed":0.0,"max_hp_gain":0.0,"max_hp_loss":0.0,"gold_gain":0.0,"event_name":"The Cleric","player_choice":"Card Removal","floor":4.0,"gold_loss":50.0,"damage_taken":0.0},{"damage_healed":0.0,"max_hp_gain":0.0,"max_hp_loss":0.0,"gold_gain":0.0,"event_name":"Scrap Ooze","player_choice":"Success","floor":8.0,"gold_loss":0.0,"damage_taken":7.0,"relics_obtained":["Shuriken"]},{"damage_healed":0.0,"max_hp_gain":0.0,"max_hp_loss":0.0,"gold_gain":0.0,"event_name":"Vampires","player_choice":"Ignored","floor":19.0,"gold_loss":0.0,"damage_taken":0.0},{"cards_removed":["Defend_B"],"damage_healed":0.0,"max_hp_gain":0.0,"max_hp_loss":0.0,"gold_gain":0.0,"event_name":"Beggar","player_choice":"Gave Gold","floor":21.0,"gold_loss":75.0,"damage_taken":0.0},{"cards_removed":["Defend_B"],"damage_healed":0.0,"max_hp_gain":0.0,"max_hp_loss":0.0,"gold_gain":0.0,"event_name":"Back to Basics","player_choice":"Elegance","floor":22.0,"gold_loss":0.0,"damage_taken":0.0},{"damage_healed":0.0,"max_hp_gain":0.0,"max_hp_loss":0.0,"gold_gain":0.0,"event_name":"Addict","player_choice":"Stole Relic","floor":30.0,"gold_loss":0.0,"damage_taken":0.0,"relics_obtained":["Pear"],"cards_obtained":["Shame"]},{"damage_healed":0.0,"max_hp_gain":0.0,"max_hp_loss":0.0,"gold_gain":0.0,"event_name":"Colosseum","player_choice":"Fight","floor":31.0,"gold_loss":0.0,"damage_taken":0.0},{"damage_healed":0.0,"max_hp_gain":0.0,"max_hp_loss":0.0,"gold_gain":0.0,"event_name":"Colosseum","player_choice":"Fled From Nobs","floor":31.0,"gold_loss":0.0,"damage_taken":0.0},{"damage_healed":0.0,"max_hp_gain":0.0,"max_hp_loss":0.0,"gold_gain":0.0,"event_name":"Winding Halls","player_choice":"Embrace Madness","floor":36.0,"gold_loss":0.0,"damage_taken":11.0,"cards_obtained":["Madness","Madness"]},{"damage_healed":0.0,"max_hp_gain":0.0,"max_hp_loss":0.0,"gold_gain":999.0,"event_name":"MindBloom","player_choice":"Gold","floor":38.0,"gold_loss":0.0,"damage_taken":0.0,"cards_obtained":["Normality","Normality"]},{"damage_healed":0,"gold_gain":0,"player_choice":"Memory 1","damage_taken":0,"max_hp_gain":0,"max_hp_loss":0,"event_name":"SensoryStone","floor":45,"gold_loss":0}],"is_beta":false,"boss_relics":[{"not_picked":["Runic Dome","Coffee Dripper"],"picked":"Busted Crown"},{"not_picked":["Fusion Hammer","Snecko Eye"],"picked":"Cursed Key"}],"items_purged_floors":[14,29,39],"is_endless":false,"potions_floor_spawned":[1,3,10,13,16,18,24,25,40,47],"killed_by":"Time Eater","ascension_level":0}}