{"host":"0ueeacaatm8t6jyh","time":1610017110,"event":{"mods":["AchievementEnabler","BaseMod","Colored Powertips","Minty Spire (QoL Compilation)","Quick Restart","Rare Cards Sparkle","StSLib"],"gold_per_floor":[113,113,113,188,138,166,166,178,178,205,216,102,116,134,134,232,232,248,266,62,62,62,62,87,106,187,212,228,228,228],"floor_reached":29,"playtime":2333,"items_purged":["Strike_P","Strike_P"],"score":373,"play_id":"7e973cef-0724-4c03-9532-0ac1ead73d26","local_time":"20210107185830","is_ascension_mode":true,"campfire_choices":[{"data":"ConjureBlade","floor":7.0,"key":"SMITH"},{"data":"Adaptation","floor":15.0,"key":"SMITH"},{"data":"Tantrum","floor":23.0,"key":"SMITH"}],"circlet_count":0,"master_deck":["Strike_P","Defend_P+1","Defend_P","Defend_P+1","Eruption","Vigilance+1","ConjureBlade+1","Adaptation+1","InnerPeace","Tantrum+1","Prostrate","LessonLearned","CurseOfTheBell","Prostrate+1","Devotion","Meditate+1","SpiritShield+1","Worship+1"],"relics":["PureWater","NeowsBlessing","Eternal Feather","White Beast Statue","Toy Ornithopter","Tiny Chest","Calling Bell","Smiling Mask","Mummified Hand","Gambling Chip","Bag of Preparation","Toxic Egg 2","HornCleat","Molten Egg 2"],"acts_visited":["Exordium","TheCity"],"potions_floor_usage":[],"damage_taken":[{"damage":0.0,"enemies":"2 Louse","floor":1.0,"turns":2.0},{"damage":0.0,"enemies":"3 Sentries","floor":6.0,"turns":2.0},{"damage":0.0,"enemies":"Jaw Worm","floor":8.0,"turns":1.0},{"damage":14.0,"enemies":"Gremlin Nob","floor":10.0,"turns":4.0},{"damage":3.0,"enemies":"Small Slimes","floor":11.0,"turns":4.0},{"damage":16.0,"enemies":"2 Fungi Beasts","floor":13.0,"turns":4.0},{"damage":3.0,"enemies":"Blue Slaver","floor":14.0,"turns":2.0},{"damage":7.0,"enemies":"The Guardian","floor":16.0,"turns":5.0},{"damage":9.0,"enemies":"Chosen","floor":18.0,"turns":6.0},{"damage":26.0,"enemies":"3 Byrds","floor":19.0,"turns":2.0},{"damage":33.0,"enemies":"Slavers","floor":24.0,"turns":3.0},{"damage":10.0,"enemies":"3 Cultists","floor":25.0,"turns":5.0},{"damage":4.0,"enemies":"Gremlin Leader","floor":27.0,"turns":2.0},{"damage":4.0,"enemies":"Snecko","floor":28.0,"turns":5.0},{"damage":8,"enemies":"Masked Bandits","floor":29,"turns":1}],"seed_played":"2970424649896392142","potions_obtained":[{"floor":6.0,"key":"SpeedPotion"},{"floor":8.0,"key":"Energy Potion"},{"floor":10.0,"key":"SpeedPotion"},{"floor":11.0,"key":"DuplicationPotion"},{"floor":14.0,"key":"LiquidMemories"},{"floor":16.0,"key":"LiquidBronze"},{"floor":18.0,"key":"LiquidBronze"},{"floor":19.0,"key":"BottledMiracle"},{"floor":24.0,"key":"Swift Potion"},{"floor":25.0,"key":"LiquidMemories"},{"floor":27.0,"key":"LiquidBronze"},{"floor":28.0,"key":"SteroidPotion"}],"is_trial":false,"path_per_floor":["M","?","?","?","?","E","R","M","T","E","M","$","M","M","R","B",null,"M","M","$","?","?","R","E","M","T","E","M","?"],"character_chosen":"WATCHER","items_purchased":["InnerPeace","Bag of Preparation"],"campfire_rested":0,"item_purchase_floors":[12,20],"current_hp_per_floor":[72,72,65,54,54,54,60,60,60,51,48,48,32,34,40,38,64,60,44,44,31,31,37,9,4,4,10,6,0,0],"gold":228,"neow_bonus":"THREE_ENEMY_KILL","is_daily":false,"chose_seed":false,"campfire_upgraded":3,"win_rate":0.0,"timestamp":1610017110,"path_taken":["M","?","?","?","?","E","R","?","T","E","M","$","M","M","R","BOSS","M","M","$","?","?","R","E","M","T","E","M","?"],"items_purchased_type":["Card","Relic"],"build_version":"2020-12-22","purchased_purges":2,"victory":false,"max_hp_per_floor":[72,72,72,72,72,72,72,72,72,72,72,72,72,72,72,72,72,72,72,72,77,77,77,77,77,77,77,77,77,77],"card_choices":[{"not_picked":["FlurryOfBlows","EmptyBody","SashWhip"],"picked":"SKIP","floor":1.0},{"not_picked":["Consecrate","EmptyBody"],"picked":"ConjureBlade","floor":6.0},{"not_picked":["BowlingBash","BattleHymn","WaveOfTheHand"],"picked":"SKIP","floor":8.0},{"not_picked":["WaveOfTheHand","Study"],"picked":"Adaptation","floor":10.0},{"not_picked":["Protect","CrushJoints","FlyingSleeves"],"picked":"SKIP","floor":11.0},{"not_picked":["JustLucky","BowlingBash"],"picked":"Tantrum","floor":13.0},{"not_picked":["PathToVictory","ThirdEye"],"picked":"Prostrate","floor":14.0},{"not_picked":["Alpha","Wish"],"picked":"LessonLearned","floor":16.0},{"not_picked":["DeceiveReality","Consecrate","Collect"],"picked":"SKIP","floor":18.0},{"not_picked":["Wallop","DeceiveReality"],"picked":"Prostrate","floor":19.0},{"not_picked":["JustLucky","EmptyFist"],"picked":"Devotion","floor":24.0},{"not_picked":["Protect+1","PathToVictory+1"],"picked":"Meditate+1","floor":25.0},{"not_picked":["Study+1","DeceiveReality+1"],"picked":"SpiritShield+1","floor":27.0},{"not_picked":["ClearTheMind+1","Weave+1"],"picked":"Worship+1","floor":28.0}],"player_experience":339037,"relics_obtained":[{"floor":6.0,"key":"White Beast Statue"},{"floor":9.0,"key":"Toy Ornithopter"},{"floor":10.0,"key":"Tiny Chest"},{"floor":17.0,"key":"Smiling Mask"},{"floor":17.0,"key":"Mummified Hand"},{"floor":17.0,"key":"Gambling Chip"},{"floor":24.0,"key":"Toxic Egg 2"},{"floor":26.0,"key":"HornCleat"},{"floor":27.0,"key":"Molten Egg 2"}],"event_choices":[{"damage_healed":0.0,"max_hp_gain":0.0,"max_hp_loss":0.0,"gold_gain":0.0,"event_name":"Big Fish","player_choice":"Box","floor":2.0,"gold_loss":0.0,"damage_taken":0.0,"relics_obtained":["Eternal Feather"],"cards_obtained":["Regret"]},{"cards_removed":["Regret"],"damage_healed":0.0,"max_hp_gain":0.0,"max_hp_loss":0.0,"gold_gain":0.0,"event_name":"Golden Wing","player_choice":"Card Removal","floor":3.0,"gold_loss":0.0,"damage_taken":7.0},{"damage_healed":0.0,"max_hp_gain":0.0,"max_hp_loss":0.0,"gold_gain":75.0,"event_name":"World of Goop","player_choice":"Gather Gold","floor":4.0,"gold_loss":0.0,"damage_taken":11.0},{"cards_removed":["Defend_P"],"damage_healed":0.0,"max_hp_gain":0.0,"max_hp_loss":0.0,"gold_gain":0.0,"event_name":"The Cleric","player_choice":"Card Removal","floor":5.0,"gold_loss":50.0,"damage_taken":0.0},{"damage_healed":0.0,"max_hp_gain":5.0,"max_hp_loss":0.0,"gold_gain":0.0,"event_name":"Forgotten Altar","player_choice":"Shed Blood","floor":21.0,"gold_loss":0.0,"damage_taken":18.0},{"cards_removed":["Strike_P"],"damage_healed":0.0,"max_hp_gain":0.0,"max_hp_loss":0.0,"gold_gain":0.0,"event_name":"Back to Basics","player_choice":"Elegance","floor":22.0,"gold_loss":0.0,"damage_taken":0.0},{"damage_healed":0,"gold_gain":0,"player_choice":"Fought Bandits","damage_taken":0,"max_hp_gain":0,"max_hp_loss":0,"event_name":"Masked Bandits","floor":29,"gold_loss":0}],"is_beta":false,"boss_relics":[{"not_picked":["Busted Crown","SacredBark"],"picked":"Calling Bell"}],"items_purged_floors":[12,20],"is_endless":false,"potions_floor_spawned":[6,8,10,11,13,14,16,18,19,24,25,27,28],"killed_by":"Masked Bandits","ascension_level":5}}