{"host":"xbs6xfa3tvu21mfl","time":1610029591,"event":{"mods":["BaseMod","Lobotomy","Marisa£®ÏF”Í°°ƒß¿Ì…≥£©","Minty Spire (QoL Compilation)","Quick Restart","Reimu£®≤©¿ˆ¡È√Œ£©","Remilia£®¿Ÿ√◊¿Ú—«£©","StSLib"],"gold_per_floor":[113,63,14,14,14,14,14,26,26,60,78,89,105,137,137,236,236,247,284,209,225,244,244,244,244,293,3,17,47,63,98,98,239,239,258,258,88,88,108,108,162,199,225,255,268,280,297,312,312,312,312,312,60,112,112],"floor_reached":56,"playtime":5479,"items_purged":["Defend_RM"],"score":1240,"play_id":"aceded81-3c10-4e0a-abf0-26563d86df6f","local_time":"20210107222631","is_ascension_mode":false,"campfire_choices":[{"data":"RedMoon","floor":6.0,"key":"SMITH"},{"data":"BloodRain","floor":15.0,"key":"SMITH"},{"floor":23.0,"key":"RECALL"},{"data":"FitfulNightmare","floor":25.0,"key":"SMITH"},{"data":"BloodyHallows","floor":32.0,"key":"SMITH"},{"data":"HeartBreak","floor":40.0,"key":"SMITH"},{"data":"BloodAndWine","floor":49.0,"key":"SMITH"},{"data":"Finesse","floor":52.0,"key":"SMITH"}],"circlet_count":0,"master_deck":["Strike_RM","Strike_RM","Defend_RM","Defend_RM+1","RedMoon+1","ScarletShoot","QueenOfMidnight+1","BloodAndWine+1","BlasphemousPunishment","MastersStateliness","UnstableMagic","LeisurelyOfLord","Ultimatum","VampireKiss+1","HunterOfTheNight","BloodRain+1","BloodyHallows+1","VampireClaw+1","UnderTheZenith+1","ScarletCoffin","FitfulNightmare+1","FavorOfDestiny","NightDance","VampireFantasy","VampirishNight","MiserableFate+1","TransientEternity","ScarletImprint+1","HeartBreak+1","Finesse+1","BlasphemousPunishment","BloodAndWine+1","BombardNight+1","SuperhumanBloodyKnife+1","Panache","RedNightlessCastle"],"relics":["ScarletHat","War Paint","Potion Belt","Gambling Chip","Empty Cage","Oddly Smooth Stone","TungstenRod","Centennial Puzzle","Omamori","Busted Crown","Ancient Tea Set","ScarletDevilRocket","Anchor","Ginger","White Beast Statue","PureWhite:ReiMu"],"acts_visited":["Exordium","TheCity","TheBeyond","TheEnding"],"potions_floor_usage":[55,55,55],"damage_taken":[{"damage":0.0,"enemies":"2 Louse","floor":1.0,"turns":4.0},{"damage":10.0,"enemies":"Small Slimes","floor":8.0,"turns":2.0},{"damage":10.0,"enemies":"Gremlin Nob","floor":10.0,"turns":3.0},{"damage":10.0,"enemies":"Jaw Worm","floor":11.0,"turns":2.0},{"damage":10.0,"enemies":"Blue Slaver","floor":12.0,"turns":3.0},{"damage":10.0,"enemies":"Looter","floor":13.0,"turns":2.0},{"damage":12.0,"enemies":"3 Sentries","floor":14.0,"turns":12.0},{"damage":43.0,"enemies":"Hexaghost","floor":16.0,"turns":14.0},{"damage":26.0,"enemies":"Chosen","floor":18.0,"turns":4.0},{"damage":27.0,"enemies":"Spheric Guardian","floor":19.0,"turns":4.0},{"damage":29.0,"enemies":"Centurion and Healer","floor":21.0,"turns":4.0},{"damage":18.0,"enemies":"Shelled Parasite and Fungi","floor":22.0,"turns":5.0},{"damage":20.0,"enemies":"Cultist and Chosen","floor":28.0,"turns":4.0},{"damage":33.0,"enemies":"Gremlin Leader","floor":29.0,"turns":4.0},{"damage":22.0,"enemies":"Snake Plant","floor":30.0,"turns":3.0},{"damage":25.0,"enemies":"3 Cultists","floor":31.0,"turns":3.0},{"damage":62.0,"enemies":"Automaton","floor":33.0,"turns":8.0},{"damage":32.0,"enemies":"3 Darklings","floor":35.0,"turns":4.0},{"damage":7.0,"enemies":"Orb Walker","floor":39.0,"turns":4.0},{"damage":11.0,"enemies":"Reptomancer","floor":41.0,"turns":3.0},{"damage":39.0,"enemies":"Jaw Worm Horde","floor":42.0,"turns":4.0},{"damage":35.0,"enemies":"Sphere and 2 Shapes","floor":44.0,"turns":3.0},{"damage":22.0,"enemies":"3 Darklings","floor":45.0,"turns":4.0},{"damage":30.0,"enemies":"Jaw Worm Horde","floor":46.0,"turns":4.0},{"damage":16.0,"enemies":"Sphere and 2 Shapes","floor":47.0,"turns":3.0},{"damage":0.0,"enemies":"3 Darklings","floor":48.0,"turns":2.0},{"damage":106.0,"enemies":"Awakened One","floor":50.0,"turns":8.0},{"damage":46.0,"enemies":"Shield and Spear","floor":54.0,"turns":5.0},{"damage":104,"enemies":"The Heart","floor":55,"turns":5}],"seed_played":"8371541288988952438","potions_obtained":[{"floor":8.0,"key":"GrandPatriotsElixir:ReiMu"},{"floor":10.0,"key":"Swift Potion"},{"floor":11.0,"key":"SpeedPotion"},{"floor":19.0,"key":"EssenceOfSteel"},{"floor":22.0,"key":"Regen Potion"},{"floor":28.0,"key":"DistilledChaos"},{"floor":29.0,"key":"Block Potion"},{"floor":29.0,"key":"GamblersBrew"},{"floor":30.0,"key":"Fire Potion"},{"floor":31.0,"key":"Regen Potion"},{"floor":31.0,"key":"PowerPotion"},{"floor":33.0,"key":"PowerPotion"},{"floor":39.0,"key":"Regen Potion"},{"floor":41.0,"key":"DistilledChaos"},{"floor":46.0,"key":"Strength Potion"},{"floor":47.0,"key":"LiquidMemories"},{"floor":48.0,"key":"BlessingOfTheForge"},{"floor":54.0,"key":"GrandPatriotsElixir:ReiMu"}],"is_trial":false,"path_per_floor":["M","?","$","?","?","R","$","M","T","E","M","M","M","E","R","B",null,"M","M","$","M","M","R","?","R","T","$","M","E","M","M","R","B",null,"M","?","$","?","M","R","E","M","T","M","M","M","M","M","R","B",null,"R","$","E","B",null],"character_chosen":"REMILIA","items_purchased":["BlasphemousPunishment","TungstenRod","HeartBreak","Finesse","Panache","RedNightlessCastle"],"campfire_rested":0,"item_purchase_floors":[3,27,37,37,53,53],"current_hp_per_floor":[75,75,75,72,72,72,72,75,75,75,75,75,75,71,71,49,75,75,74,74,74,73,73,73,73,73,73,75,75,72,78,78,62,78,76,76,76,76,82,82,82,73,73,75,86,86,86,86,86,87,89,89,89,85,89],"gold":112,"neow_bonus":"ONE_RANDOM_RARE_CARD","is_daily":false,"chose_seed":false,"campfire_upgraded":7,"win_rate":0.0,"timestamp":1610029591,"path_taken":["M","?","$","?","?","R","?","M","T","E","M","M","?","E","R","BOSS","M","M","$","M","M","R","?","R","T","$","?","E","M","M","R","BOSS","M","?","$","?","?","R","E","M","T","M","M","M","M","M","R","BOSS","R","$","E","BOSS"],"items_purchased_type":["Card","Relic","Card","Card","Card","Card"],"build_version":"2020-12-22","purchased_purges":1,"victory":true,"max_hp_per_floor":[75,75,75,75,75,75,75,75,75,75,75,75,75,75,75,75,75,75,75,75,75,75,75,75,75,75,75,75,75,75,78,78,78,78,78,78,78,78,82,82,82,86,86,86,86,86,86,86,86,89,89,89,89,89,89],"card_choices":[{"not_picked":["StarOfDavid","UltimateOffering"],"picked":"BloodAndWine","floor":1.0},{"not_picked":["BloodyTrap","StarOfDavid"],"picked":"MastersStateliness","floor":8.0},{"not_picked":["RedRainbow","Ultimatum"],"picked":"UnstableMagic","floor":10.0},{"not_picked":["ForbiddenFruit","VampireSweep"],"picked":"LeisurelyOfLord","floor":11.0},{"not_picked":["CharismaGuard","BombardNight"],"picked":"Ultimatum","floor":12.0},{"not_picked":["BloodyTrap","EndlessAdversity"],"picked":"GlobalNightmare","floor":13.0},{"not_picked":["Septette","ScarletDevil"],"picked":"VampireKiss","floor":13.0},{"not_picked":["DevilSight","MiserableFate"],"picked":"HunterOfTheNight","floor":14.0},{"not_picked":["ReincarnationDial","MastersStateliness"],"picked":"BloodRain","floor":14.0},{"not_picked":["ScarletCoffin","TransientEternity"],"picked":"BloodyHallows","floor":16.0},{"not_picked":["GlobalNightmare","DiffusionOfMisfortune","ChainGang"],"picked":"SKIP","floor":18.0},{"not_picked":["BloodHunter","BombardNight"],"picked":"VampireClaw","floor":19.0},{"not_picked":["BadLadyScramble","DiffusionOfMisfortune"],"picked":"UnderTheZenith+1","floor":21.0},{"not_picked":["EndlessAdversity+1","VampireKiss+1"],"picked":"ScarletCoffin","floor":21.0},{"not_picked":["BlasphemousPunishment","BloodyMagicSquare"],"picked":"FitfulNightmare","floor":22.0},{"not_picked":["Septette","BombardNight"],"picked":"FavorOfDestiny","floor":22.0},{"not_picked":["ReincarnationDial","RedRainbow+1"],"picked":"NightDance","floor":28.0},{"not_picked":["AfternoonTea","UnderTheZenith"],"picked":"VampireFantasy","floor":29.0},{"not_picked":["MiserableFate","NightDance"],"picked":"VampirishNight","floor":30.0},{"not_picked":["CharismaGuard","ScarletImprint"],"picked":"MiserableFate+1","floor":31.0},{"not_picked":["ScarletCoffin","BloodyCatastrophe"],"picked":"TransientEternity","floor":33.0},{"not_picked":[],"picked":"ScarletImprint+1","floor":35.0},{"not_picked":[],"picked":"BlasphemousPunishment","floor":39.0},{"not_picked":["BloodHunter+1"],"picked":"SKIP","floor":41.0},{"not_picked":[],"picked":"BloodAndWine","floor":42.0},{"not_picked":["GlobalNightmare"],"picked":"SKIP","floor":42.0},{"not_picked":["UnderTheZenith+1"],"picked":"SKIP","floor":44.0},{"not_picked":["AfternoonTea"],"picked":"SKIP","floor":45.0},{"not_picked":[],"picked":"BombardNight+1","floor":46.0},{"not_picked":["BlasphemousPunishment"],"picked":"SKIP","floor":47.0},{"not_picked":[],"picked":"SuperhumanBloodyKnife+1","floor":48.0},{"not_picked":["ScarletDevil+1"],"picked":"SKIP","floor":54.0}],"player_experience":97829,"relics_obtained":[{"floor":10.0,"key":"Potion Belt"},{"floor":14.0,"key":"Gambling Chip"},{"floor":26.0,"key":"Oddly Smooth Stone"},{"floor":29.0,"key":"Centennial Puzzle"},{"floor":29.0,"key":"Omamori"},{"floor":41.0,"key":"Ancient Tea Set"},{"floor":43.0,"key":"ScarletDevilRocket"},{"floor":44.0,"key":"Anchor"},{"floor":45.0,"key":"Ginger"},{"floor":46.0,"key":"White Beast Statue"},{"floor":54.0,"key":"PureWhite:ReiMu"}],"event_choices":[{"cards_removed":["Strike_RM"],"damage_healed":0.0,"max_hp_gain":0.0,"max_hp_loss":0.0,"gold_gain":0.0,"event_name":"The Cleric","player_choice":"Card Removal","floor":2.0,"gold_loss":50.0,"damage_taken":0.0},{"damage_healed":0.0,"max_hp_gain":0.0,"max_hp_loss":0.0,"gold_gain":0.0,"event_name":"Scrap Ooze","player_choice":"Success","floor":4.0,"gold_loss":0.0,"damage_taken":3.0,"relics_obtained":["War Paint"]},{"damage_healed":0.0,"max_hp_gain":0.0,"max_hp_loss":0.0,"gold_gain":0.0,"event_name":"Living Wall","player_choice":"Grow","floor":5.0,"gold_loss":0.0,"damage_taken":0.0,"cards_upgraded":["QueenOfMidnight"]},{"damage_healed":0.0,"max_hp_gain":0.0,"max_hp_loss":0.0,"gold_gain":0.0,"event_name":"NoteForYourself","player_choice":"Ignored","floor":24.0,"gold_loss":0.0,"damage_taken":0.0},{"damage_healed":0.0,"max_hp_gain":0.0,"max_hp_loss":0.0,"gold_gain":0.0,"event_name":"OrinTheCat","player_choice":"Ignored","floor":36.0,"gold_loss":0.0,"damage_taken":0.0},{"cards_removed":["GlobalNightmare"],"damage_healed":0.0,"max_hp_gain":0.0,"max_hp_loss":0.0,"gold_gain":0.0,"event_name":"Purifier","player_choice":"Purged","floor":38.0,"gold_loss":0.0,"damage_taken":0.0}],"is_beta":false,"boss_relics":[{"not_picked":["SacredBark","Runic Dome"],"picked":"Empty Cage"},{"not_picked":["Velvet Choker","Sozu"],"picked":"Busted Crown"}],"items_purged_floors":[20],"is_endless":false,"potions_floor_spawned":[8,10,11,19,29,31,33,41,42,46,47,48,54],"ascension_level":0}}