{"host":"nukjzc0ca34w6eem","time":1610009305,"event":{"mods":["2.2 Compatiblity","AchievementEnabler","BaseMod","Colored Powertips","Downfall","Minty Spire (QoL Compilation)","StSLib"],"gold_per_floor":[99,117,130,147,212,212,238,238,266,266,266,266],"floor_reached":10,"playtime":568,"items_purged":[],"score":84,"play_id":"62756929-1bf8-445d-862c-63bdcb2e9678","local_time":"20210107004825","is_ascension_mode":true,"campfire_choices":[{"data":"Slimebound:Split","floor":1,"key":"SMITH"},{"data":"Slimebound:Grow","floor":6,"key":"SMITH"},{"floor":8,"key":"REST"}],"circlet_count":0,"master_deck":["AscendersBane","Slimebound:Strike_Slimebound","Slimebound:Strike_Slimebound","Slimebound:Tackle","Slimebound:Defend_Slimebound","Slimebound:Defend_Slimebound","Slimebound:Defend_Slimebound","Slimebound:Defend_Slimebound","Slimebound:Split+1","Slimebound:CorrosiveSpit","Slimebound:Grow+1","Slimebound:BestDefense","Slimebound:RainOfGoop","Slimebound:GoopTackle","Slimebound:Overexert"],"relics":["Slimebound:AbsorbEndCombat","InkBottle","Slimebound:AggressiveSlimeRelic","Odd Mushroom"],"acts_visited":["Exordium"],"potions_floor_usage":[5,9],"damage_taken":[{"damage":12,"enemies":"Jaw Worm","floor":2,"turns":5},{"damage":13,"enemies":"2 Louse","floor":3,"turns":4},{"damage":18,"enemies":"Small Slimes","floor":4,"turns":4},{"damage":38,"enemies":"Gremlin Nob","floor":5,"turns":4},{"damage":40,"enemies":"The Mushroom Lair","floor":9,"turns":4},{"damage":19,"enemies":"3 Sentries","floor":10,"turns":2}],"seed_played":"-7095283141263608208","potions_obtained":[{"floor":2,"key":"LiquidMemories"},{"floor":3,"key":"Guardian:BlockOnCardUsePotion"}],"is_trial":false,"path_per_floor":["R","M","M","M","?","R","T","R","?","E"],"character_chosen":"SLIMEBOUND","items_purchased":[],"campfire_rested":1,"item_purchase_floors":[],"current_hp_per_floor":[54,56,55,51,25,25,25,43,27,8,8,8],"gold":266,"neow_bonus":"REMOVE_CARD","is_daily":false,"chose_seed":false,"campfire_upgraded":2,"win_rate":0.0,"timestamp":1610009305,"path_taken":["R","M","M","M","?","R","T","R","?","E"],"items_purchased_type":[],"build_version":"2020-12-22","purchased_purges":0,"victory":false,"max_hp_per_floor":[60,60,60,60,60,60,60,60,60,60,60,60],"card_choices":[{"not_picked":["Slimebound:HungryTackle","Slimebound:ForwardTackle"],"picked":"Slimebound:Grow","floor":2},{"not_picked":["Slimebound:GoopSpray","Slimebound:LivingWall"],"picked":"Slimebound:BestDefense","floor":3},{"not_picked":["Slimebound:Repurpose","Slimebound:SlimeSpikes"],"picked":"Slimebound:RainOfGoop","floor":4},{"not_picked":["Slimebound:SlimeBrawl","Slimebound:ViciousTackle"],"picked":"Slimebound:GoopTackle","floor":5},{"not_picked":["Slimebound:Replication","Slimebound:Grow"],"picked":"Slimebound:Overexert","floor":9}],"player_experience":507844,"relics_obtained":[{"floor":5,"key":"InkBottle"},{"floor":7,"key":"Slimebound:AggressiveSlimeRelic"},{"floor":9,"key":"Odd Mushroom"}],"event_choices":[{"damage_healed":0,"gold_gain":0,"player_choice":"Fought Mushrooms","damage_taken":0,"max_hp_gain":0,"max_hp_loss":0,"event_name":"Mushrooms","floor":9,"gold_loss":0}],"is_beta":false,"boss_relics":[],"items_purged_floors":[],"is_endless":false,"potions_floor_spawned":[2,3],"killed_by":"3 Sentries","ascension_level":10}}