{"host":"9ndbo4kgsfoemf7y","time":1610021724,"event":{"mods":["AchievementEnabler","BaseMod","Colored Map","DeckTracker","Keyboard Shortcuts","Minty Spire (QoL Compilation)","Permanent Neow","Quick Restart","Relic Stats","StSLib","SuperFastMode"],"gold_per_floor":[20,37,37,37,50,81,81,111,162,162,191,210,210,88,88,193,193,211,111,111,131,131,131],"floor_reached":22,"playtime":683,"items_purged":["Pain","Defend_B"],"score":253,"play_id":"13476ed7-c646-461a-a8de-c648ea0130fe","local_time":"20210107211524","is_ascension_mode":true,"campfire_choices":[{"data":"Zap","floor":7.0,"key":"SMITH"},{"floor":10.0,"key":"REST"},{"data":"Conserve Battery","floor":13.0,"key":"SMITH"},{"data":"Hologram","floor":15.0,"key":"SMITH"}],"circlet_count":0,"master_deck":["Defend_B","Defend_B","Defend_B","Zap+1","Dualcast","Core Surge","Ball Lightning","Skim","Amplify","Sweeping Beam","Rebound","Conserve Battery+1","Defragment","Hologram+1","Reboot","Storm+1","Rebound+1","Darkness+1","Heatsinks"],"relics":["Cracked Core","WarpedTongs","Kunai","Regal Pillow","Lantern","Strawberry","Astrolabe"],"acts_visited":["Exordium","TheCity"],"potions_floor_usage":[21],"damage_taken":[{"damage":0.0,"enemies":"Small Slimes","floor":1.0,"turns":2.0},{"damage":0.0,"enemies":"2 Louse","floor":2.0,"turns":2.0},{"damage":5.0,"enemies":"Cultist","floor":5.0,"turns":3.0},{"damage":27.0,"enemies":"Lagavulin","floor":6.0,"turns":5.0},{"damage":24.0,"enemies":"3 Sentries","floor":8.0,"turns":5.0},{"damage":23.0,"enemies":"Lagavulin","floor":11.0,"turns":4.0},{"damage":10.0,"enemies":"Exordium Wildlife","floor":12.0,"turns":3.0},{"damage":34.0,"enemies":"The Guardian","floor":16.0,"turns":9.0},{"damage":0.0,"enemies":"Chosen","floor":18.0,"turns":4.0},{"damage":28,"enemies":"2 Thieves","floor":21,"turns":3},{"damage":37,"enemies":"Shelled Parasite and Fungi","floor":22,"turns":5}],"seed_played":"-6293480786171602036","potions_obtained":[{"floor":6.0,"key":"ColorlessPotion"},{"floor":8.0,"key":"ColorlessPotion"},{"floor":11.0,"key":"FairyPotion"},{"floor":16.0,"key":"LiquidBronze"},{"floor":21,"key":"PotionOfCapacity"}],"is_trial":false,"path_per_floor":["M","M","?","?","M","E","R","E","T","R","E","M","R","$","R","B",null,"M","$","?","M","M"],"character_chosen":"DEFECT","items_purchased":["Hologram"],"campfire_rested":1,"item_purchase_floors":[14],"current_hp_per_floor":[75,75,75,75,70,43,43,19,19,56,40,30,30,30,30,24,68,68,68,60,32,0,0],"gold":131,"neow_bonus":"THREE_RARE_CARDS","is_daily":false,"chose_seed":false,"campfire_upgraded":3,"win_rate":0.0,"timestamp":1610021724,"path_taken":["M","M","?","?","?","E","R","E","T","R","E","M","R","$","R","BOSS","M","$","?","M","M"],"items_purchased_type":["Card"],"build_version":"2020-12-22","purchased_purges":2,"victory":false,"max_hp_per_floor":[75,75,75,75,75,75,75,75,75,75,82,82,82,82,82,82,82,82,82,82,82,82,82],"relic_stats":{"Regal Pillow":15,"counters":[11,45],"Astrolabe":["Storm","Rebound","Darkness"],"Kunai":[6],"obtain_stats":[{"Regal Pillow":8,"Lantern":9,"Strawberry":11,"Astrolabe":17,"Kunai":6,"Cracked Core":0,"WarpedTongs":4},{"Regal Pillow":5,"Lantern":5,"Strawberry":6,"Astrolabe":8,"Kunai":4,"Cracked Core":0,"WarpedTongs":2},{"Regal Pillow":17,"Lantern":17,"Strawberry":21,"Astrolabe":33,"Kunai":12,"Cracked Core":0,"WarpedTongs":4}],"WarpedTongs":[41]},"card_choices":[{"not_picked":["Buffer","Thunder Strike"],"picked":"Core Surge","floor":0.0},{"not_picked":["Coolheaded","Streamline"],"picked":"Ball Lightning","floor":1.0},{"not_picked":["Hologram","Cold Snap"],"picked":"Skim","floor":2.0},{"not_picked":["Barrage","Stack"],"picked":"Sweeping Beam","floor":5.0},{"not_picked":["Gash","Multi-Cast"],"picked":"Rebound","floor":6.0},{"not_picked":["Rebound","Reprogram"],"picked":"Conserve Battery","floor":8.0},{"not_picked":["Loop","Streamline"],"picked":"Defragment","floor":11.0},{"not_picked":["Storm","Barrage","Force Field"],"picked":"SKIP","floor":12.0},{"not_picked":["Amplify","Hyperbeam"],"picked":"Reboot","floor":16.0},{"not_picked":["Conserve Battery","Force Field"],"picked":"Heatsinks","floor":18.0},{"not_picked":["Sunder+1","Steam","Gash"],"picked":"SKIP","floor":21}],"player_experience":783393,"relics_obtained":[{"floor":6.0,"key":"Kunai"},{"floor":8.0,"key":"Regal Pillow"},{"floor":9.0,"key":"Lantern"},{"floor":11.0,"key":"Strawberry"}],"event_choices":[{"damage_healed":0.0,"max_hp_gain":0.0,"max_hp_loss":0.0,"gold_gain":0.0,"cards_transformed":["Strike_B"],"event_name":"Living Wall","player_choice":"Change","floor":3.0,"gold_loss":0.0,"damage_taken":0.0,"cards_obtained":["Amplify"]},{"damage_healed":0.0,"max_hp_gain":0.0,"max_hp_loss":0.0,"gold_gain":0.0,"event_name":"Accursed Blacksmith","player_choice":"Rummage","floor":4.0,"gold_loss":0.0,"damage_taken":0.0,"relics_obtained":["WarpedTongs"],"cards_obtained":["Pain"]},{"damage_healed":0.0,"max_hp_gain":0.0,"max_hp_loss":0.0,"gold_gain":0.0,"event_name":"Wheel of Change","player_choice":"Damaged","floor":20.0,"gold_loss":0.0,"damage_taken":8.0}],"is_beta":false,"boss_relics":[{"not_picked":["Empty Cage","Runic Dome"],"picked":"Astrolabe"}],"items_purged_floors":[14,19],"is_endless":false,"potions_floor_spawned":[6,8,11,16,21],"killed_by":"Shelled Parasite and Fungi","ascension_level":5}}