{"host":"kabf61oc9jgfwufg","time":1610034864,"event":{"mods":["AchievementEnabler","Act Like it!","Aspiration","BaseMod","Conspire","GifTheSpireLib","Halation","HexUI Lib","Hubris","Infinite Spire","Minty Spire (QoL Compilation)","Quick Restart","Rare Cards Sparkle","Replay The Spire","Shop Mod","StSLib","Waifu the Spire"],"gold_per_floor":[113,38,51,51,51,83,95,95,118,118,118,131,131,151,151,254,254,254,266,266,266],"floor_reached":20,"playtime":714,"items_purged":["Zap"],"score":199,"play_id":"bed9a0ca-0257-4f28-9858-811df96c68b0","local_time":"20210107155424","is_ascension_mode":false,"campfire_choices":[{"data":"Reprogram","floor":8,"key":"SMITH"},{"data":"Electrodynamics","floor":13,"key":"SMITH"},{"floor":15,"key":"DIG"}],"circlet_count":0,"master_deck":["conspire:GhostlyStrike","conspire:GhostlyStrike","conspire:GhostlyStrike","conspire:GhostlyStrike","conspire:GhostlyDefend+1","conspire:GhostlyDefend","conspire:GhostlyDefend","Dualcast","Reprogram+1","Streamline+1","Electrodynamics+1","CommonCold","BootSequence","Static Discharge","Redo"],"relics":["Cracked Core","infinitespire:SolderingIron","Replay:Mystery Machine","ReplayTheSpireMod:Ring of Addiction","Chameleon Ring","Toy Ornithopter","Replay:Kaleidoscope","Black Star"],"acts_visited":["Exordium","TheCity"],"potions_floor_usage":[6,12,16,16,16],"damage_taken":[{"damage":0,"enemies":"Small Slimes","floor":1,"turns":3},{"damage":6,"enemies":"Jaw Worm","floor":3,"turns":3},{"damage":27,"enemies":"Lagavulin","floor":6,"turns":5},{"damage":6,"enemies":"2 Louse","floor":7,"turns":2},{"damage":0,"enemies":"2 Fungi Beasts","floor":12,"turns":2},{"damage":5,"enemies":"Looter","floor":14,"turns":4},{"damage":38,"enemies":"Fading Forest","floor":16,"turns":11},{"damage":0,"enemies":"3 Byrds","floor":18,"turns":1},{"damage":32,"enemies":"Shell Parasite","floor":19,"turns":5},{"damage":57,"enemies":"Snecko","floor":20,"turns":5}],"seed_played":"-4779573775509850539","potions_obtained":[{"floor":1,"key":"AttackPotion"},{"floor":10,"key":"Death Potion"},{"floor":10,"key":"Explosive Potion"},{"floor":10,"key":"Venom Potion"},{"floor":14,"key":"LiquidBronze"}],"is_trial":false,"path_per_floor":["M","$","M","?","?","E","M","R","T","?","?","M","R","M","R","B",null,"M","M","M"],"character_chosen":"DEFECT","items_purchased":[],"campfire_rested":0,"item_purchase_floors":[],"current_hp_per_floor":[75,75,69,69,54,27,21,21,21,21,21,26,26,21,21,8,73,73,41,0,0],"gold":266,"neow_bonus":"TRANSFORM_CARD","is_daily":false,"chose_seed":false,"campfire_upgraded":2,"win_rate":0.0,"timestamp":1610034864,"path_taken":["M","$","M","?","?","E","M","R","T","?","?","M","R","M","R","BOSS","M","M","M"],"items_purchased_type":[],"build_version":"2020-12-22","purchased_purges":1,"victory":false,"max_hp_per_floor":[75,75,75,75,75,75,75,75,75,75,75,75,75,75,75,73,73,73,73,71,71],"card_choices":[{"not_picked":["ReplayTheSpireMod:Dual Polarity","Ball Lightning"],"picked":"Streamline","floor":1},{"not_picked":["Beam Cell","ReplayTheSpireMod:Calculation Training","Tempest"],"picked":"SKIP","floor":3},{"not_picked":["ReplaySolidLightProjector","Auto Shields","Redo"],"picked":"SKIP","floor":6},{"not_picked":["Cold Snap","ReplayTheSpireMod:System Scan"],"picked":"Electrodynamics","floor":7},{"not_picked":["Sweeping Beam","Capacitor","Fusion"],"picked":"SKIP","floor":12},{"not_picked":["conspire:Rain","FIFO Queue"],"picked":"BootSequence","floor":14},{"not_picked":["BootSequence","aspiration:Polymerization"],"picked":"Static Discharge","floor":18},{"not_picked":["Beam Cell","Coolheaded"],"picked":"Redo","floor":19}],"player_experience":65584,"relics_obtained":[{"floor":6,"key":"infinitespire:SolderingIron"},{"floor":9,"key":"Replay:Mystery Machine"},{"floor":10,"key":"ReplayTheSpireMod:Ring of Addiction"},{"floor":10,"key":"Chameleon Ring"},{"floor":10,"key":"Toy Ornithopter"},{"floor":15,"key":"Replay:Kaleidoscope"}],"event_choices":[{"damage_healed":0,"gold_gain":0,"player_choice":"Entered Light","damage_taken":15,"max_hp_gain":0,"max_hp_loss":0,"event_name":"Shining Light","floor":5,"gold_loss":0,"cards_upgraded":["Streamline","Defend_B"]},{"damage_healed":0,"gold_gain":0,"player_choice":"Agree","damage_taken":0,"max_hp_gain":0,"max_hp_loss":0,"event_name":"conspire:LoneGhost","floor":11,"gold_loss":0}],"is_beta":false,"boss_relics":[{"not_picked":["Velvet Choker","halation:SmartPhone"],"picked":"Black Star"}],"items_purged_floors":[2],"is_endless":false,"potions_floor_spawned":[1,14],"killed_by":"Snecko","ascension_level":0}}