{"host":"r0egjz7yisbmym81","time":1610043128,"event":{"mods":["ATMod(°¢èªMod)","Act Like it!","BaseMod","Downfall","Minty Spire (QoL Compilation)","Quick Restart","Relic Stats","Spicy Shops","StSLib"],"gold_per_floor":[99,110,110,110,125,152,152,182,195,195,295,145,31,46,61,156,156,156,156,171,187,187,220,246,257,269,294,306,332,257,82,96,198,198,198,198,211,230,127,127,127,127],"floor_reached":40,"playtime":8992,"items_purged":["hexamod:Strike","hexamod:Strike"],"score":533,"play_id":"1924347e-16f7-4a35-ae03-732b82e86132","local_time":"20210108021208","is_ascension_mode":false,"campfire_choices":[{"floor":1.0,"key":"RECALL"},{"floor":12.0,"key":"REST"},{"data":"hexamod:TimeWarp","floor":18.0,"key":"SMITH"},{"data":"hexamod:WildfireWeapon","floor":30.0,"key":"SMITH"},{"floor":35.0,"key":"REST"}],"circlet_count":0,"master_deck":["hexamod:Strike+1","hexamod:Defend","hexamod:Defend+1","hexamod:Sear","hexamod:Float+1","hexamod:GhostLash","hexamod:StepThrough","hexamod:HeatMetal","hexamod:EmpoweredFlame","hexamod:Again","hexamod:GhostLash","hexamod:WildfireWeapon+1","hexamod:HauntingEcho","hexamod:FastForward","hexamod:TimeWarp+1","hexamod:TimeWarp+1","hexamod:NightmareStrike+1","hexamod:ThirdSeal","hexamod:FastForward","hexamod:FourthSeal","hexamod:RadiantFlame","hexamod:StepThrough","hexamod:EtherealExpedition+1","hexamod:FastForward","hexamod:DynamicBlow","hexamod:TurnItUp","hexamod:InspiringFlames+1","hexamod:EmpoweredFlame+1","hexamod:EtherealExpedition+1","hexamod:FastForward","hexamod:SixthSeal","hexamod:EmpoweringStance","hexamod:FastForward","hexamod:SwordOfDarkness+1","hexamod:GhostShield+1","hexamod:VolcanoVisage","hexamod:RadiantFlame","hexamod:PhantomFireball+1"],"relics":["hexamod:SpiritBrand","InkBottle","HornCleat","Matryoshka","Sundial","White Beast Statue","downfall:HeartBlessingRed","downfall:HeartBlessingGreen","hexamod:IceCube","Pear","Ornamental Fan","Thread and Needle","hexamod:SoulConsumer","downfall:HeartBlessingBlue","Fusion Hammer","Molten Egg 2"],"acts_visited":["TheCity","TheBeyond"],"potions_floor_usage":[],"damage_taken":[{"damage":1.0,"enemies":"Jaw Worm","floor":2.0,"turns":4.0},{"damage":1.0,"enemies":"2 Louse","floor":5.0,"turns":2.0},{"damage":23.0,"enemies":"Lagavulin","floor":6.0,"turns":8.0},{"damage":4.0,"enemies":"3 Sentries","floor":8.0,"turns":8.0},{"damage":0.0,"enemies":"Small Slimes","floor":9.0,"turns":3.0},{"damage":10.0,"enemies":"downfall:LadyInBlue","floor":11.0,"turns":6.0},{"damage":0.0,"enemies":"downfall:FleeingMerchant","floor":13.0,"turns":4.0},{"damage":16.0,"enemies":"Exordium Thugs","floor":14.0,"turns":4.0},{"damage":1.0,"enemies":"Red Slaver","floor":15.0,"turns":2.0},{"damage":23.0,"enemies":"downfall:Silent","floor":16.0,"turns":6.0},{"damage":0.0,"enemies":"Spheric Guardian","floor":20.0,"turns":3.0},{"damage":0.0,"enemies":"Snecko","floor":21.0,"turns":4.0},{"damage":0.0,"enemies":"Cultist and Chosen","floor":22.0,"turns":4.0},{"damage":12.0,"enemies":"Gremlin Leader","floor":23.0,"turns":5.0},{"damage":0.0,"enemies":"Snake Plant","floor":25.0,"turns":4.0},{"damage":10.0,"enemies":"Sentry and Sphere","floor":26.0,"turns":4.0},{"damage":15.0,"enemies":"Book of Stabbing","floor":27.0,"turns":4.0},{"damage":5.0,"enemies":"Shelled Parasite and Fungi","floor":28.0,"turns":4.0},{"damage":12.0,"enemies":"Slavers","floor":29.0,"turns":4.0},{"damage":0.0,"enemies":"downfall:FleeingMerchant","floor":31.0,"turns":4.0},{"damage":15.0,"enemies":"Snecko","floor":32.0,"turns":5.0},{"damage":19.0,"enemies":"downfall:Ironclad","floor":33.0,"turns":6.0},{"damage":43.0,"enemies":"3 Shapes","floor":37.0,"turns":4.0},{"damage":0.0,"enemies":"Orb Walker","floor":38.0,"turns":4.0},{"damage":0.0,"enemies":"downfall:FleeingMerchant","floor":39.0,"turns":4.0},{"damage":0,"enemies":"Transient","floor":40,"turns":1}],"seed_played":"-4917047334099491687","potions_obtained":[{"floor":2.0,"key":"Fire Potion"},{"floor":11.0,"key":"BlessingOfTheForge"},{"floor":11.0,"key":"DistilledChaos"},{"floor":22.0,"key":"FairyPotion"},{"floor":28.0,"key":"Slimebound:ThreeZeroPotion"},{"floor":37.0,"key":"champ:CounterPotion"},{"floor":38.0,"key":"champ:CounterPotion"},{"floor":39.0,"key":"Fruit Juice"}],"is_trial":false,"path_per_floor":["R","M","?","?","M","E","T","E","M","?","?","R","$","M","M","B",null,"R","?","M","M","M","E","T","M","M","E","M","E","R","$","M","B",null,"R","?","M","M","$","M"],"character_chosen":"THE_SPIRIT","items_purchased":["hexamod:HauntingEcho","hexamod:EmpoweredFlame","Molten Egg 2","hexamod:RadiantFlame","hexamod:PhantomFireball+1"],"campfire_rested":2,"item_purchase_floors":[13,31,39,39,39],"current_hp_per_floor":[77,76,76,73,72,49,49,45,45,45,35,58,58,42,41,18,77,77,77,77,77,77,75,75,75,65,50,45,33,43,43,28,9,97,97,89,46,46,46,46,46,46],"gold":127,"neow_bonus":"TEN_PERCENT_HP_BONUS","is_daily":false,"chose_seed":false,"campfire_upgraded":2,"win_rate":0.0,"timestamp":1610043128,"path_taken":["R","M","?","?","M","E","T","E","M","?","?","R","$","M","M","BOSS","R","?","M","M","?","E","T","M","?","E","M","E","R","$","M","BOSS","R","?","M","M","$","M"],"items_purchased_type":["Card","Card","Relic","Card","Card"],"build_version":"2020-12-22","purchased_purges":2,"victory":false,"max_hp_per_floor":[77,77,77,77,77,77,77,77,77,77,77,77,77,77,77,77,77,77,77,77,77,77,87,87,87,87,87,87,87,97,97,97,97,97,97,97,97,97,97,97,97,97],"relic_stats":{"counters":[26,111],"Sundial":[6],"Ornamental Fan":[104],"obtain_stats":[{"Pear":23,"downfall:HeartBlessingRed":12,"downfall:HeartBlessingGreen":12,"Thread and Needle":27,"White Beast Statue":11,"HornCleat":6,"Matryoshka":7,"Sundial":8,"Ornamental Fan":24,"downfall:HeartBlessingBlue":30,"Molten Egg 2":39,"Fusion Hammer":34,"hexamod:SoulConsumer":29,"hexamod:SpiritBrand":0,"InkBottle":4,"hexamod:IceCube":17},{"Pear":14,"downfall:HeartBlessingRed":6,"downfall:HeartBlessingGreen":6,"Thread and Needle":17,"White Beast Statue":6,"HornCleat":3,"Matryoshka":3,"Sundial":4,"Ornamental Fan":14,"downfall:HeartBlessingBlue":19,"Molten Egg 2":25,"Fusion Hammer":22,"hexamod:SoulConsumer":19,"hexamod:SpiritBrand":0,"InkBottle":1,"hexamod:IceCube":10},{"Pear":63,"downfall:HeartBlessingRed":31,"downfall:HeartBlessingGreen":31,"Thread and Needle":75,"White Beast Statue":31,"HornCleat":14,"Matryoshka":14,"Sundial":22,"Ornamental Fan":63,"downfall:HeartBlessingBlue":83,"Molten Egg 2":110,"Fusion Hammer":98,"hexamod:SoulConsumer":83,"hexamod:SpiritBrand":0,"InkBottle":4,"hexamod:IceCube":47}],"InkBottle":[46]},"card_choices":[{"not_picked":["hexamod:ExtraCrispy","hexamod:Haunt"],"picked":"hexamod:GhostLash","floor":2.0},{"not_picked":["hexamod:NightmareGuise","hexamod:AdvancingGuard"],"picked":"hexamod:StepThrough","floor":5.0},{"not_picked":["hexamod:ShieldOfDarkness","hexamod:GhostLash"],"picked":"hexamod:HeatMetal","floor":6.0},{"not_picked":["hexamod:EtherealExpedition","hexamod:Hexaguard"],"picked":"hexamod:EmpoweredFlame","floor":8.0},{"not_picked":["hexamod:RetreatToShadows","hexamod:HauntingEcho"],"picked":"hexamod:Again","floor":9.0},{"not_picked":["hexamod:BurningTouch","hexamod:BacktrackSmack"],"picked":"hexamod:GhostLash","floor":11.0},{"not_picked":["hexamod:EtherealExpedition","hexamod:FirstSeal"],"picked":"hexamod:WildfireWeapon","floor":13.0},{"not_picked":["hexamod:RainOfEmbers","hexamod:HauntingEcho"],"picked":"hexamod:FastForward","floor":14.0},{"not_picked":["hexamod:PhantomFireball","hexamod:GhostShield","hexamod:FourthSeal"],"picked":"SKIP","floor":15.0},{"not_picked":["hexamod:TurnItUp","hexamod:SixthSeal"],"picked":"hexamod:TimeWarp","floor":16.0},{"not_picked":["hexamod:PhantomFireball","hexamod:Firestarter"],"picked":"hexamod:NightmareStrike+1","floor":20.0},{"not_picked":["hexamod:GhostShield","hexamod:HauntingEcho"],"picked":"hexamod:ThirdSeal","floor":21.0},{"not_picked":["hexamod:InspiringFlames","hexamod:BacktrackSmack"],"picked":"hexamod:FastForward","floor":22.0},{"not_picked":["hexamod:SwordOfDarkness","hexamod:SpectralAdrenaline","hexamod:BacktrackSmack"],"picked":"SKIP","floor":22.0},{"not_picked":["hexamod:HeatCrush","hexamod:BacktrackSmack"],"picked":"hexamod:FourthSeal","floor":23.0},{"not_picked":["hexamod:NightmareStrike","hexamod:TurnItUp"],"picked":"hexamod:RadiantFlame","floor":23.0},{"not_picked":["hexamod:SpectralAdrenaline","hexamod:RainOfEmbers"],"picked":"hexamod:StepThrough","floor":25.0},{"not_picked":["hexamod:ChargedBarrage","hexamod:GhostLash"],"picked":"hexamod:EtherealExpedition+1","floor":25.0},{"not_picked":["hexamod:InspiringFlames","hexamod:NightmareGuise"],"picked":"hexamod:FastForward","floor":26.0},{"not_picked":["hexamod:FourthSeal","hexamod:GhostOfSpirePresent+1"],"picked":"hexamod:DynamicBlow","floor":27.0},{"not_picked":["hexamod:HeatShield","hexamod:ChargedBarrage"],"picked":"hexamod:TurnItUp","floor":27.0},{"not_picked":["hexamod:RainOfEmbers+1","hexamod:GhostShield"],"picked":"hexamod:InspiringFlames+1","floor":28.0},{"not_picked":["hexamod:RainOfEmbers+1","hexamod:GhostflameBarrier+1","hexamod:RadiantFlame"],"picked":"SKIP","floor":28.0},{"not_picked":["hexamod:RainOfEmbers","hexamod:PhantomCloak","hexamod:ThermalTransfer"],"picked":"SKIP","floor":29.0},{"not_picked":["hexamod:EtherealExpedition","hexamod:GhostShield","hexamod:SpectersWail"],"picked":"SKIP","floor":31.0},{"not_picked":["hexamod:CatchUp","hexamod:Hexaguard+1"],"picked":"hexamod:EtherealExpedition+1","floor":32.0},{"not_picked":["hexamod:InspiringFlames","hexamod:Incineration"],"picked":"hexamod:FastForward","floor":32.0},{"not_picked":["hexamod:TimeWarp","hexamod:WildfireWeapon"],"picked":"hexamod:SixthSeal","floor":33.0},{"not_picked":["hexamod:ParanormalForm","hexamod:TurnItUp"],"picked":"hexamod:EmpoweringStance","floor":33.0},{"not_picked":["hexamod:SwordOfDarkness","hexamod:GhostLash"],"picked":"hexamod:FastForward","floor":37.0},{"not_picked":["hexamod:ShieldOfDarkness","hexamod:RainOfEmbers+1"],"picked":"hexamod:SwordOfDarkness+1","floor":37.0},{"not_picked":["hexamod:NightmareStrike+1","hexamod:HeatMetal"],"picked":"hexamod:GhostShield+1","floor":38.0},{"not_picked":["hexamod:BurningTouch+1","hexamod:ShieldOfDarkness"],"picked":"hexamod:VolcanoVisage","floor":39.0}],"player_experience":27606,"relics_obtained":[{"floor":6.0,"key":"HornCleat"},{"floor":7.0,"key":"Matryoshka"},{"floor":8.0,"key":"Sundial"},{"floor":11.0,"key":"White Beast Statue"},{"floor":23.0,"key":"Pear"},{"floor":24.0,"key":"Ornamental Fan"},{"floor":27.0,"key":"Thread and Needle"},{"floor":29.0,"key":"hexamod:SoulConsumer"}],"event_choices":[{"cards_removed":["hexamod:Defend"],"damage_healed":0.0,"max_hp_gain":0.0,"max_hp_loss":0.0,"gold_gain":0.0,"event_name":"The Cleric","player_choice":"Card Removal","floor":3.0,"gold_loss":0.0,"damage_taken":0.0},{"damage_healed":0.0,"max_hp_gain":0.0,"max_hp_loss":0.0,"gold_gain":0.0,"event_name":"Scrap Ooze","player_choice":"Success","floor":4.0,"gold_loss":0.0,"damage_taken":3.0,"relics_obtained":["InkBottle"]},{"damage_healed":0.0,"max_hp_gain":0.0,"max_hp_loss":0.0,"gold_gain":0.0,"event_name":"Duplicator","player_choice":"Copied","floor":19.0,"gold_loss":0.0,"damage_taken":0.0,"cards_obtained":["hexamod:TimeWarp"]}],"is_beta":false,"boss_relics":[{"not_picked":["Runic Dome","Tiny House"],"picked":"hexamod:IceCube"},{"not_picked":["Empty Cage","Runic Pyramid"],"picked":"Fusion Hammer"}],"items_purged_floors":[13,31],"is_endless":false,"potions_floor_spawned":[2,13,14,15,16,20,21,22,23,25,26,27,28,29,31,32,33,37,38,39],"killed_by":"Transient","ascension_level":0}}