{"host":"vknm03unwrfz4wfe","time":1610032174,"event":{"mods":["Act Like it!","BaseMod","CapriCore","Downfall","Friendly Minions","Lobotomy","Minty Spire (QoL Compilation)","Prisma Mod","Reimu¡]³Õ???¡^","Remilia¡]Á¢¦Ì²ú?¡^","StSLib","SuperFastMode","The Animator","The Cursed","The Hayseed","The Runesmith","The Servant 0.9.4","WarShipGirlsR/??¤Ö¤kR mod","Yakumo Yukari mod","Yuyuko"],"gold_per_floor":[13,13,33,33,47,47,60,60,134,134,134,209,284,308,308,308,308],"floor_reached":16,"playtime":413,"items_purged":[],"score":92,"play_id":"5b8e4a57-cbcb-4871-8954-4fe4e08f6070","local_time":"20210107230934","is_ascension_mode":false,"campfire_choices":[{"data":"TheSimpletonMod:ReapAndSow","floor":6,"key":"SMITH"},{"data":"TheSimpletonMod:Pruning","floor":8,"key":"SMITH"},{"data":"TheSimpletonMod:Sunseed","floor":15,"key":"SMITH"}],"circlet_count":0,"master_deck":["TheSimpletonMod:Strike_TheSimpleton","TheSimpletonMod:Strike_TheSimpleton","TheSimpletonMod:Strike_TheSimpleton","TheSimpletonMod:Strike_TheSimpleton","TheSimpletonMod:Defend_TheSimpleton","TheSimpletonMod:Defend_TheSimpleton","TheSimpletonMod:Defend_TheSimpleton","TheSimpletonMod:Defend_TheSimpleton","TheSimpletonMod:ReapAndSow+1","TheSimpletonMod:Biorefinement","TheSimpletonMod:Germinate","TheSimpletonMod:KeenEdge","TheSimpletonMod:Sunchoke","TheSimpletonMod:Pruning+1","TheSimpletonMod:Sunchoke","TheSimpletonMod:Sunseed+1"],"relics":["TheSimpletonMod:SpudOfTheInnocent","TheSimpletonMod:NightSoil","TheSimpletonMod:TheHarvester","Golden Idol","SsserpentHead","Vajra"],"acts_visited":["Exordium"],"potions_floor_usage":[16,16,16],"damage_taken":[{"damage":5,"enemies":"Small Slimes","floor":1,"turns":4},{"damage":13,"enemies":"Cultist","floor":3,"turns":5},{"damage":1,"enemies":"Jaw Worm","floor":5,"turns":4},{"damage":9,"enemies":"Red Slaver","floor":7,"turns":5},{"damage":12,"enemies":"Blue Slaver","floor":12,"turns":2},{"damage":10,"enemies":"Exordium Thugs","floor":14,"turns":4},{"damage":48,"enemies":"Slime Boss","floor":16,"turns":6}],"seed_played":"-4410450725304947840","potions_obtained":[{"floor":3,"key":"Dexterity Potion"},{"floor":7,"key":"Strength Potion"},{"floor":12,"key":"Explosive Potion"}],"is_trial":false,"path_per_floor":["M","?","M","?","M","R","M","R","T","?","?","M","T","M","R","B"],"character_chosen":"THE_SIMPLETON","items_purchased":[],"campfire_rested":0,"item_purchase_floors":[],"current_hp_per_floor":[74,56,47,47,46,46,37,37,37,62,62,50,50,40,40,0,0],"gold":308,"neow_bonus":"THREE_RARE_CARDS","is_daily":false,"chose_seed":false,"campfire_upgraded":3,"win_rate":0.0,"timestamp":1610032174,"path_taken":["M","?","M","?","M","R","?","R","T","?","?","?","?","M","R","BOSS"],"items_purchased_type":[],"build_version":"2020-12-22","purchased_purges":0,"victory":false,"max_hp_per_floor":[75,75,75,75,75,75,75,75,75,75,75,75,75,75,75,75,75],"card_choices":[{"not_picked":["TheSimpletonMod:FlashPasteurize","TheSimpletonMod:BirdFeeder"],"picked":"TheSimpletonMod:Biorefinement","floor":0},{"not_picked":["TheSimpletonMod:DoubleBarrel","TheSimpletonMod:PestManagement"],"picked":"TheSimpletonMod:Germinate","floor":1},{"not_picked":["TheSimpletonMod:ToughenUp","TheSimpletonMod:SeedCoat"],"picked":"TheSimpletonMod:KeenEdge","floor":3},{"not_picked":["TheSimpletonMod:ControlledBurn","TheSimpletonMod:DigIn"],"picked":"TheSimpletonMod:Sunchoke","floor":5},{"not_picked":["TheSimpletonMod:Mulch","TheSimpletonMod:SoilSample"],"picked":"TheSimpletonMod:Pruning","floor":7},{"not_picked":["TheSimpletonMod:GoToMarket","TheSimpletonMod:SeedCoat"],"picked":"TheSimpletonMod:Sunchoke","floor":12},{"not_picked":["TheSimpletonMod:DoubleBarrel","TheSimpletonMod:Thresh"],"picked":"TheSimpletonMod:Sunseed","floor":14}],"player_experience":246260,"relics_obtained":[{"floor":13,"key":"Vajra"}],"event_choices":[{"damage_healed":0,"gold_gain":0,"player_choice":"Take Damage","damage_taken":18,"relics_obtained":["Golden Idol"],"max_hp_gain":0,"max_hp_loss":0,"event_name":"Golden Idol","floor":2,"gold_loss":0},{"cards_removed":["TheSimpletonMod:Haymaker"],"damage_healed":0,"gold_gain":0,"player_choice":"Purged","damage_taken":0,"max_hp_gain":0,"max_hp_loss":0,"event_name":"Purifier","floor":4,"gold_loss":0},{"damage_healed":25,"gold_gain":0,"player_choice":"Banana","damage_taken":0,"max_hp_gain":0,"max_hp_loss":0,"event_name":"Big Fish","floor":10,"gold_loss":0},{"damage_healed":0,"gold_gain":0,"player_choice":"Trade","damage_taken":0,"relics_obtained":["SsserpentHead"],"max_hp_gain":0,"max_hp_loss":0,"event_name":"FaceTrader","floor":11,"gold_loss":0}],"is_beta":false,"boss_relics":[],"items_purged_floors":[],"is_endless":false,"potions_floor_spawned":[3,7,12],"killed_by":"Slime Boss","ascension_level":0}}