{"host":"vjxpm20xjjgw99r7","time":1610025755,"event":{"mods":["AchievementEnabler","BaseMod","Colored Map","Minty Spire (QoL Compilation)","Quick Restart","SuperFastMode"],"gold_per_floor":[213,132,144,156,4,4,37,37,37,72,87,107,164,164,164,284,284,299,121,134,149,149,149,165,198,224,239,252,281,281,293,293,394,394,410,122,138,152,27,27,76,76,101,118,118,133,153,187,187,187],"floor_reached":51,"playtime":4833,"items_purged":["Strike_B","Strike_B","Defend_B"],"score":741,"play_id":"cfe2c191-95d4-4aa0-92bd-06a54500314e","local_time":"20210107222235","is_ascension_mode":true,"campfire_choices":[{"data":"Dualcast","floor":6,"key":"SMITH"},{"data":"Zap","floor":8,"key":"SMITH"},{"floor":15,"key":"REST"},{"data":"Loop","floor":23,"key":"SMITH"},{"data":"Seek","floor":30,"key":"SMITH"},{"data":"Capacitor","floor":32,"key":"SMITH"},{"data":"Redo","floor":40,"key":"SMITH"},{"data":"Parasite","floor":45,"key":"PURGE"},{"floor":49,"key":"REST"}],"circlet_count":0,"master_deck":["Strike_B","Strike_B+1","Defend_B","Defend_B","Defend_B","Zap+1","Dualcast+1","Gash","Self Repair","Coolheaded","FTL","Capacitor+1","Cold Snap+1","Cold Snap+1","Redo+1","Go for the Eyes+1","Genetic Algorithm","All For One+1","Streamline+1","Loop+1","Redo+1","Seek+1","Biased Cognition","Ball Lightning+1","White Noise+1","Lockon+1","Echo Form","Melter+1","Static Discharge+1"],"relics":["Cracked Core","HornCleat","Molten Egg 2","Darkstone Periapt","InkBottle","Bloody Idol","Black Star","StoneCalendar","Whetstone","Blood Vial","Peace Pipe","Matryoshka","Cursed Key","Kunai","Thread and Needle","PreservedInsect","Anchor","Eternal Feather","Orichalcum"],"acts_visited":["Exordium","TheCity","TheBeyond"],"potions_floor_usage":[7,12,21,29,33,41,50,50,50],"damage_taken":[{"damage":1,"enemies":"Jaw Worm","floor":1,"turns":3},{"damage":0,"enemies":"Small Slimes","floor":3,"turns":2},{"damage":2,"enemies":"Cultist","floor":4,"turns":4},{"damage":29,"enemies":"Lagavulin","floor":7,"turns":6},{"damage":25,"enemies":"3 Sentries","floor":10,"turns":7},{"damage":16,"enemies":"Exordium Thugs","floor":11,"turns":5},{"damage":0,"enemies":"Gremlin Gang","floor":12,"turns":3},{"damage":12,"enemies":"3 Sentries","floor":13,"turns":7},{"damage":6,"enemies":"Hexaghost","floor":16,"turns":12},{"damage":0,"enemies":"Chosen","floor":18,"turns":4},{"damage":6,"enemies":"3 Byrds","floor":20,"turns":5},{"damage":12,"enemies":"Centurion and Healer","floor":21,"turns":5},{"damage":8,"enemies":"3 Cultists","floor":24,"turns":6},{"damage":4,"enemies":"Gremlin Leader","floor":25,"turns":6},{"damage":12,"enemies":"Sentry and Sphere","floor":27,"turns":5},{"damage":0,"enemies":"Snecko","floor":28,"turns":4},{"damage":26,"enemies":"Slavers","floor":29,"turns":7},{"damage":5,"enemies":"Centurion and Healer","floor":31,"turns":7},{"damage":29,"enemies":"Champ","floor":33,"turns":10},{"damage":5,"enemies":"Orb Walker","floor":35,"turns":3},{"damage":16,"enemies":"3 Shapes","floor":37,"turns":4},{"damage":12,"enemies":"3 Darklings","floor":38,"turns":5},{"damage":52,"enemies":"2 Orb Walkers","floor":41,"turns":5},{"damage":0,"enemies":"Maw","floor":44,"turns":7},{"damage":28,"enemies":"Writhing Mass","floor":46,"turns":5},{"damage":22,"enemies":"Spire Growth","floor":47,"turns":5},{"damage":0,"enemies":"Nemesis","floor":48,"turns":5},{"damage":9,"enemies":"Time Eater","floor":50,"turns":6}],"seed_played":"668414493800330826","potions_obtained":[{"floor":3,"key":"Fire Potion"},{"floor":4,"key":"LiquidMemories"},{"floor":7,"key":"FocusPotion"},{"floor":10,"key":"Explosive Potion"},{"floor":16,"key":"CultistPotion"},{"floor":18,"key":"Explosive Potion"},{"floor":24,"key":"DistilledChaos"},{"floor":28,"key":"Energy Potion"},{"floor":33,"key":"FearPotion"},{"floor":37,"key":"SneckoOil"},{"floor":47,"key":"SkillPotion"}],"is_trial":false,"path_per_floor":["M","$","M","M","$","R","E","R","T","E","M","M","?","?","R","B",null,"M","$","M","M","?","R","M","E","T","M","M","E","R","M","R","B",null,"M","$","M","M","$","R","?","?","T","M","R","M","M","E","R","B",null],"character_chosen":"DEFECT","items_purchased":["Self Repair","Capacitor","Loop","FocusPotion","Kunai"],"campfire_rested":2,"item_purchase_floors":[2,5,19,36,36],"current_hp_per_floor":[74,74,74,75,75,75,53,53,53,35,26,26,21,21,41,42,69,69,69,63,51,51,51,55,63,68,69,69,55,55,64,64,49,69,69,69,65,67,67,67,29,29,40,54,54,40,32,46,72,70],"gold":187,"neow_bonus":"HUNDRED_GOLD","is_daily":false,"chose_seed":false,"campfire_upgraded":6,"win_rate":0.0,"timestamp":1610025755,"path_taken":["M","$","M","M","$","R","E","R","T","E","M","M","?","?","R","BOSS","M","$","M","M","?","R","M","E","T","M","M","E","R","M","R","BOSS","M","$","M","M","$","R","?","?","T","M","R","M","M","E","R","BOSS"],"items_purchased_type":["Card","Card","Card","Potion","Relic"],"build_version":"2020-12-22","purchased_purges":3,"victory":true,"max_hp_per_floor":[75,75,75,75,75,75,75,75,75,75,75,75,75,69,69,69,69,69,69,69,69,69,69,69,69,69,69,69,69,69,69,69,69,69,69,69,69,69,69,69,69,69,75,75,72,72,72,72,72,72],"card_choices":[{"not_picked":["Stack","Streamline"],"picked":"Gash","floor":1},{"not_picked":["Leap","Streamline"],"picked":"Coolheaded","floor":3},{"not_picked":["Steam Power","Hello World"],"picked":"FTL","floor":4},{"not_picked":["Rip and Tear","Go for the Eyes"],"picked":"Cold Snap","floor":7},{"not_picked":["Reprogram","Fusion"],"picked":"Cold Snap+1","floor":10},{"not_picked":["Hello World","Sweeping Beam+1"],"picked":"Redo","floor":11},{"not_picked":["Steam Power","Doom and Gloom+1"],"picked":"Go for the Eyes+1","floor":12},{"not_picked":["Leap","Beam Cell+1"],"picked":"Genetic Algorithm","floor":13},{"not_picked":["Meteor Strike+1","Fission"],"picked":"All For One+1","floor":16},{"not_picked":["Barrage+1","Hologram"],"picked":"Streamline+1","floor":18},{"not_picked":["Leap","Cold Snap+1","Reinforced Body"],"picked":"SKIP","floor":20},{"not_picked":["Redo","Chaos","Gash+1"],"picked":"SKIP","floor":21},{"not_picked":["Tempest","Streamline+1","Aggregate"],"picked":"SKIP","floor":24},{"not_picked":["Hologram","Capacitor","Chill"],"picked":"SKIP","floor":25},{"not_picked":["Cold Snap+1","Stack+1","Force Field"],"picked":"SKIP","floor":27},{"not_picked":["Go for the Eyes+1","Leap+1"],"picked":"Redo+1","floor":28},{"not_picked":["BootSequence+1","Conserve Battery"],"picked":"Seek","floor":29},{"not_picked":["Leap","Beam Cell+1","Compile Driver+1"],"picked":"SKIP","floor":31},{"not_picked":["Multi-Cast","Seek"],"picked":"Biased Cognition","floor":33},{"not_picked":["Rebound+1","Go for the Eyes+1","Coolheaded"],"picked":"SKIP","floor":35},{"not_picked":["Genetic Algorithm","Compile Driver+1"],"picked":"Ball Lightning+1","floor":37},{"not_picked":["Go for the Eyes+1","Redo"],"picked":"White Noise+1","floor":38},{"not_picked":["Reinforced Body","Go for the Eyes+1"],"picked":"Lockon+1","floor":41},{"not_picked":["Ball Lightning+1","Sunder+1","Darkness"],"picked":"SKIP","floor":44},{"not_picked":["Streamline+1","Tempest"],"picked":"Echo Form","floor":46},{"not_picked":["Rebound+1","Gash+1"],"picked":"Melter+1","floor":47},{"not_picked":["Double Energy","Capacitor+1"],"picked":"Static Discharge+1","floor":48}],"player_experience":55863,"relics_obtained":[{"floor":7,"key":"HornCleat"},{"floor":9,"key":"Molten Egg 2"},{"floor":10,"key":"Darkstone Periapt"},{"floor":13,"key":"InkBottle"},{"floor":25,"key":"StoneCalendar"},{"floor":25,"key":"Whetstone"},{"floor":26,"key":"Blood Vial"},{"floor":29,"key":"Peace Pipe"},{"floor":29,"key":"Matryoshka"},{"floor":41,"key":"Thread and Needle"},{"floor":43,"key":"PreservedInsect"},{"floor":43,"key":"Anchor"},{"floor":48,"key":"Eternal Feather"},{"floor":48,"key":"Orichalcum"}],"event_choices":[{"damage_healed":0,"gold_gain":0,"player_choice":"Searched \u00272\u0027 times","damage_taken":0,"max_hp_gain":0,"max_hp_loss":0,"event_name":"Dead Adventurer","floor":13,"gold_loss":0},{"damage_healed":0,"gold_gain":0,"player_choice":"Lose Max HP","damage_taken":0,"relics_obtained":["Golden Idol"],"max_hp_gain":0,"max_hp_loss":6,"event_name":"Golden Idol","floor":14,"gold_loss":0},{"damage_healed":0,"gold_gain":0,"player_choice":"Gave Idol","damage_taken":0,"relics_obtained":["Bloody Idol"],"max_hp_gain":0,"max_hp_loss":0,"event_name":"Forgotten Altar","floor":22,"relics_lost":["Golden Idol"],"gold_loss":0},{"damage_healed":0,"gold_gain":0,"player_choice":"Fight","damage_taken":0,"max_hp_gain":0,"max_hp_loss":0,"event_name":"Mysterious Sphere","floor":41,"gold_loss":0},{"damage_healed":0,"gold_gain":0,"player_choice":"Ignored","damage_taken":0,"max_hp_gain":0,"max_hp_loss":0,"event_name":"SecretPortal","floor":42,"gold_loss":0}],"is_beta":false,"boss_relics":[{"not_picked":["FrozenCore","SacredBark"],"picked":"Black Star"},{"not_picked":["Velvet Choker","Coffee Dripper"],"picked":"Cursed Key"}],"items_purged_floors":[5,19,39],"is_endless":false,"potions_floor_spawned":[3,4,7,10,16,18,24,28,33,37,38,47],"ascension_level":1}}