{"host":"y9cfhv0nasly8qeh","time":1610016193,"event":{"mods":["BaseMod","Minty Spire (QoL Compilation)","Relic Stats","StSLib","[IsaacMod]ÒÔÈö¼âËþ"],"gold_per_floor":[112,112,122,141,141,174,174,174,174,196,215,16,41,74,74,153,153,168,218,248,248,312,333,333],"floor_reached":23,"playtime":621,"items_purged":["Strike_R","Strike_R"],"score":528,"play_id":"ec97e625-8151-47e1-82d9-2b99c6651220","local_time":"20210107184313","is_ascension_mode":true,"campfire_choices":[{"data":"Armaments","floor":7.0,"key":"SMITH"},{"floor":15,"key":"REST"}],"circlet_count":0,"master_deck":["AscendersBane","Strike_R","Strike_R","Strike_R","Defend_R","Defend_R","Defend_R","Bash+1","EpicFetus","Feel No Pain+1","Berserk","Armaments+1","Berserk","Berserk","Second Wind"],"relics":["Burning Blood","HushsDoor","SteamSale","Happy Flower","SalivaCoin","DeadEye","TungstenRod","Dead Branch","Fusion Hammer","GuppysHairball"],"acts_visited":["Exordium","TheCity"],"potions_floor_usage":[14,16,16],"damage_taken":[{"damage":19.0,"enemies":"2 Louse","floor":1.0,"turns":3.0},{"damage":12.0,"enemies":"Cultist","floor":3.0,"turns":4.0},{"damage":11.0,"enemies":"Small Slimes","floor":4.0,"turns":4.0},{"damage":12.0,"enemies":"Lagavulin","floor":6.0,"turns":6.0},{"damage":6.0,"enemies":"Exordium Wildlife","floor":10.0,"turns":3.0},{"damage":3.0,"enemies":"2 Fungi Beasts","floor":11.0,"turns":4.0},{"damage":10.0,"enemies":"Red Slaver","floor":13.0,"turns":4.0},{"damage":0,"enemies":"Gremlin Nob","floor":14,"turns":2},{"damage":0,"enemies":"Slime Boss","floor":16,"turns":5},{"damage":0,"enemies":"Chosen","floor":18,"turns":3},{"damage":33,"enemies":"Shell Parasite","floor":20,"turns":3},{"damage":24,"enemies":"Chosen and Byrds","floor":22,"turns":4},{"damage":23,"enemies":"Book of Stabbing","floor":23,"turns":2}],"seed_played":"273642440907462162","potions_obtained":[{"floor":6.0,"key":"DuplicationPotion"},{"floor":11.0,"key":"Explosive Potion"},{"floor":13.0,"key":"Energy Potion"},{"floor":14,"key":"Weak Potion"},{"floor":18,"key":"SteroidPotion"}],"is_trial":false,"path_per_floor":["M","?","M","M","?","E","R","?","T","M","M","$","M","E","R","B",null,"M","?","M","?","M","E"],"character_chosen":"IRONCLAD","items_purchased":["TungstenRod","GuppysHairball"],"campfire_rested":1,"item_purchase_floors":[12,17],"current_hp_per_floor":[55,55,49,44,21,15,15,15,15,15,18,18,14,20,42,48,57,60,60,33,33,15,0,0],"gold":333,"neow_bonus":"RANDOM_COMMON_RELIC","is_daily":false,"chose_seed":false,"campfire_upgraded":1,"win_rate":0.0,"timestamp":1610016193,"path_taken":["M","?","M","M","?","E","R","?","T","M","M","$","?","E","R","BOSS","M","?","M","?","M","E"],"items_purchased_type":["Relic","Relic"],"build_version":"2020-12-22","purchased_purges":2,"victory":false,"max_hp_per_floor":[75,75,75,75,75,75,75,75,75,75,75,75,75,75,75,75,60,60,60,60,60,60,60,60],"relic_stats":{"Happy Flower":[15],"counters":[13,47],"Dead Branch":[19],"obtain_stats":[{"KeepersGift":0,"Happy Flower":0,"Dead Branch":14,"Fusion Hammer":17,"SalivaCoin":6,"DeadEye":9,"GuppysHairball":17,"HushsDoor":0,"SteamSale":0,"Burning Blood":0,"TungstenRod":12},{"KeepersGift":0,"Happy Flower":0,"Dead Branch":8,"Fusion Hammer":9,"SalivaCoin":4,"DeadEye":4,"GuppysHairball":9,"HushsDoor":0,"SteamSale":0,"Burning Blood":0,"TungstenRod":6},{"KeepersGift":0,"Happy Flower":0,"Dead Branch":30,"Fusion Hammer":35,"SalivaCoin":17,"DeadEye":17,"GuppysHairball":35,"HushsDoor":0,"SteamSale":0,"Burning Blood":0,"TungstenRod":24}],"Burning Blood":69,"TungstenRod":14},"card_choices":[{"not_picked":[],"picked":"EpicFetus","floor":0.0},{"not_picked":["Combust","Clothesline","Wild Strike"],"picked":"SKIP","floor":1.0},{"not_picked":["Heavy Blade","Cleave","Sword Boomerang"],"picked":"SKIP","floor":3.0},{"not_picked":["Fire Breathing","Inflame"],"picked":"Berserk","floor":4.0},{"not_picked":["Clothesline","Pommel Strike"],"picked":"Armaments","floor":6.0},{"not_picked":["Clothesline","Thunderclap","Hemokinesis"],"picked":"SKIP","floor":10.0},{"not_picked":["Iron Wave","True Grit","Whirlwind"],"picked":"SKIP","floor":11.0},{"not_picked":["Wild Strike","Warcry","Perfected Strike"],"picked":"SKIP","floor":13.0},{"not_picked":["Cleave","Rupture"],"picked":"Berserk","floor":14},{"not_picked":["Bludgeon","Double Tap"],"picked":"Berserk","floor":16},{"not_picked":["Clothesline","Rage","Sword Boomerang+1"],"picked":"SKIP","floor":18},{"not_picked":["Wild Strike+1","True Grit","Pommel Strike"],"picked":"SKIP","floor":20},{"not_picked":["Pommel Strike","Rampage"],"picked":"Second Wind","floor":22}],"player_experience":556533,"relics_obtained":[{"floor":6.0,"key":"SalivaCoin"},{"floor":9.0,"key":"DeadEye"},{"floor":14,"key":"Dead Branch"}],"event_choices":[{"damage_healed":0.0,"max_hp_gain":0.0,"max_hp_loss":0.0,"gold_gain":0.0,"cards_transformed":["Defend_R"],"event_name":"Transmorgrifier","player_choice":"Transformed","floor":2.0,"gold_loss":0.0,"damage_taken":0.0,"cards_obtained":["Feel No Pain"]},{"damage_healed":0.0,"max_hp_gain":0.0,"max_hp_loss":0.0,"gold_gain":0.0,"event_name":"Shining Light","player_choice":"Entered Light","floor":5.0,"gold_loss":0.0,"damage_taken":23.0,"cards_upgraded":["Bash","Feel No Pain"]},{"damage_healed":0,"gold_gain":50,"player_choice":"Stole From Cult","damage_taken":0,"max_hp_gain":0,"max_hp_loss":0,"event_name":"Nest","floor":19,"gold_loss":0}],"is_beta":false,"boss_relics":[{"not_picked":["Ectoplasm","Mark of Pain"],"picked":"Fusion Hammer"},{"not_picked":[]}],"items_purged_floors":[12,17],"is_endless":false,"potions_floor_spawned":[6,11,13,14,18],"killed_by":"Book of Stabbing","ascension_level":18}}