{"host":"8i4doyxqctgl5qb0","time":1610056170,"event":{"mods":["AchievementEnabler","BaseMod","Block Reminder","Colored Powertips","Downfall","Marisa£®ÏF”Í°°ƒß¿Ì…≥£©","Minty Spire (QoL Compilation)","Permanent Neow","Potion Indicator Mod","Rare Cards Sparkle","StSLib","SuperFastMode"],"gold_per_floor":[0,12,12,12,24,52,118,144,106,146,175,202,164,503,526,538,538,538],"floor_reached":16,"playtime":435,"items_purged":[],"score":122,"play_id":"0bd3a7c4-521b-42a8-9e22-dfe5029a71c6","local_time":"20210108054930","is_ascension_mode":false,"campfire_choices":[{"data":"Slimebound:Split","floor":1.0,"key":"SMITH"},{"floor":9.0,"key":"RECALL"},{"floor":13.0,"key":"REST"}],"circlet_count":0,"master_deck":["Slimebound:Strike_Slimebound","Slimebound:Strike_Slimebound","Slimebound:Strike_Slimebound","Slimebound:Tackle","Slimebound:Defend_Slimebound","Slimebound:Defend_Slimebound","Slimebound:Defend_Slimebound","Slimebound:Defend_Slimebound","Slimebound:Split+1","Slimebound:CorrosiveSpit","Slimebound:FirmFortitude","Slimebound:ForwardTackle","Slimebound:LevelUp","Slimebound:DivideAndConquer","Slimebound:CheckThePlaybook","Slimebound:SlimeSpikes","Slimebound:LivingWall","Slimebound:FormOfPuddle"],"relics":["Slimebound:AbsorbEndCombat","Calipers","Slimebound:GreedOozeRelic","MawBank","Lantern","Ancient Tea Set","Old Coin"],"acts_visited":["Exordium"],"potions_floor_usage":[15],"damage_taken":[{"damage":12.0,"enemies":"2 Louse","floor":2.0,"turns":3.0},{"damage":12.0,"enemies":"Cultist","floor":5.0,"turns":3.0},{"damage":32.0,"enemies":"Lagavulin","floor":6.0,"turns":3.0},{"damage":8.0,"enemies":"Small Slimes","floor":8.0,"turns":3.0},{"damage":37.0,"enemies":"Gremlin Nob","floor":10.0,"turns":3.0},{"damage":23.0,"enemies":"Blue Slaver","floor":11.0,"turns":2.0},{"damage":14.0,"enemies":"Red Slaver","floor":12.0,"turns":3.0},{"damage":32,"enemies":"Lagavulin","floor":14,"turns":4},{"damage":9,"enemies":"3 Louse","floor":15,"turns":3},{"damage":15,"enemies":"downfall:Ironclad","floor":16,"turns":3}],"seed_played":"3505054561119722278","potions_obtained":[{"floor":4.0,"key":"ColorlessPotion"},{"floor":4.0,"key":"Fruit Juice"},{"floor":4.0,"key":"SpeedPotion"},{"floor":6.0,"key":"AttackPotion"},{"floor":8.0,"key":"Fire Potion"},{"floor":14,"key":"BlessingOfTheForge"}],"is_trial":false,"path_per_floor":["R","M","?","?","M","E","T","M","R","E","M","M","R","E","M","B"],"character_chosen":"SLIMEBOUND","items_purchased":[],"campfire_rested":1,"item_purchase_floors":[],"current_hp_per_floor":[60,57,57,57,57,37,37,46,46,29,18,14,33,13,14,0,0,0],"gold":538,"neow_bonus":"ONE_RARE_RELIC","is_daily":false,"chose_seed":false,"campfire_upgraded":1,"win_rate":0.0,"timestamp":1610056170,"path_taken":["R","M","?","?","M","E","T","M","R","E","M","M","R","E","M","BOSS"],"items_purchased_type":[],"build_version":"2020-12-22","purchased_purges":0,"victory":false,"max_hp_per_floor":[60,60,60,60,60,60,60,65,65,65,65,65,65,65,65,65,65,65],"card_choices":[{"not_picked":["Slimebound:RollThrough","Slimebound:GoopSpray"],"picked":"Slimebound:FirmFortitude","floor":2.0},{"not_picked":["Slimebound:ComboTackle","Slimebound:ServeAndProtect"],"picked":"Slimebound:ForwardTackle","floor":5.0},{"not_picked":["Slimebound:LeadByExample","Slimebound:ForwardTackle"],"picked":"Slimebound:LevelUp","floor":6.0},{"not_picked":["Slimebound:SamplingLick","Slimebound:FinishingTackle"],"picked":"Slimebound:DivideAndConquer","floor":8.0},{"not_picked":["Slimebound:DivideAndConquer","Slimebound:SplitBruiser"],"picked":"Slimebound:CheckThePlaybook","floor":10.0},{"not_picked":["Slimebound:HauntingLick","Slimebound:FlameTackle","Slimebound:FinishingTackle"],"picked":"SKIP","floor":11.0},{"not_picked":["Slimebound:SpikyOuterGoop","Slimebound:LeechEnergy"],"picked":"Slimebound:SlimeSpikes","floor":12.0},{"not_picked":["Slimebound:Gluttony","Slimebound:Schlurp"],"picked":"Slimebound:LivingWall","floor":14},{"not_picked":["Slimebound:Nibble","Slimebound:SplitMire"],"picked":"Slimebound:FormOfPuddle","floor":15}],"player_experience":118942,"relics_obtained":[{"floor":6.0,"key":"MawBank"},{"floor":7.0,"key":"Lantern"},{"floor":10.0,"key":"Ancient Tea Set"},{"floor":14,"key":"Old Coin"}],"event_choices":[{"damage_healed":0.0,"max_hp_gain":0.0,"max_hp_loss":0.0,"gold_gain":0.0,"event_name":"Lab","player_choice":"Got Potions","floor":4.0,"gold_loss":0.0,"damage_taken":0.0}],"is_beta":false,"boss_relics":[],"items_purged_floors":[],"is_endless":false,"potions_floor_spawned":[5,6,8,14],"killed_by":"downfall:Ironclad","ascension_level":0}}