{"host":"¿à÷økuyou","time":1610021670,"event":{"mods":["ATMod(°¢èªMod)","Act Like it!","BaseMod","BetterRewards","Minty Spire (QoL Compilation)","Quick Restart","RyuuouÁúÍõ","StSLib"],"gold_per_floor":[114,114,39,39,59,103,35,210,210,229,245,245,5,20,20,20,20],"floor_reached":16,"playtime":279,"items_purged":["Strike_G"],"score":144,"play_id":"36c82c14-1b7a-4777-bd1f-648158219c2d","local_time":"20210107201430","is_ascension_mode":true,"campfire_choices":[{"floor":15,"key":"DIG"}],"circlet_count":0,"master_deck":["Strike_G","Strike_G","Strike_G","Strike_G","Defend_G","Defend_G","Defend_G","Defend_G","Defend_G","Survivor","Neutralize","AT_EmpoweredMortalDraw","Acrobatics","Blade Dance","AT_Desolate","Doubt","Blade Dance","Bouncing Flask","Finisher"],"relics":["Ring of the Snake","AT_ATBox","NeowsBlessing","Golden Idol","Shovel","Akabeko","Blue Candle","Tiny Chest"],"acts_visited":["Exordium"],"potions_floor_usage":[16,16],"damage_taken":[{"damage":0.0,"enemies":"Cultist","floor":1.0,"turns":1.0},{"damage":0.0,"enemies":"2 Louse","floor":5.0,"turns":1.0},{"damage":0.0,"enemies":"3 Sentries","floor":6.0,"turns":1.0},{"damage":2.0,"enemies":"Jaw Worm","floor":10.0,"turns":3.0},{"damage":10.0,"enemies":"Large Slime","floor":11.0,"turns":4.0},{"damage":8,"enemies":"Blue Slaver","floor":14,"turns":2},{"damage":38,"enemies":"Slime Boss","floor":16,"turns":8}],"seed_played":"-7292113791485392078","potions_obtained":[{"floor":1.0,"key":"EntropicBrew"},{"floor":11.0,"key":"SneckoOil"}],"is_trial":false,"path_per_floor":["M","?","$","?","M","E","$","?","T","M","M","?","$","M","R","B"],"character_chosen":"THE_SILENT","items_purchased":["AT_Desolate","Blue Candle"],"campfire_rested":0,"item_purchase_floors":[7,13],"current_hp_per_floor":[70,53,53,46,46,46,46,46,46,44,34,39,39,31,31,0,0],"gold":20,"neow_bonus":"THREE_ENEMY_KILL","is_daily":false,"chose_seed":false,"campfire_upgraded":0,"win_rate":0.0,"timestamp":1610021670,"path_taken":["M","?","$","?","?","E","$","?","T","M","M","?","?","M","R","BOSS"],"items_purchased_type":["Card","Relic"],"build_version":"2020-12-18","purchased_purges":1,"victory":false,"max_hp_per_floor":[70,70,70,70,70,70,70,70,70,70,70,75,75,75,75,75,75],"card_choices":[{"not_picked":["AT_WomanClash","Outmaneuver"],"picked":"Acrobatics","floor":1.0},{"not_picked":["Flying Knee","Slice","Prepared"],"picked":"SKIP","floor":5.0},{"not_picked":["Storm of Steel","Backflip"],"picked":"Blade Dance","floor":6.0},{"not_picked":["Sucker Punch","Leg Sweep"],"picked":"Blade Dance","floor":10.0},{"not_picked":["Bane","AT_ArcaneSupremacy"],"picked":"Bouncing Flask","floor":11.0},{"not_picked":["Cloak And Dagger","Slice"],"picked":"Finisher","floor":14}],"player_experience":165447,"relics_obtained":[{"floor":6.0,"key":"Akabeko"},{"floor":15,"key":"Tiny Chest"}],"event_choices":[{"damage_healed":0.0,"max_hp_gain":0.0,"max_hp_loss":0.0,"gold_gain":0.0,"event_name":"Golden Idol","player_choice":"Take Damage","floor":2.0,"gold_loss":0.0,"damage_taken":17.0,"relics_obtained":["Golden Idol"]},{"damage_healed":0.0,"max_hp_gain":0.0,"max_hp_loss":0.0,"gold_gain":0.0,"event_name":"Scrap Ooze","player_choice":"Success","floor":4.0,"gold_loss":0.0,"damage_taken":7.0,"relics_obtained":["Shovel"]},{"damage_healed":0.0,"max_hp_gain":0.0,"max_hp_loss":0.0,"gold_gain":175.0,"event_name":"Liars Game","player_choice":"AGREE","floor":8.0,"gold_loss":0.0,"damage_taken":0.0,"cards_obtained":["Doubt"]},{"damage_healed":0,"gold_gain":0,"player_choice":"Donut","damage_taken":0,"max_hp_gain":5,"max_hp_loss":0,"event_name":"Big Fish","floor":12,"gold_loss":0}],"is_beta":true,"boss_relics":[],"items_purged_floors":[3],"is_endless":false,"potions_floor_spawned":[1,11],"killed_by":"Slime Boss","ascension_level":3}}