{"host":"5td1gsj4mnrioltg","time":1610000965,"event":{"mods":["2.2 Compatiblity","AchievementEnabler","Act Like it!","Aspiration","BaseMod","Beaked The Cultist","Better Altar","Better Match","Better Note","Better Sensory Stone","Better Silent Start","Better Skull","Better Third Choice","Better Vampires","BetterRewards","Colored Map","Colored Powertips","Displayed Cursed Tome","Downfall","Emptier Cage","Evolution","Friendly Minions","GifTheSpireLib","Highlight Path","Ironclad Rager","Jedi Mod","JesterMod","Mad Scientist","Menagerie","Minty Spire (QoL Compilation)","Permanent Neow","Quick Restart","Replay The Spire","Reworked Bosses","Shade Mod","Spicy Shops","StSLib","The Blue Laboratory","The Dragon Tamer","The Druid","The Elementalist","The Marked","The Necromancer","The Runesmith","Thieving Mod","Transform Curses","Wandering Minibosses","vexMod"],"gold_per_floor":[118,118,43,61,77,77,104,104,104,104,4,33,33,33,33,147,147,157,157,168,168,180,213,228,228,280,280,342,342,360,372,372,481,481,497,100,150,168,181,181,143,143,143,143,143,143,143,143,143,143,143,143,143,143,143,143],"floor_reached":55,"playtime":2168,"items_purged":["theMarked:Strike","theMarked:Strike","theMarked:Defend","theMarked:Defend+1"],"score":953,"play_id":"24a51147-3789-418c-aae6-c23abcb9840f","local_time":"20210106222925","is_ascension_mode":true,"campfire_choices":[{"data":"theMarked:Defend","floor":6,"key":"SMITH"},{"data":"theMarked:Defend","floor":8,"key":"SMITH"},{"floor":13,"key":"REST"},{"floor":15,"key":"REST"},{"floor":25,"key":"RECALL"},{"data":"theMarked:BindingBlade","floor":27,"key":"SMITH"},{"data":"theMarked:Strike","floor":32,"key":"PURGE"},{"floor":40,"key":"REST"},{"data":"theMarked:EmpowerWeapon","floor":42,"key":"SMITH"},{"data":"theMarked:EternalStudent","floor":45,"key":"SMITH"},{"floor":49,"key":"DIG"},{"floor":52,"key":"REST"}],"circlet_count":0,"master_deck":["theMarked:Defend+1","theMarked:Defend+1","theMarked:SoldierOfQuellstein+1","theMarked:EmpowerWeapon+1","theMarked:BindingBlade+1","theMarked:BanishingWave+1","theMarked:EternalStudent+1","theMarked:DeterminationOfTheMarked+1"],"relics":["theMarked:BronzeBlade","EVO:Axolotl","aspiration:HatOfInfinitePower","jedi:crownofsimplicity","CeramicFish","Smiling Mask","Bronze Scales","vexMod:FocusSash","jedi:hotpepper","theMarked:Winder","Juzu Bracelet","CaptainsWheel","jedi:ominousloannote","HornCleat","Nunchaku","Pear","MawBank","theMarked:Gun","ReplayTheSpireMod:Lightbulb"],"acts_visited":["Exordium","TheCity","TheBeyond","TheEnding"],"potions_floor_usage":[12,22,23,23,33,33,54,55,55,55],"damage_taken":[{"damage":7,"enemies":"Small Slimes","floor":1,"turns":3},{"damage":2,"enemies":"Jaw Worm","floor":4,"turns":3},{"damage":2,"enemies":"2 Louse","floor":5,"turns":2},{"damage":16,"enemies":"3 Sentries","floor":7,"turns":6},{"damage":6,"enemies":"Gremlin Nob","floor":12,"turns":4},{"damage":0,"enemies":"The Guardian","floor":16,"turns":9},{"damage":0,"enemies":"Chosen","floor":18,"turns":3},{"damage":1,"enemies":"2 Thieves","floor":20,"turns":4},{"damage":2,"enemies":"Cultist and Chosen","floor":22,"turns":4},{"damage":6,"enemies":"Slavers","floor":23,"turns":5},{"damage":0,"enemies":"3 Cultists","floor":24,"turns":4},{"damage":14,"enemies":"Snake Plant","floor":30,"turns":3},{"damage":0,"enemies":"Sentry and Sphere","floor":31,"turns":3},{"damage":0,"enemies":"bossMod:newCollector","floor":33,"turns":7},{"damage":10,"enemies":"3 Darklings","floor":35,"turns":3},{"damage":0,"enemies":"Mind Bloom Boss Battle","floor":37,"turns":2},{"damage":0,"enemies":"3 Shapes","floor":38,"turns":3},{"damage":7,"enemies":"Spire Growth","floor":39,"turns":3},{"damage":0,"enemies":"3 Darklings","floor":44,"turns":2},{"damage":9,"enemies":"Nemesis","floor":46,"turns":3},{"damage":0,"enemies":"4 Shapes","floor":48,"turns":2},{"damage":12,"enemies":"bossMod:newShapes","floor":50,"turns":5},{"damage":9,"enemies":"Shield and Spear","floor":54,"turns":3},{"damage":53,"enemies":"The Heart","floor":55,"turns":5}],"seed_played":"2151135008735225277","potions_obtained":[{"floor":1,"key":"BlessingOfTheForge"},{"floor":12,"key":"blueLaboratory:FrostheartPotion"},{"floor":18,"key":"blueLaboratory:FruitPunch"},{"floor":21,"key":"SteroidPotion"},{"floor":22,"key":"blueLaboratory:BottleOfVodka"},{"floor":23,"key":"Dexterity Potion"},{"floor":28,"key":"blueLaboratory:RecallPotion"},{"floor":38,"key":"Adrenaline Potion"},{"floor":54,"key":"Weak Potion"}],"is_trial":false,"path_per_floor":["M","?","$","M","M","R","E","R","T","?","$","E","R","T","R","B",null,"M","?","M","?","M","E","M","R","T","R","?","?","M","M","R_BF","B",null,"M","$","?","M","M","R","$","R","T","M","R","E","?","M","R_BF","B",null,"R","$","E","B"],"character_chosen":"THE_DEFAULT","items_purchased":["theMarked:Winder","Juzu Bracelet","jedi:ominousloannote","HornCleat","Block Potion","Nunchaku"],"campfire_rested":4,"item_purchase_floors":[36,36,41,41,41,41],"current_hp_per_floor":[63,49,49,47,45,45,29,29,29,22,22,16,37,37,58,58,70,70,70,69,69,69,63,63,63,63,63,35,35,21,21,21,21,54,44,44,44,44,37,53,53,53,58,58,58,49,49,49,49,37,59,59,59,50,0,0],"gold":143,"neow_bonus":"UPGRADE_CARD","is_daily":false,"chose_seed":false,"campfire_upgraded":5,"win_rate":0.0,"timestamp":1610000965,"path_taken":["M","?","?","M","?","R","E","R","T","?","$","E","R","?","R","BOSS","M","?","M","?","M","E","M","R","T","R","?","?","?","M","R_BF","BOSS","M","$","?","M","M","R","$","R","T","M","R","E","?","M","R_BF","BOSS","R","$","E","BOSS"],"items_purchased_type":["Relic","Relic","Relic","Relic","Potion","Relic"],"build_version":"2020-12-22","purchased_purges":4,"victory":false,"max_hp_per_floor":[70,70,70,70,70,70,70,70,70,70,70,70,70,70,70,70,70,70,70,70,70,72,72,72,72,72,72,72,72,72,72,72,72,54,54,54,54,54,54,54,54,54,59,59,59,59,59,59,59,59,59,59,59,59,59,59],"card_choices":[{"not_picked":["theMarked:Electrocute","theMarked:Standoff","theMarked:KeepCalmAndFightOn"],"picked":"SKIP","floor":1},{"not_picked":["theMarked:Frustration","theMarked:HeightenedSenses"],"picked":"theMarked:EmpowerWeapon","floor":4},{"not_picked":["theMarked:WastefulDefense","theMarked:WardOff","theMarked:Overcharge"],"picked":"SKIP","floor":5},{"not_picked":["theMarked:Aftermath","theMarked:Static","theMarked:Opportunist"],"picked":"SKIP","floor":7},{"not_picked":["theMarked:Generate","theMarked:ResourceFulStrike","theMarked:EmpowerWeapon"],"picked":"SKIP","floor":12},{"not_picked":["theMarked:Snap","theMarked:FavorableWinds"],"picked":"theMarked:BindingBlade","floor":16},{"not_picked":["theMarked:Electrocute","theMarked:Overthink","theMarked:EmpowerWeapon"],"picked":"SKIP","floor":18},{"not_picked":["theMarked:Convert+1","theMarked:Improvise","theMarked:Polarize"],"picked":"SKIP","floor":20},{"not_picked":["theMarked:Overcharge+1","theMarked:Standoff","theMarked:TwofoldDefense"],"picked":"SKIP","floor":22},{"not_picked":["theMarked:Static","theMarked:WastefulDefense","theMarked:LightningStrikesTwice"],"picked":"SKIP","floor":23},{"not_picked":["theMarked:Overcharge","theMarked:WastefulAttack+1","theMarked:HeritageOfTheMarked"],"picked":"SKIP","floor":24},{"not_picked":["theMarked:TwofoldDefense+1","theMarked:WastefulDefense+1"],"picked":"theMarked:BanishingWave+1","floor":28},{"not_picked":["theMarked:Improvise","theMarked:ElectricStrings+1","theMarked:Reabsorb"],"picked":"SKIP","floor":30},{"not_picked":["theMarked:MaelstromOfLightning","theMarked:Parry+1","theMarked:Improvise"],"picked":"SKIP","floor":31},{"not_picked":["theMarked:MagicAdept","theMarked:TakeOffHeels"],"picked":"theMarked:EternalStudent","floor":33},{"not_picked":["theMarked:BanishingStrike","theMarked:SwordAndMagic","theMarked:WastefulAttack"],"picked":"SKIP","floor":35},{"not_picked":["theMarked:ChainLightning","theMarked:WardOff","theMarked:AttractMetal+1"],"picked":"SKIP","floor":38},{"not_picked":["theMarked:EmpowerWeapon+1","theMarked:WastefulAttack","theMarked:TwofoldDefense+1"],"picked":"SKIP","floor":39},{"not_picked":["theMarked:BanishingStrike+1","theMarked:ShockingTouch+1"],"picked":"theMarked:DeterminationOfTheMarked+1","floor":44},{"not_picked":["theMarked:SuspiciousRaven","theMarked:Parkour+1","theMarked:Overthink+1"],"picked":"SKIP","floor":46},{"not_picked":["theMarked:ElectricStrings+1","theMarked:Standoff","theMarked:Static+1"],"picked":"SKIP","floor":48},{"not_picked":["theMarked:Frustration","theMarked:MagicAdept","theMarked:EmpowerWeapon+1"],"picked":"SKIP","floor":54}],"player_experience":1297993,"relics_obtained":[{"floor":7,"key":"aspiration:HatOfInfinitePower"},{"floor":9,"key":"jedi:crownofsimplicity"},{"floor":12,"key":"CeramicFish"},{"floor":23,"key":"Smiling Mask"},{"floor":26,"key":"Bronze Scales"},{"floor":28,"key":"vexMod:FocusSash"},{"floor":37,"key":"CaptainsWheel"},{"floor":43,"key":"Pear"},{"floor":46,"key":"MawBank"},{"floor":49,"key":"theMarked:Gun"},{"floor":54,"key":"ReplayTheSpireMod:Lightbulb"}],"event_choices":[{"damage_healed":63,"gold_gain":0,"player_choice":"Upgrade","damage_taken":14,"max_hp_gain":0,"max_hp_loss":70,"event_name":"betterThird:BetterShining","floor":2,"gold_loss":0,"cards_upgraded":["theMarked:ElectricStrings","theMarked:Defend"]},{"cards_removed":["theMarked:Strike"],"damage_healed":0,"gold_gain":0,"player_choice":"Card Removal","damage_taken":7,"max_hp_gain":0,"max_hp_loss":0,"event_name":"Golden Wing","floor":10,"gold_loss":0},{"damage_healed":0,"gold_gain":0,"player_choice":"Fight","damage_taken":0,"max_hp_gain":0,"max_hp_loss":0,"event_name":"MindBloom","floor":37,"gold_loss":0},{"cards_removed":["theMarked:ElectricStrings"],"damage_healed":0,"gold_gain":0,"player_choice":"Removed Attack","damage_taken":0,"max_hp_gain":0,"max_hp_loss":0,"event_name":"Falling","floor":47,"gold_loss":0}],"is_beta":false,"boss_relics":[{"not_picked":["Cursed Key","vexMod:BigBerry"],"picked":"theMarked:BronzeBlade"},{"not_picked":["Astrolabe","Sozu"],"picked":"jedi:hotpepper"}],"items_purged_floors":[3,11,36,36],"is_endless":false,"potions_floor_spawned":[1,12,18,22,23,38,44,46,48,54],"killed_by":"The Heart","ascension_level":4}}