{"host":"qheym18ww6mhskxf","time":1610057150,"event":{"mods":["BaseMod","CapriCore","Friendly Minions","GungeonMod","KOR Keyword Fix","Kiyohime£¨?ýï£©","Minty Spire (QoL Compilation)","Prisma Mod","Quick Restart","RRrroohrrRGHHhhh!!","Rare Cards Sparkle","Shop Mod","Spicy Shops","StSLib","Td1madao Mod","Username Fix"],"gold_per_floor":[110,60,60,60,60,60,60,60],"floor_reached":7,"playtime":108,"items_purged":[],"score":126,"play_id":"287fedbc-2402-4862-a04d-1115c13ec2f1","local_time":"20210108070550","daily_mods":["Heirloom","Time Dilation","Flight","DeadlyEvents","Elite Swarm"],"is_ascension_mode":true,"campfire_choices":[{"data":"KiyohimeMod:Track","floor":6,"key":"SMITH"}],"circlet_count":0,"master_deck":["KiyohimeMod:Strike","KiyohimeMod:Strike","KiyohimeMod:Strike","KiyohimeMod:Strike","KiyohimeMod:Defend+1","KiyohimeMod:Defend","KiyohimeMod:Defend","KiyohimeMod:Defend","KiyohimeMod:Track+1","KiyohimeMod:FlameKiss","KiyohimeMod:GreenBlackKey+1"],"relics":["Unceasing Top","Mango"],"acts_visited":["Exordium"],"potions_floor_usage":[],"damage_taken":[{"damage":0.0,"enemies":"2 Louse","floor":1.0,"turns":2.0},{"damage":11,"enemies":"3 Sentries","floor":7,"turns":6}],"seed_played":"-2867276472078569292","potions_obtained":[],"is_trial":true,"path_per_floor":["M","?","?","$","?","R","E"],"character_chosen":"Kiyohime","items_purchased":[],"campfire_rested":0,"item_purchase_floors":[],"current_hp_per_floor":[15,15,12,12,12,12,1,1],"gold":60,"neow_bonus":"","is_daily":false,"chose_seed":false,"campfire_upgraded":1,"win_rate":0.0,"timestamp":1610057150,"path_taken":["M","?","?","$","?","R","E"],"items_purchased_type":[],"build_version":"2020-12-22","purchased_purges":0,"victory":false,"max_hp_per_floor":[15,15,15,15,15,15,15,15],"card_choices":[{"not_picked":["PrismaMod:IllyaBlindPoisonToss","KiyohimeMod:SteelTraining"],"picked":"KiyohimeMod:GreenBlackKey","floor":1.0}],"player_experience":568524,"relics_obtained":[],"event_choices":[{"cards_removed":["KiyohimeMod:Shapeshift"],"damage_healed":0,"gold_gain":0,"player_choice":"Card Removal","damage_taken":0,"max_hp_gain":0,"max_hp_loss":0,"event_name":"The Cleric","floor":2,"gold_loss":50},{"damage_healed":0,"gold_gain":0,"player_choice":"Entered Light","damage_taken":3,"max_hp_gain":0,"max_hp_loss":0,"event_name":"Shining Light","floor":3,"gold_loss":0,"cards_upgraded":["KiyohimeMod:Defend","KiyohimeMod:GreenBlackKey"]}],"is_beta":false,"boss_relics":[],"items_purged_floors":[],"is_endless":true,"potions_floor_spawned":[],"killed_by":"3 Sentries","ascension_level":9}}