{"host":"ig7tc0uedzltt2sr","time":1610002953,"event":{"mods":["BaseMod","Better Twitch Integration","Block Reminder","Colored Map","Colored Powertips","Communication Mod","Current Relic Mod","GifTheSpireLib","HexUI Lib","Minty Spire (QoL Compilation)","Quick Restart","Random Character Button","Rare Cards Sparkle","Relic Sorter","Relic Stats","Slay the Relics Exporter","StSLib","SuperFastMode","Synergy Search","Twitch Decklist","Twitch Utils","everything is the same but u backflip on backflip","slay the spire mod where everything is the same but ironclad has a cowboy hat"],"gold_per_floor":[109,123,123,123,123,148,161,181,181,181,181],"floor_reached":10,"playtime":70,"items_purged":[],"score":93,"play_id":"7c4af1dd-ec04-4c3a-afd0-274a1820d34c","local_time":"20210106230233","is_ascension_mode":false,"campfire_choices":[],"circlet_count":0,"master_deck":["Strike_R","Strike_R","Strike_R","Strike_R","Strike_R","Defend_R","Defend_R","Defend_R","Defend_R","Bash","Shrug It Off","Combust","Body Slam"],"relics":["Burning Blood","NeowsBlessing","Ancient Tea Set","Pantograph"],"acts_visited":["Exordium"],"potions_floor_usage":[],"damage_taken":[{"damage":0,"enemies":"2 Louse","floor":1,"turns":2},{"damage":0,"enemies":"Small Slimes","floor":2,"turns":1},{"damage":0,"enemies":"Gremlin Nob","floor":6,"turns":1},{"damage":2,"enemies":"Jaw Worm","floor":7,"turns":8},{"damage":13,"enemies":"Blue Slaver","floor":8,"turns":7},{"damage":88,"enemies":"Lagavulin","floor":10,"turns":11}],"seed_played":"-5094430180148751710","potions_obtained":[{"floor":2,"key":"LiquidBronze"},{"floor":6,"key":"HeartOfIron"},{"floor":7,"key":"LiquidBronze"}],"is_trial":false,"path_per_floor":["M","M","?","?","?","E","M","M","T","E"],"character_chosen":"IRONCLAD","items_purchased":[],"campfire_rested":0,"item_purchase_floors":[],"current_hp_per_floor":[80,80,85,85,78,84,85,78,78,0,0],"gold":181,"neow_bonus":"THREE_ENEMY_KILL","is_daily":false,"chose_seed":false,"campfire_upgraded":0,"win_rate":0.0,"timestamp":1610002953,"path_taken":["M","M","?","?","?","E","M","M","T","E"],"items_purchased_type":[],"build_version":"2020-12-22","purchased_purges":0,"victory":false,"max_hp_per_floor":[80,80,85,85,85,85,85,85,85,85,85],"relic_stats":{"counters":[6,30],"Pantograph":0,"obtain_stats":[{"NeowsBlessing":0,"Pantograph":9,"Ancient Tea Set":6,"Burning Blood":0},{"NeowsBlessing":0,"Pantograph":5,"Ancient Tea Set":3,"Burning Blood":0},{"NeowsBlessing":0,"Pantograph":19,"Ancient Tea Set":4,"Burning Blood":0}],"Burning Blood":15},"card_choices":[{"not_picked":["Wild Strike","Warcry"],"picked":"Metallicize","floor":1},{"not_picked":["Havoc","Shockwave"],"picked":"Shrug It Off","floor":2},{"not_picked":["Feel No Pain","Pommel Strike"],"picked":"Combust","floor":6},{"not_picked":["Iron Wave","Thunderclap"],"picked":"Body Slam","floor":7},{"not_picked":["Perfected Strike","Body Slam","Uppercut"],"picked":"SKIP","floor":8}],"player_experience":1452126,"relics_obtained":[{"floor":6,"key":"Ancient Tea Set"},{"floor":9,"key":"Pantograph"}],"event_choices":[{"damage_healed":0,"gold_gain":0,"player_choice":"Donut","damage_taken":0,"max_hp_gain":5,"max_hp_loss":0,"event_name":"Big Fish","floor":3,"gold_loss":0},{"damage_healed":0,"gold_gain":0,"player_choice":"Fled","damage_taken":0,"max_hp_gain":0,"max_hp_loss":0,"event_name":"Scrap Ooze","floor":4,"gold_loss":0},{"cards_removed":["Metallicize"],"damage_healed":0,"gold_gain":0,"player_choice":"Card Removal","damage_taken":7,"max_hp_gain":0,"max_hp_loss":0,"event_name":"Golden Wing","floor":5,"gold_loss":0}],"is_beta":false,"boss_relics":[],"items_purged_floors":[],"is_endless":false,"potions_floor_spawned":[2,6,7],"killed_by":"Lagavulin","ascension_level":0}}