{"host":"9gczkbtdkbhjojey","time":1610009902,"event":{"mods":["BaseMod","Colored Map","Minty Spire (QoL Compilation)","Quick Restart","StSLib","[功能]功能增强和修复MOD"],"gold_per_floor":[119,94,94,89,89,89,110,110,135,135,135,135],"floor_reached":11,"playtime":289,"items_purged":["Strike_G","Strike_G","Defend_G","Defend_G","Strike_G","Injury"],"score":62,"play_id":"e083db24-d20b-48b0-9d0c-ff20028cca6d","local_time":"20210107165822","is_ascension_mode":true,"campfire_choices":[{"floor":6,"key":"RECALL"},{"data":"Prepared","floor":8,"key":"SMITH"},{"data":"Infinite Blades","floor":10,"key":"SMITH"}],"circlet_count":0,"master_deck":["Strike_G","Strike_G","Defend_G","Defend_G","Defend_G","Survivor","Neutralize","Dagger Spray","Infinite Blades+1","Blade Dance","Noxious Fumes","Prepared+1"],"relics":["Ring of the Snake","The Specimen","CaptainsWheel","PreservedInsect","Strange Spoon","Golden Idol","Orichalcum","Anchor","TwistedFunnel","MealTicket"],"acts_visited":["Exordium"],"potions_floor_usage":[],"damage_taken":[{"damage":4,"enemies":"2 Louse","floor":1,"turns":3},{"damage":2,"enemies":"Jaw Worm","floor":7,"turns":3},{"damage":61,"enemies":"Gremlin Nob","floor":11,"turns":5}],"seed_played":"-3332035568343161205","potions_obtained":[{"floor":1,"key":"Strength Potion"}],"is_trial":false,"path_per_floor":["M","$","?","$","?","R","M","R","T","R","E"],"character_chosen":"THE_SILENT","items_purchased":["CaptainsWheel","PreservedInsect","Strange Spoon","Infinite Blades","Block Potion","SpeedPotion","Orichalcum","Anchor","TwistedFunnel","Blade Dance","Noxious Fumes"],"campfire_rested":0,"item_purchase_floors":[2,2,2,2,2,2,4,4,4,4,4],"current_hp_per_floor":[59,59,59,59,59,59,57,57,57,57,0,0],"gold":135,"neow_bonus":"ONE_RARE_RELIC","is_daily":false,"chose_seed":false,"campfire_upgraded":2,"win_rate":0.0,"timestamp":1610009902,"path_taken":["M","$","?","$","?","R","M","R","T","R","E"],"items_purchased_type":["Relic","Relic","Relic","Card","Potion","Potion","Relic","Relic","Relic","Card","Card"],"build_version":"2020-12-22","purchased_purges":6,"victory":false,"max_hp_per_floor":[63,63,63,63,63,63,63,63,63,63,63,63],"card_choices":[{"not_picked":["Setup","All Out Attack"],"picked":"Dagger Spray","floor":1},{"not_picked":["Calculated Gamble","Crippling Poison"],"picked":"Prepared","floor":7}],"player_experience":115745,"relics_obtained":[{"floor":9,"key":"MealTicket"}],"event_choices":[{"damage_healed":0,"gold_gain":0,"player_choice":"Take Wound","damage_taken":0,"relics_obtained":["Golden Idol"],"max_hp_gain":0,"max_hp_loss":0,"event_name":"Golden Idol","floor":3,"gold_loss":0,"cards_obtained":["Injury"]},{"damage_healed":0,"gold_gain":0,"player_choice":"Ignored","damage_taken":0,"max_hp_gain":0,"max_hp_loss":0,"event_name":"Liars Game","floor":5,"gold_loss":0}],"is_beta":false,"boss_relics":[],"items_purged_floors":[2,2,2,2,2,4],"is_endless":false,"potions_floor_spawned":[1,7],"killed_by":"Gremlin Nob","ascension_level":1}}