{"host":"ytfqch8s2wz3jr9k","time":1610054136,"event":{"mods":["Ascension Reborn","BaseMod","Block Reminder","Card Forge","Colored Powertips","Infinite Spire","Minty Spire (QoL Compilation)","Replay The Spire","Shop Mod","StSLib","The Blackbeard","The Forsaken","The Hierophant","The Mystic"],"gold_per_floor":[115,67,85,85,106,126,141,180,180,180,200,219,237,272,272,377,377,399,426,88,100,112,129,65,65,65,75,75,108,121,162,162,264,264,280,294,311,328,354,393,393,420,420,430,247,272,294,162,162,262,262,270,281,56,69,85,97,111,115,140,154,167,195,209,253,253,332,332,336,356,370,379,396,439,450,493,493,502,108,139,150,181,181,282,282,296,296,296,296,305,337,352,364,364,370,182,189,217,252,252,361,370,375,390,409,429,446,489,516,526,526,540,552,582,622,632,632,745,745,753,770,787,789,800,825,825,750,773,773,807,831,845,845,845,943,943,958,982,982,718,738,771,771,771,771,622,622,636,650,497,575,577],"floor_reached":153,"playtime":7124,"items_purged":[],"score":3760,"play_id":"7a5ddd91-15f2-444c-b7ce-d50730cb4e8a","local_time":"20210107221536","daily_mods":["Vintage","Heirloom","Time Dilation","Flight"],"is_ascension_mode":true,"campfire_choices":[{"data":"Juggernaut","floor":15.0,"key":"SMITH"},{"floor":32.0,"key":"REST"},{"data":"1","floor":49.0,"key":"LIFT"},{"data":"2","floor":66.0,"key":"LIFT"},{"data":"3","floor":83.0,"key":"LIFT"},{"floor":100.0,"key":"DIG"},{"floor":117,"key":"DIG"}],"circlet_count":0,"master_deck":["Strike_R+1","Strike_R+1","Strike_R+1","Strike_R+1","Strike_R+1","Defend_R+2","Defend_R+1","Defend_R+1","Defend_R+2","Bash+1","Iron Wave+1","Ghostly Armor+1","Juggernaut+1","Exhume+1","hierophant:ChurchCoffers+1","Juggernaut+1","ReplayTheSpireMod:Private Reserves+1","ReplayTheSpireMod:Chaos Vortex+1","Shrug It Off+1","Ghostly Armor+1","Combust+1","Bloodletting+1","Twin Strike+1","Life Link+1","Fiend Fire+1","Hemogenesis+1","Heavy Blade+1","Pommel Strike+1","Replay:Fractal Strike+1","Rage+1","Anger+1","Life Link+1","Good Instincts+1","ReplayTheSpireMod:Limb From Limb+1","Cleave+1","Finesse+1","Offering+1","ReplayReversal+1","Metallicize+1","Good Instincts+1","Dual Wield+1","Rupture+1","Pommel Strike+1","Double Tap+1","ReplayReversal+1","Dual Wield+1","Combust+1","Bloodletting+1","Shrug It Off+1","Limit Break+1","ReplayTheSpireMod:Chaos Vortex+1","Infernal Blade+1","Body Slam+1","Uppercut+1","Cleave+1","Barricade+1","Cleave+1","Cleave+1"],"relics":["Burning Blood","Hammer of Thor","Seething Fire","Anvil of the Gods","TungstenRod","infinitespire:Midas Blood","Gremlin Horn","Pocketwatch","theForsaken:Lifeblossom","Meat on the Bone","Sundial","infinitespire:BottledMercury","infinitespire:Lucky Rock","ReplayTheSpireMod:Spearhead","MawBank","Replay:Bottled Flurry","MerchantsRug","Replay:Wax Seal","HandDrill","Self Forming Clay","Happy Flower","Durian","Orrery","NeowsBlessing","Bottled Flame","Question Card","Lee\u0027s Waffle","Pondfish Scales","Bag of Preparation","Bottled Tornado","Replay:Grab Bag","Sozu","infinitespire:Burning Sword","Black Star","Simple Rune","ReplayTheSpireMod:Shallot","Replay:Mystery Machine","theForsaken:HumbleEgg","Girya","Regal Pillow","ReplayTheSpireMod:Lightbulb","NeowsBlessing","HornCleat","infinitespire:Satchel","theForsaken:ScaryMask","Pen Nib","Orichalcum","Art of War","infinitespire:WardingShard","Ice Cream","Du-Vu Doll","Anchor","Pear","Strawberry","infinitespire:EmpoweringShard","Nunchaku","Akabeko","Toxic Egg 2","PreservedInsect","Replay:Bandana","Gremlin Food","CeramicFish","Replay:Ringing Soul","Replay:Baseball","Divine Protection","Runic Dome","Replay:Bottled Steam","infinitespire:FocusingShard","Blue Candle","Mercury Hourglass","Ornamental Fan","Kunai","Boot","Bottled Lightning","Bag of Marbles","Coffee Dripper","Omamori","Fusion Hammer","Whetstone","Lantern","StrikeDummy","Unceasing Top","Shuriken","Toy Ornithopter","Medical Kit","Replay:Bottled Snecko","Replay:Rubber Ducky","Blood Vial","ReplayTheSpireMod:Ninjato","Mark of Pain","Vajra","Oddly Smooth Stone","infinitespire:Bottled Soul","Blue Doll","War Paint","Pantograph","Charon\u0027s Ashes","Snack Pack","ReplayFunnel","Onion Ring","King of Hearts","infinitespire:Beetle Shell","Iron Hammer","Bronze Scales","Replay:WaspNest","theForsaken:Gavel","Red Skull","FossilizedHelix","Torii","Paper Frog","Counterbalance","infinitespire:Broken Mirror","Replay:Bottled Eggs","infinitespire:CheckeredPen","Membership Card","Letter Opener","Mummified Hand","Replay:Towering Pillar of Hats"],"acts_visited":["TheCity","TheBeyond"],"potions_floor_usage":[],"damage_taken":[{"damage":0.0,"enemies":"Jaw Worm","floor":1.0,"turns":4.0},{"damage":1.0,"enemies":"Small Slimes","floor":3.0,"turns":3.0},{"damage":4.0,"enemies":"infinitespire:Voidling","floor":5.0,"turns":3.0},{"damage":4.0,"enemies":"Blue Slaver","floor":6.0,"turns":3.0},{"damage":0.0,"enemies":"Exordium Thugs","floor":7.0,"turns":3.0},{"damage":15.0,"enemies":"3 Sentries","floor":8.0,"turns":6.0},{"damage":6.0,"enemies":"Red Slaver","floor":11.0,"turns":3.0},{"damage":22.0,"enemies":"Large Slime","floor":12.0,"turns":4.0},{"damage":0.0,"enemies":"Exordium Thugs","floor":13.0,"turns":3.0},{"damage":9.0,"enemies":"Lagavulin","floor":14.0,"turns":4.0},{"damage":0.0,"enemies":"Slime Boss","floor":16.0,"turns":4.0},{"damage":1.0,"enemies":"2 Thieves","floor":18.0,"turns":4.0},{"damage":12.0,"enemies":"3 Byrds","floor":19.0,"turns":4.0},{"damage":0.0,"enemies":"Snecko","floor":21.0,"turns":4.0},{"damage":0.0,"enemies":"Snake Plant","floor":22.0,"turns":4.0},{"damage":0.0,"enemies":"Slavers","floor":23.0,"turns":4.0},{"damage":0.0,"enemies":"Centurion and Healer","floor":27.0,"turns":1.0},{"damage":0.0,"enemies":"Book of Stabbing","floor":29.0,"turns":1.0},{"damage":0.0,"enemies":"Snecko","floor":30.0,"turns":1.0},{"damage":23.0,"enemies":"Slavers","floor":31.0,"turns":4.0},{"damage":5.0,"enemies":"Collector","floor":33.0,"turns":5.0},{"damage":9.0,"enemies":"3 Darklings","floor":35.0,"turns":3.0},{"damage":11.0,"enemies":"3 Shapes","floor":36.0,"turns":2.0},{"damage":2.0,"enemies":"Sphere and 2 Shapes","floor":37.0,"turns":3.0},{"damage":2.0,"enemies":"3 Darklings","floor":38.0,"turns":3.0},{"damage":22.0,"enemies":"Nemesis","floor":40.0,"turns":5.0},{"damage":0.0,"enemies":"Nightmare","floor":42.0,"turns":1.0},{"damage":0.0,"enemies":"Maw","floor":44.0,"turns":1.0},{"damage":0.0,"enemies":"Giant Head","floor":46.0,"turns":1.0},{"damage":3.0,"enemies":"4 Shapes","floor":47.0,"turns":3.0},{"damage":2.0,"enemies":"Awakened One","floor":50.0,"turns":7.0},{"damage":0.0,"enemies":"Jaw Worm","floor":52.0,"turns":1.0},{"damage":0.0,"enemies":"Cultist","floor":55.0,"turns":2.0},{"damage":0.0,"enemies":"2 Louse","floor":56.0,"turns":1.0},{"damage":10.0,"enemies":"Gremlin Nob","floor":57.0,"turns":1.0},{"damage":19.0,"enemies":"Gremlin Gang","floor":58.0,"turns":2.0},{"damage":0.0,"enemies":"Blue Slaver","floor":59.0,"turns":2.0},{"damage":0.0,"enemies":"Looter","floor":61.0,"turns":1.0},{"damage":0.0,"enemies":"3 Louse","floor":62.0,"turns":1.0},{"damage":0.0,"enemies":"Exordium Thugs","floor":63.0,"turns":1.0},{"damage":10.0,"enemies":"Large Slime","floor":64.0,"turns":1.0},{"damage":2.0,"enemies":"Lagavulin","floor":65.0,"turns":2.0},{"damage":2.0,"enemies":"Fading Forest","floor":67.0,"turns":7.0},{"damage":0.0,"enemies":"2 Thieves","floor":69.0,"turns":1.0},{"damage":0.0,"enemies":"Chosen","floor":70.0,"turns":2.0},{"damage":0.0,"enemies":"Shelled Parasite and Fungi","floor":71.0,"turns":1.0},{"damage":0.0,"enemies":"Chosen and Byrds","floor":72.0,"turns":2.0},{"damage":0.0,"enemies":"Snecko","floor":73.0,"turns":2.0},{"damage":17.0,"enemies":"Nightmare","floor":74.0,"turns":3.0},{"damage":1.0,"enemies":"Cultist and Chosen","floor":75.0,"turns":2.0},{"damage":0.0,"enemies":"Gremlin Leader","floor":76.0,"turns":2.0},{"damage":0.0,"enemies":"Snake Plant","floor":78.0,"turns":2.0},{"damage":0.0,"enemies":"Snecko","floor":81.0,"turns":3.0},{"damage":0.0,"enemies":"Slavers","floor":82.0,"turns":1.0},{"damage":0.0,"enemies":"Champ","floor":84.0,"turns":3.0},{"damage":0.0,"enemies":"3 Shapes","floor":86.0,"turns":1.0},{"damage":0.0,"enemies":"Nemesis","floor":91.0,"turns":1.0},{"damage":0.0,"enemies":"3 Darklings","floor":92.0,"turns":1.0},{"damage":5.0,"enemies":"Spire Growth","floor":93.0,"turns":1.0},{"damage":3.0,"enemies":"Jaw Worm Horde","floor":95.0,"turns":1.0},{"damage":0.0,"enemies":"3 Darklings","floor":97.0,"turns":1.0},{"damage":2.0,"enemies":"R_Hoarder","floor":98.0,"turns":2.0},{"damage":0.0,"enemies":"Giant Head","floor":99.0,"turns":2.0},{"damage":4.0,"enemies":"infinitespire:MassOfShapes","floor":101.0,"turns":3.0},{"damage":0.0,"enemies":"Small Slimes","floor":103.0,"turns":1.0},{"damage":0,"enemies":"2 Louse","floor":104,"turns":1},{"damage":0,"enemies":"Jaw Worm","floor":105,"turns":1},{"damage":0,"enemies":"Exordium Wildlife","floor":106,"turns":1},{"damage":0,"enemies":"Lots of Slimes","floor":107,"turns":1},{"damage":0,"enemies":"Lagavulin","floor":108,"turns":1},{"damage":0,"enemies":"3 Sentries","floor":109,"turns":1},{"damage":0,"enemies":"Looter","floor":110,"turns":1},{"damage":0,"enemies":"Red Slaver","floor":112,"turns":1},{"damage":0,"enemies":"Exordium Thugs","floor":113,"turns":1},{"damage":0,"enemies":"Gremlin Nob","floor":114,"turns":1},{"damage":0,"enemies":"Nightmare","floor":115,"turns":1},{"damage":0,"enemies":"Looter","floor":116,"turns":1},{"damage":0,"enemies":"Hexaghost","floor":118,"turns":1},{"damage":0,"enemies":"3 Byrds","floor":120,"turns":1},{"damage":0,"enemies":"Chosen","floor":121,"turns":1},{"damage":0,"enemies":"Shelled Parasite and Fungi","floor":122,"turns":1},{"damage":0,"enemies":"Snecko","floor":124,"turns":1},{"damage":0,"enemies":"Nightmare","floor":125,"turns":1},{"damage":0,"enemies":"Book of Stabbing","floor":130,"turns":1},{"damage":0,"enemies":"Slavers","floor":131,"turns":1},{"damage":0,"enemies":"Cultist and Chosen","floor":132,"turns":1},{"damage":0,"enemies":"Collector","floor":135,"turns":1},{"damage":0,"enemies":"3 Shapes","floor":137,"turns":1},{"damage":0,"enemies":"3 Darklings","floor":138,"turns":1},{"damage":0,"enemies":"Writhing Mass","floor":141,"turns":1},{"damage":0,"enemies":"R_Hoarder","floor":142,"turns":1},{"damage":0,"enemies":"Reptomancer","floor":148,"turns":2},{"damage":0,"enemies":"Jaw Worm Horde","floor":149,"turns":1},{"damage":0,"enemies":"Time Eater","floor":152,"turns":1}],"seed_played":"-5572745287743013294","potions_obtained":[{"floor":5.0,"key":"PowerPotion"},{"floor":8.0,"key":"Flashbang"},{"floor":11.0,"key":"LiquidMemories"},{"floor":12.0,"key":"Reflective Coating"},{"floor":22.0,"key":"BloodPotion"},{"floor":23.0,"key":"Elixir"},{"floor":29.0,"key":"LiquidBronze"},{"floor":33.0,"key":"BloodPotion"}],"is_trial":true,"path_per_floor":["M","$","M","WH","M","M","M","E","T","WH","M","M","M","E","R","B",null,"M","M","$","M","M","E","$","WH","T","M","AVR","E","M","E","R","B",null,"M","M","M","M","?","E","WH","NM","T","M","$","E","M","$","R","B",null,"M","$","$","M","M","E","M","M","T","M","M","M","M","E","R","B",null,"M","M","M","M","M","NM","M","E","T","M","$","$","M","E","R","B",null,"M","?","WH","WH","AVR","E","M","M","T","M","$","M","E","E","R","B",null,"M","M","M","M","M","E","E","M","T","M","M","E","NM","M","R","B",null,"M","M","M","?","M","NM","R","?","T","$","E","E","M","?","R","B",null,"M","M","?","$","M","E","?","R","T","$","?","E","M","$","R","B",null],"character_chosen":"IRONCLAD","items_purchased":["Iron Wave","MerchantsRug","Replay:Wax Seal","HandDrill","Shrug It Off","Self Forming Clay","Orrery","Anger+1","Life Link","Orichalcum","Good Instincts","Cleave+1","Finesse","ReplayReversal","Metallicize","Good Instincts","Dual Wield","Anchor","Ornamental Fan","Combust","Bloodletting+1","Kunai","Body Slam+1","Medical Kit","infinitespire:Broken Mirror","Cleave+1","Membership Card","Replay:Towering Pillar of Hats"],"campfire_rested":1,"item_purchase_floors":[2,20,20,20,20,20,24,45,45,45,45,48,48,53,53,53,54,54,79,79,79,80,96,96,140,140,146,150],"current_hp_per_floor":[87,87,87,95,95,95,95,87,87,96,101,91,102,102,102,104,104,104,99,99,104,104,109,109,109,109,109,116,116,116,102,116,116,116,115,113,116,116,116,103,103,109,109,115,115,116,116,116,116,116,116,116,116,116,126,133,129,119,128,128,133,133,133,129,136,136,139,139,139,139,139,139,139,131,139,145,145,145,148,148,148,151,151,154,154,154,154,154,154,154,154,154,152,152,152,152,154,154,154,154,154,154,154,154,154,154,154,157,157,157,157,157,157,157,160,160,160,163,163,163,163,163,128,136,144,144,144,144,144,155,165,171,171,171,171,171,171,171,171,174,174,174,174,174,174,174,174,174,174,174,174,174],"gold":577,"neow_bonus":"THREE_ENEMY_KILL","is_daily":false,"chose_seed":false,"campfire_upgraded":1,"win_rate":0.0,"timestamp":1610054136,"path_taken":["M","$","M","WH","M","M","M","E","T","WH","M","M","M","E","R","BOSS","M","M","$","M","M","E","$","WH","T","M","AVR","E","M","E","R","BOSS","M","M","M","M","?","E","WH","NM","T","M","$","E","M","$","R","BOSS","M","$","$","M","M","E","M","M","T","M","M","M","M","E","R","BOSS","M","M","M","M","M","NM","M","E","T","M","$","$","M","E","R","BOSS","M","?","WH","WH","AVR","E","M","M","T","M","$","M","E","E","R","BOSS","M","M","M","M","M","E","E","M","T","M","M","E","NM","M","R","BOSS","M","M","M","?","M","NM","R","?","T","?","E","E","?","?","R","BOSS","M","M","?","$","?","E","?","R","T","?","?","E","?","$","R","BOSS"],"items_purchased_type":["Card","Relic","Relic","Relic","Card","Relic","Relic","Card","Card","Relic","Card","Card","Card","Card","Card","Card","Card","Relic","Relic","Card","Card","Relic","Card","Relic","Relic","Card","Relic","Relic"],"build_version":"2020-12-22","purchased_purges":0,"victory":true,"max_hp_per_floor":[87,87,87,95,95,95,95,95,95,104,104,104,104,104,104,104,104,104,104,104,104,104,109,109,109,109,109,116,116,116,116,116,116,116,116,116,116,116,116,116,116,116,116,116,116,116,116,116,116,116,116,116,116,116,126,133,133,133,133,133,133,133,133,133,136,136,139,139,139,139,139,139,139,142,142,145,145,145,148,148,148,151,151,154,154,154,154,154,154,154,154,154,154,154,154,154,154,154,154,154,154,154,154,154,154,154,154,157,157,157,157,157,157,157,160,160,160,163,163,163,163,163,168,168,168,168,168,168,168,171,171,171,171,171,171,171,171,171,171,174,174,174,174,174,174,174,174,174,174,174,174,174],"card_choices":[{"not_picked":["Pummel","Entrench"],"picked":"Ghostly Armor","floor":8.0},{"not_picked":["Heavy Blade","Flex"],"picked":"Juggernaut","floor":14.0},{"not_picked":["Immolate","Impervious"],"picked":"Exhume","floor":16.0},{"not_picked":["Survivor","hierophant:Punish"],"picked":"hierophant:ChurchCoffers","floor":17.0},{"not_picked":["Bludgeon","Berserk"],"picked":"Juggernaut","floor":17.0},{"not_picked":["Swift Strike","Impatience"],"picked":"ReplayTheSpireMod:Private Reserves","floor":17.0},{"not_picked":["infinitespire:Oblivion","infinitespire:UltimateForm"],"picked":"ReplayTheSpireMod:Chaos Vortex","floor":17.0},{"not_picked":["Disarm+1","Berserk"],"picked":"Ghostly Armor","floor":23.0},{"not_picked":["Sword Boomerang","Exhume"],"picked":"Clothesline","floor":24.0},{"not_picked":["ReplayTheSpireMod:Strike From Hell","Carnage"],"picked":"Combust","floor":24.0},{"not_picked":["True Grit","Heavy Blade"],"picked":"Bloodletting+1","floor":24.0},{"not_picked":["Clothesline","Clash"],"picked":"Twin Strike+1","floor":24.0},{"not_picked":["Limit Break","Abandon","Twin Strike"],"picked":"Life Link","floor":29.0},{"not_picked":["Reckless Charge","Shockwave","Clash"],"picked":"Fiend Fire","floor":31.0},{"not_picked":["Bludgeon","Feed","Impervious"],"picked":"Hemogenesis","floor":33.0},{"not_picked":["ReplayTheSpireMod:Strike From Hell+1","Replay:Undeath\u0027s Touch+1","Inflame+1"],"picked":"Heavy Blade+1","floor":39.0},{"not_picked":["Havoc+1","Entrench","Perfected Strike+1"],"picked":"Pommel Strike+1","floor":40.0},{"not_picked":["infinitespire:Fortify","infinitespire:Collect"],"picked":"Replay:Fractal Strike","floor":42.0},{"not_picked":["Rupture","Hemogenesis","Second Wind"],"picked":"Rage+1","floor":42.0},{"not_picked":["Feel No Pain+1","Run Through+1","True Grit+1"],"picked":"ReplayTheSpireMod:Limb From Limb","floor":46.0},{"not_picked":["Replay:Many Hands","Brutality","Demon Form"],"picked":"Offering","floor":50.0},{"not_picked":["infinitespire:Pacifist","AbeCurse","ReplayTheSpireMod:Faulty Equipment"],"picked":"Shame","floor":51.0},{"not_picked":["ReplayTheSpireMod:Faulty Equipment","ReplayTheSpireMod:Splinters","Spreading Infection"],"picked":"Amnesia","floor":51.0},{"not_picked":["Overencumbered","Decay","Voices"],"picked":"Languid","floor":51.0},{"not_picked":["Clash+1","Evolve","ReplayTheSpireMod:Strike From Hell+1"],"picked":"Rupture","floor":57.0},{"not_picked":["Clothesline+1","infinitespire:OneForAll","Shockwave+1"],"picked":"Pommel Strike+1","floor":65.0},{"not_picked":["Barricade","Fiend Fire","Immolate"],"picked":"Double Tap+1","floor":67.0},{"not_picked":["Havoc+1","Replay:Undeath\u0027s Touch+1","Clothesline+1"],"picked":"ReplayReversal+1","floor":74.0},{"not_picked":["Havoc+1","Uppercut+1","Clothesline+1"],"picked":"Dual Wield+1","floor":76.0},{"not_picked":["Thunderclap+1","Havoc+1","Replay:Many Hands+1"],"picked":"Shrug It Off+1","floor":82.0},{"not_picked":["Eclipse+1","Bludgeon","Exhume+1"],"picked":"Limit Break+1","floor":84.0},{"not_picked":["infinitespire:NeuralNetwork","ReplayTheSpireMod:Black Plague"],"picked":"ReplayTheSpireMod:Chaos Vortex","floor":90.0},{"not_picked":["Heavy Blade+1","Twin Strike+1","Immolate"],"picked":"Infernal Blade+1","floor":91.0},{"not_picked":["Hemogenesis","Armaments+1","ReplayTheSpireMod:Muscle Training+1","Reaper"],"picked":"SKIP","floor":98.0},{"not_picked":["Shrug It Off+1","Armaments+1","ReplayTheSpireMod:Strike From Hell+1","Twin Strike+1"],"picked":"SKIP","floor":99.0},{"not_picked":["Intimidate+1","Metallicize","Body Slam+1"],"picked":"Uppercut","floor":108},{"not_picked":["Warcry+1","Replay:Many Hands+1","Shrug It Off+1","Armaments+1"],"picked":"SKIP","floor":109},{"not_picked":["Run Through+1","Disarm+1","Clothesline+1","Uppercut"],"picked":"SKIP","floor":114},{"not_picked":["True Grit+1","Armaments+1","Bloodletting+1"],"picked":"Cleave+1","floor":115},{"not_picked":["Fiend Fire","Exhume+1","Bludgeon"],"picked":"Barricade","floor":118},{"not_picked":["Impervious+1","Run Through+1","Defy Death+1","Shrug It Off+1"],"picked":"SKIP","floor":125},{"not_picked":["Replay:Undeath\u0027s Touch+1","True Grit+1","Limit Break+1"],"picked":"Cleave+1","floor":130},{"not_picked":["Perfected Strike+1","Massacre","Defy Death+1","Wild Strike+1"],"picked":"SKIP","floor":131},{"not_picked":["True Grit+1","Headbutt+1","Thunderclap+1","Flex+1"],"picked":"SKIP","floor":142},{"not_picked":["Heavy Blade+1","Armaments+1","Warcry+1","Fire Breathing"],"picked":"SKIP","floor":148}],"player_experience":48383,"relics_obtained":[{"floor":1.0,"key":"Strawberry"},{"floor":3.0,"key":"infinitespire:Midas Blood"},{"floor":5.0,"key":"Gremlin Horn"},{"floor":6.0,"key":"Pocketwatch"},{"floor":7.0,"key":"theForsaken:Lifeblossom"},{"floor":8.0,"key":"Meat on the Bone"},{"floor":9.0,"key":"Ancient Tea Set"},{"floor":11.0,"key":"Sundial"},{"floor":12.0,"key":"infinitespire:BottledMercury"},{"floor":13.0,"key":"infinitespire:Lucky Rock"},{"floor":14.0,"key":"ReplayTheSpireMod:Spearhead"},{"floor":18.0,"key":"MawBank"},{"floor":19.0,"key":"Replay:Bottled Flurry"},{"floor":21.0,"key":"Eternal Feather"},{"floor":22.0,"key":"Happy Flower"},{"floor":23.0,"key":"Durian"},{"floor":26.0,"key":"Bottled Flame"},{"floor":27.0,"key":"Question Card"},{"floor":29.0,"key":"Pondfish Scales"},{"floor":30.0,"key":"Bag of Preparation"},{"floor":31.0,"key":"Bottled Tornado"},{"floor":35.0,"key":"Simple Rune"},{"floor":36.0,"key":"ReplayTheSpireMod:Shallot"},{"floor":37.0,"key":"Replay:Mystery Machine"},{"floor":38.0,"key":"theForsaken:HumbleEgg"},{"floor":39.0,"key":"Girya"},{"floor":40.0,"key":"Regal Pillow"},{"floor":40.0,"key":"ReplayTheSpireMod:Lightbulb"},{"floor":42.0,"key":"HornCleat"},{"floor":42.0,"key":"infinitespire:Satchel"},{"floor":43.0,"key":"theForsaken:ScaryMask"},{"floor":44.0,"key":"Pen Nib"},{"floor":46.0,"key":"MealTicket"},{"floor":47.0,"key":"Juzu Bracelet"},{"floor":52.0,"key":"Du-Vu Doll"},{"floor":55.0,"key":"Pear"},{"floor":56.0,"key":"Strawberry"},{"floor":57.0,"key":"infinitespire:EmpoweringShard"},{"floor":57.0,"key":"Nunchaku"},{"floor":58.0,"key":"Akabeko"},{"floor":59.0,"key":"Toxic Egg 2"},{"floor":60.0,"key":"PreservedInsect"},{"floor":61.0,"key":"Replay:Bandana"},{"floor":62.0,"key":"Gremlin Food"},{"floor":63.0,"key":"CeramicFish"},{"floor":64.0,"key":"Replay:Ringing Soul"},{"floor":65.0,"key":"Replay:Baseball"},{"floor":65.0,"key":"Divine Protection"},{"floor":69.0,"key":"Molten Egg 2"},{"floor":70.0,"key":"Iron Hammer"},{"floor":71.0,"key":"Replay:Bottled Steam"},{"floor":72.0,"key":"War Paint"},{"floor":73.0,"key":"Potion Belt"},{"floor":74.0,"key":"infinitespire:PuzzleCube"},{"floor":75.0,"key":"infinitespire:FocusingShard"},{"floor":76.0,"key":"infinitespire:Eraser"},{"floor":76.0,"key":"Blue Candle"},{"floor":77.0,"key":"Mercury Hourglass"},{"floor":78.0,"key":"Tiny Chest"},{"floor":81.0,"key":"Boot"},{"floor":82.0,"key":"Bottled Lightning"},{"floor":82.0,"key":"Bag of Marbles"},{"floor":86.0,"key":"Omamori"},{"floor":91.0,"key":"Whetstone"},{"floor":91.0,"key":"Lantern"},{"floor":92.0,"key":"StrikeDummy"},{"floor":93.0,"key":"Unceasing Top"},{"floor":94.0,"key":"Shuriken"},{"floor":95.0,"key":"Toy Ornithopter"},{"floor":97.0,"key":"Replay:Bottled Snecko"},{"floor":98.0,"key":"Replay:Rubber Ducky"},{"floor":99.0,"key":"Blood Vial"},{"floor":99.0,"key":"ReplayTheSpireMod:Ninjato"},{"floor":104,"key":"Vajra"},{"floor":105,"key":"Oddly Smooth Stone"},{"floor":106,"key":"infinitespire:Bottled Soul"},{"floor":107,"key":"Blue Doll"},{"floor":108,"key":"War Paint"},{"floor":109,"key":"Pantograph"},{"floor":109,"key":"Charon\u0027s Ashes"},{"floor":110,"key":"Snack Pack"},{"floor":111,"key":"ReplayFunnel"},{"floor":113,"key":"Onion Ring"},{"floor":114,"key":"King of Hearts"},{"floor":116,"key":"infinitespire:Beetle Shell"},{"floor":117,"key":"Iron Hammer"},{"floor":120,"key":"Bronze Scales"},{"floor":121,"key":"Replay:WaspNest"},{"floor":125,"key":"theForsaken:Gavel"},{"floor":128,"key":"Red Skull"},{"floor":130,"key":"FossilizedHelix"},{"floor":131,"key":"Torii"},{"floor":132,"key":"Paper Frog"},{"floor":137,"key":"Counterbalance"},{"floor":141,"key":"Replay:Bottled Eggs"},{"floor":142,"key":"infinitespire:CheckeredPen"},{"floor":148,"key":"Letter Opener"},{"floor":148,"key":"Mummified Hand"}],"event_choices":[{"cards_removed":["Clothesline"],"damage_healed":0.0,"max_hp_gain":0.0,"max_hp_loss":0.0,"gold_gain":0.0,"event_name":"Falling","player_choice":"Removed Attack","floor":87.0,"gold_loss":0.0,"damage_taken":0.0},{"damage_healed":0,"gold_gain":0,"player_choice":"Shed Blood","damage_taken":41,"max_hp_gain":5,"max_hp_loss":0,"event_name":"Forgotten Altar","floor":123,"gold_loss":0},{"cards_removed":["Delirium"],"damage_healed":0,"gold_gain":0,"player_choice":"Gave Gold","damage_taken":0,"max_hp_gain":0,"max_hp_loss":0,"event_name":"Beggar","floor":127,"gold_loss":75},{"damage_healed":0,"gold_gain":0,"player_choice":"Upgraded","damage_taken":0,"max_hp_gain":0,"max_hp_loss":0,"event_name":"Upgrade Shrine","floor":133,"gold_loss":0,"cards_upgraded":["Barricade"]},{"damage_healed":0,"gold_gain":0,"player_choice":"Upgraded","damage_taken":0,"max_hp_gain":0,"max_hp_loss":0,"event_name":"Upgrade Shrine","floor":139,"gold_loss":0,"cards_upgraded":["Uppercut"]},{"damage_healed":0,"gold_gain":0,"player_choice":"Full Heal","damage_taken":0,"max_hp_gain":0,"max_hp_loss":0,"event_name":"Wheel of Change","floor":143,"gold_loss":0}],"is_beta":false,"boss_relics":[{"not_picked":["Snecko Heart","Painkiller Herb"],"picked":"ReplayTheSpireMod:SealedPack"},{"not_picked":["Replay:Bronze Core","Runic Pyramid"],"picked":"Replay:Grab Bag"},{"not_picked":["Coffee Dripper","theForsaken:PaleLantern"],"picked":"Sozu"},{"not_picked":["ChewingGum","ReplayTheSpireMod:Onyx Gauntlets"],"picked":"Velvet Choker"},{"not_picked":["Kintsugi","Empty Cage"],"picked":"infinitespire:Burning Sword"},{"not_picked":["Replay:Drink Me","SacredBark"],"picked":"Black Star"},{"not_picked":["Honey Jar","Astrolabe"],"picked":"Replay:Ancient Bell"},{"not_picked":["CeramicFish","PreservedInsect"],"picked":"Art of War"},{"not_picked":["Toxic Egg 2","InkBottle"],"picked":"infinitespire:WardingShard"},{"not_picked":["Bird Faced Urn","Dead Branch"],"picked":"Ice Cream"},{"not_picked":["Runic Pyramid","Replay:Drink Me"],"picked":"Runic Dome"},{"not_picked":["Velvet Choker","ChewingGum"],"picked":"Coffee Dripper"},{"not_picked":["ReplayTheSpireMod:SealedPack","Honey Jar"],"picked":"Mark of Pain"},{"not_picked":["Tiny House","SacredBark","Snecko Heart"]},{"not_picked":["Astrolabe","Replay:Bronze Core","Cursed Key"]}],"items_purged_floors":[],"is_endless":false,"potions_floor_spawned":[5,8,11,12,16,18,22,23,29,33,40,44,47,52,56,57,61,62,67,69,70,75,81,82,84,86,92,97,107,108,109,113,115,121,124,130,131,135,137,141,142,149],"ascension_level":0}}