{"host":"dw8ij7emqco3quom","time":1610057805,"event":{"mods":["BaseMod","Minty Spire (QoL Compilation)"],"gold_per_floor":[114,129,129,144,144,144,144,144,169,244,298,317,336,374,374,499,499,518,568,187,206,225,225,263,263,263,282,301,320,358,383,383,508,508,527,487,506,525,525,525,544,544,544,544,160,207,226,245,245,245],"floor_reached":51,"playtime":3469,"items_purged":[],"score":819,"play_id":"48818520-5790-4af8-b6b1-2bf082dfdcbc","local_time":"20210107231645","daily_mods":["SealedDeck","Vintage","Lethality"],"is_ascension_mode":false,"campfire_choices":[{"floor":6,"key":"REST"},{"data":"Collect","floor":8,"key":"SMITH"},{"floor":15,"key":"REST"},{"data":"Judgement","floor":23,"key":"SMITH"},{"data":"WindmillStrike","floor":25,"key":"SMITH"},{"floor":32,"key":"REST"},{"data":"Prostrate","floor":42,"key":"SMITH"},{"data":"FlyingSleeves","floor":44,"key":"SMITH"},{"data":"TalkToTheHand","floor":49,"key":"SMITH"}],"circlet_count":0,"master_deck":["Conclude","WindmillStrike+1","Study+1","Crescendo","EmptyMind","Collect+1","Protect","WheelKick","Prostrate","Prostrate+1","Judgement+1","DeceiveReality+1","InnerPeace+1","Violence+1","ReachHeaven","FlyingSleeves+1","Crescendo+1","Ragnarok+1","Prostrate+1","TalkToTheHand+1","MentalFortress","BattleHymn","Evaluate+1"],"relics":["PureWater","TeardropLocket","Shuriken","Bronze Scales","Golden Idol","Vajra","Matryoshka","Mercury Hourglass","MealTicket","Busted Crown","Toxic Egg 2","Meat on the Bone","Mummified Hand","Incense Burner","Potion Belt","Happy Flower","Question Card","Anchor","Blood Vial","The Courier","Red Mask","SlaversCollar","Smiling Mask","HornCleat","Ornamental Fan","Lizard Tail","CeramicFish","Bottled Tornado","Unceasing Top","Pear","Frozen Egg 2","Yang"],"acts_visited":["Exordium","TheCity","TheBeyond"],"potions_floor_usage":[14,22,29,33,50],"damage_taken":[{"damage":6,"enemies":"Jaw Worm","floor":1,"turns":3},{"damage":0,"enemies":"2 Louse","floor":2,"turns":1},{"damage":5,"enemies":"Cultist","floor":4,"turns":3},{"damage":5,"enemies":"Looter","floor":12,"turns":2},{"damage":15,"enemies":"Large Slime","floor":13,"turns":4},{"damage":0,"enemies":"Gremlin Nob","floor":14,"turns":2},{"damage":33,"enemies":"Hexaghost","floor":16,"turns":4},{"damage":12,"enemies":"Chosen","floor":18,"turns":3},{"damage":0,"enemies":"Spheric Guardian","floor":21,"turns":2},{"damage":0,"enemies":"Centurion and Healer","floor":22,"turns":3},{"damage":12,"enemies":"Gremlin Leader","floor":24,"turns":5},{"damage":0,"enemies":"Snecko","floor":27,"turns":3},{"damage":4,"enemies":"Sentry and Sphere","floor":28,"turns":2},{"damage":1,"enemies":"Centurion and Healer","floor":29,"turns":3},{"damage":19,"enemies":"Slavers","floor":30,"turns":3},{"damage":0,"enemies":"Masked Bandits","floor":31,"turns":2},{"damage":2,"enemies":"Automaton","floor":33,"turns":5},{"damage":0,"enemies":"Orb Walker","floor":35,"turns":3},{"damage":9,"enemies":"3 Darklings","floor":37,"turns":2},{"damage":0,"enemies":"Maw","floor":38,"turns":5},{"damage":0,"enemies":"4 Shapes","floor":41,"turns":3},{"damage":0,"enemies":"Reptomancer","floor":46,"turns":4},{"damage":0,"enemies":"Sphere and 2 Shapes","floor":47,"turns":3},{"damage":0,"enemies":"3 Darklings","floor":48,"turns":2},{"damage":26,"enemies":"Time Eater","floor":50,"turns":5}],"seed_played":"8350349167999303424","potions_obtained":[{"floor":2,"key":"BlessingOfTheForge"},{"floor":12,"key":"Strength Potion"},{"floor":13,"key":"DuplicationPotion"},{"floor":18,"key":"DuplicationPotion"},{"floor":28,"key":"LiquidMemories"},{"floor":29,"key":"BlessingOfTheForge"},{"floor":30,"key":"Weak Potion"},{"floor":31,"key":"SteroidPotion"},{"floor":37,"key":"Weak Potion"},{"floor":38,"key":"DuplicationPotion"},{"floor":47,"key":"BlessingOfTheForge"}],"is_trial":false,"path_per_floor":["M","M","$","M","?","R","?","R","T","?","?","M","M","E","R","B",null,"M","?","$","M","M","R","E","R","T","M","M","M","E","?","R","B",null,"M","?","M","M","?","?","M","R","T","R","$","E","M","M","R","B",null],"character_chosen":"WATCHER","items_purchased":["DeceiveReality+1","InnerPeace+1","Violence+1","ReachHeaven","Prostrate+1","Unceasing Top","TalkToTheHand","MentalFortress","BattleHymn"],"campfire_rested":3,"item_purchase_floors":[20,20,20,20,45,45,45,45,45],"current_hp_per_floor":[66,66,66,61,43,64,64,64,64,53,53,48,33,33,54,21,72,60,60,72,72,72,72,60,60,60,60,56,55,38,40,61,61,72,72,72,63,65,65,65,67,67,67,67,72,82,82,82,82,56],"gold":245,"neow_bonus":"","is_daily":true,"chose_seed":false,"campfire_upgraded":6,"win_rate":0.0,"timestamp":1610057805,"path_taken":["M","M","$","M","?","R","?","R","T","?","?","?","M","E","R","BOSS","M","?","$","M","M","R","E","R","T","?","M","M","E","?","R","BOSS","M","?","M","?","?","?","?","R","T","R","$","E","M","M","R","BOSS"],"items_purchased_type":["Card","Card","Card","Card","Card","Relic","Card","Card","Card"],"build_version":"2020-12-22","purchased_purges":0,"victory":true,"max_hp_per_floor":[72,72,72,72,72,72,72,72,72,72,72,72,72,72,72,72,72,72,72,72,72,72,72,72,72,72,72,72,72,72,72,72,72,72,72,72,72,72,72,72,72,72,72,72,72,82,82,82,82,82],"card_choices":[{"not_picked":["Protect","CutThroughFate","ThirdEye"],"picked":"SKIP","floor":14},{"not_picked":["Vault","Establishment"],"picked":"Judgement","floor":16},{"not_picked":["Blasphemy+1"],"picked":"SKIP","floor":24},{"not_picked":["PathToVictory+1"],"picked":"FlyingSleeves","floor":30},{"not_picked":["Collect+1"],"picked":"Crescendo+1","floor":31},{"not_picked":["DeusExMachina+1"],"picked":"Ragnarok","floor":33},{"not_picked":["Conclude+1"],"picked":"Evaluate+1","floor":46}],"player_experience":621257,"relics_obtained":[{"floor":1,"key":"TeardropLocket"},{"floor":2,"key":"Shuriken"},{"floor":4,"key":"Bronze Scales"},{"floor":9,"key":"Vajra"},{"floor":12,"key":"Matryoshka"},{"floor":13,"key":"Mercury Hourglass"},{"floor":14,"key":"MealTicket"},{"floor":18,"key":"Toxic Egg 2"},{"floor":21,"key":"Meat on the Bone"},{"floor":22,"key":"Mummified Hand"},{"floor":24,"key":"Incense Burner"},{"floor":26,"key":"Potion Belt"},{"floor":26,"key":"Happy Flower"},{"floor":27,"key":"Question Card"},{"floor":28,"key":"Anchor"},{"floor":29,"key":"Blood Vial"},{"floor":30,"key":"The Courier"},{"floor":31,"key":"Red Mask"},{"floor":35,"key":"Smiling Mask"},{"floor":37,"key":"HornCleat"},{"floor":38,"key":"Ornamental Fan"},{"floor":41,"key":"Lizard Tail"},{"floor":43,"key":"CeramicFish"},{"floor":43,"key":"Bottled Tornado"},{"floor":46,"key":"Pear"},{"floor":47,"key":"Frozen Egg 2"},{"floor":48,"key":"Yang"}],"event_choices":[{"damage_healed":0,"gold_gain":0,"player_choice":"Take Damage","damage_taken":18,"relics_obtained":["Golden Idol"],"max_hp_gain":0,"max_hp_loss":0,"event_name":"Golden Idol","floor":5,"gold_loss":0},{"damage_healed":0,"gold_gain":0,"player_choice":"Grow","damage_taken":0,"max_hp_gain":0,"max_hp_loss":0,"event_name":"Living Wall","floor":7,"gold_loss":0,"cards_upgraded":["Study"]},{"damage_healed":0,"gold_gain":75,"player_choice":"Gather Gold","damage_taken":11,"max_hp_gain":0,"max_hp_loss":0,"event_name":"World of Goop","floor":10,"gold_loss":0},{"damage_healed":0,"gold_gain":54,"player_choice":"Gained Gold","damage_taken":0,"max_hp_gain":0,"max_hp_loss":0,"event_name":"Golden Wing","floor":11,"gold_loss":0},{"damage_healed":0,"gold_gain":100,"player_choice":"Bet on Murderer","damage_taken":0,"max_hp_gain":0,"max_hp_loss":0,"event_name":"The Joust","floor":19,"gold_loss":50},{"damage_healed":0,"gold_gain":0,"player_choice":"Fought Bandits","damage_taken":0,"max_hp_gain":0,"max_hp_loss":0,"event_name":"Masked Bandits","floor":31,"gold_loss":0},{"damage_healed":0,"gold_gain":0,"player_choice":"Upgrade","damage_taken":0,"max_hp_gain":0,"max_hp_loss":0,"event_name":"Designer","floor":36,"gold_loss":40,"cards_upgraded":["Ragnarok"]},{"damage_healed":0,"gold_gain":0,"player_choice":"Ignored","damage_taken":0,"max_hp_gain":0,"max_hp_loss":0,"event_name":"Mysterious Sphere","floor":39,"gold_loss":0},{"damage_healed":0,"gold_gain":0,"player_choice":"Ignored","damage_taken":0,"max_hp_gain":0,"max_hp_loss":0,"event_name":"SecretPortal","floor":40,"gold_loss":0}],"is_beta":false,"boss_relics":[{"not_picked":["Philosopher\u0027s Stone","Sozu"],"picked":"Busted Crown"},{"not_picked":["Velvet Choker","VioletLotus"],"picked":"SlaversCollar"}],"items_purged_floors":[],"is_endless":false,"potions_floor_spawned":[2,12,13,18,21,28,29,30,31,37,38,47,48],"ascension_level":0}}