{"host":"J","time":1610043542,"event":{"mods":["AchievementEnabler","BaseMod","Block Reminder","Highlight Path","Minty Spire (QoL Compilation)","Permanent Neow","Quick Restart","Relic Stats","UnlockEverythingMod"],"gold_per_floor":[111,129,142,157,171,196,137,137,212,238,238,270,270,300,300,373,373,385,404,404,404,404,430,430,430,457,472,129,44,69,89,89,164,164,179,17,34,51,51,83,83,118,157,0,60,84,116,160,172,184,184],"floor_reached":50,"playtime":8606,"items_purged":["Writhe"],"score":1321,"play_id":"9de0d2ed-55f7-4ec1-bef3-be276a15e6e8","local_time":"20210107191902","is_ascension_mode":true,"campfire_choices":[{"data":"Reboot","floor":8.0,"key":"SMITH"},{"data":"Electrodynamics","floor":11.0,"key":"SMITH"},{"floor":13.0,"key":"REST"},{"data":"Reinforced Body","floor":15.0,"key":"SMITH"},{"floor":25.0,"key":"REST"},{"floor":32.0,"key":"RECALL"},{"data":"Defragment","floor":41.0,"key":"SMITH"},{"floor":49,"key":"REST"}],"circlet_count":0,"master_deck":["AscendersBane","Zap","Dualcast","Beam Cell","Reboot+1","Electrodynamics+1","Sunder","Redo+1","Rip and Tear","Ball Lightning","BootSequence","Undo","Reinforced Body+1","Genetic Algorithm+1","Chill","Coolheaded","Coolheaded","Biased Cognition","Defragment+1","Heatsinks+1","Compile Driver+1","Loop","Seek"],"relics":["Pandora\u0027s Box","Mercury Hourglass","White Beast Statue","Mango","MealTicket","Molten Egg 2","Black Star","MutagenicStrength","DataDisk","Kunai","Bird Faced Urn","Lee\u0027s Waffle","War Paint","Strawberry","Nunchaku","Meat on the Bone","Cursed Key","Omamori","Lantern","MawBank","Potion Belt","Smiling Mask","Red Mask","Ginger","Boot","Ice Cream"],"acts_visited":["Exordium","TheCity","TheBeyond"],"potions_floor_usage":[42,48],"damage_taken":[{"damage":0.0,"enemies":"Cultist","floor":1.0,"turns":2.0},{"damage":0.0,"enemies":"2 Louse","floor":2.0,"turns":2.0},{"damage":0.0,"enemies":"Small Slimes","floor":3.0,"turns":2.0},{"damage":0.0,"enemies":"3 Louse","floor":4.0,"turns":2.0},{"damage":0.0,"enemies":"Exordium Thugs","floor":5.0,"turns":2.0},{"damage":46.0,"enemies":"Gremlin Nob","floor":6.0,"turns":4.0},{"damage":5.0,"enemies":"3 Sentries","floor":10.0,"turns":3.0},{"damage":8.0,"enemies":"Gremlin Nob","floor":12.0,"turns":3.0},{"damage":21.0,"enemies":"Lagavulin","floor":14.0,"turns":5.0},{"damage":8.0,"enemies":"Slime Boss","floor":16.0,"turns":7.0},{"damage":1.0,"enemies":"Spheric Guardian","floor":18.0,"turns":3.0},{"damage":5.0,"enemies":"Shell Parasite","floor":19.0,"turns":4.0},{"damage":24.0,"enemies":"Slavers","floor":23.0,"turns":2.0},{"damage":2.0,"enemies":"Cultist and Chosen","floor":27.0,"turns":4.0},{"damage":0.0,"enemies":"Gremlin Leader","floor":30.0,"turns":4.0},{"damage":8.0,"enemies":"Snake Plant","floor":31.0,"turns":4.0},{"damage":67.0,"enemies":"Champ","floor":33.0,"turns":10.0},{"damage":17.0,"enemies":"3 Darklings","floor":35.0,"turns":3.0},{"damage":10.0,"enemies":"Orb Walker","floor":37.0,"turns":5.0},{"damage":15.0,"enemies":"Spire Growth","floor":38.0,"turns":6.0},{"damage":56.0,"enemies":"Nemesis","floor":40.0,"turns":7.0},{"damage":11,"enemies":"Reptomancer","floor":42,"turns":5},{"damage":16,"enemies":"2 Orb Walkers","floor":45,"turns":6},{"damage":14,"enemies":"Sphere and 2 Shapes","floor":46,"turns":5},{"damage":0,"enemies":"4 Shapes","floor":47,"turns":2},{"damage":61,"enemies":"Giant Head","floor":48,"turns":8},{"damage":74,"enemies":"Time Eater","floor":50,"turns":11}],"seed_played":"-2305161270191193985","potions_obtained":[{"floor":2.0,"key":"Energy Potion"},{"floor":6.0,"key":"Energy Potion"},{"floor":10.0,"key":"Fire Potion"},{"floor":12.0,"key":"Dexterity Potion"},{"floor":14.0,"key":"SkillPotion"},{"floor":16.0,"key":"PowerPotion"},{"floor":18.0,"key":"PotionOfCapacity"},{"floor":23.0,"key":"PotionOfCapacity"},{"floor":30.0,"key":"EntropicBrew"},{"floor":33.0,"key":"SkillPotion"},{"floor":35.0,"key":"PowerPotion"},{"floor":40.0,"key":"LiquidMemories"},{"floor":42,"key":"Energy Potion"},{"floor":45,"key":"FearPotion"},{"floor":46,"key":"PowerPotion"},{"floor":47,"key":"DistilledChaos"},{"floor":48,"key":"GamblersBrew"}],"is_trial":false,"path_per_floor":["M","M","M","M","M","E","$","R","T","E","R","E","R","E","R","B",null,"M","M","?","?","?","E","?","R","T","M","$","?","E","M","R","B",null,"M","$","M","M","?","E","R","E","T","?","?","M","M","E","R","B"],"character_chosen":"DEFECT","items_purchased":["Coolheaded","Lee\u0027s Waffle","War Paint","Loop"],"campfire_rested":3,"item_purchase_floors":[7,28,28,36],"current_hp_per_floor":[64,64,64,64,64,18,18,18,18,27,27,19,44,23,23,15,68,67,62,37,37,37,13,13,40,40,44,97,104,104,96,96,49,90,79,94,90,85,85,53,53,52,52,52,58,54,60,23,52,0,0],"gold":184,"neow_bonus":"BOSS_RELIC","is_daily":false,"chose_seed":false,"campfire_upgraded":4,"win_rate":0.0,"timestamp":1610043542,"path_taken":["M","M","M","M","?","E","$","R","T","E","R","E","R","E","R","BOSS","M","M","?","?","?","E","?","R","T","?","$","?","E","M","R","BOSS","M","$","M","M","?","E","R","E","T","?","?","?","M","E","R","BOSS"],"items_purchased_type":["Card","Relic","Relic","Card"],"build_version":"2020-12-18","purchased_purges":1,"victory":false,"max_hp_per_floor":[71,71,71,71,71,71,71,71,71,85,85,85,85,85,85,85,85,85,85,90,90,90,90,90,90,90,90,97,104,104,104,104,104,104,104,104,104,104,99,99,99,99,99,99,99,99,99,99,99,99,99],"relic_stats":{"Lee\u0027s Waffle":38,"counters":[27,119],"Ginger":[4],"War Paint":["Redo","Genetic Algorithm"],"Cursed Key":1,"MawBank":96,"Smiling Mask":0,"Boot":[4],"Mercury Hourglass":[383],"Nunchaku":[9],"Bird Faced Urn":[106],"Pandora\u0027s Box":["Beam Cell","Reboot","Electrodynamics","Sunder","Redo","Rip and Tear","Ball Lightning","BootSequence"],"MealTicket":30,"Black Star":5,"Kunai":[7],"obtain_stats":[{"Ice Cream":48,"Lantern":40,"Mango":10,"Ginger":45,"Cursed Key":34,"Smiling Mask":43,"Boot":48,"Nunchaku":30,"Strawberry":29,"MealTicket":12,"Red Mask":44,"Kunai":23,"Cracked Core":0,"Potion Belt":42,"Lee\u0027s Waffle":28,"Omamori":40,"War Paint":28,"MawBank":42,"White Beast Statue":9,"Mercury Hourglass":6,"DataDisk":22,"MutagenicStrength":21,"Bird Faced Urn":23,"Pandora\u0027s Box":0,"Molten Egg 2":14,"Black Star":17,"Meat on the Bone":30},{"Ice Cream":26,"Lantern":21,"Mango":7,"Ginger":23,"Cursed Key":17,"Smiling Mask":22,"Boot":26,"Nunchaku":15,"Strawberry":14,"MealTicket":8,"Red Mask":22,"Kunai":13,"Cracked Core":0,"Potion Belt":22,"Lee\u0027s Waffle":14,"Omamori":21,"War Paint":14,"MawBank":22,"White Beast Statue":6,"Mercury Hourglass":6,"DataDisk":12,"MutagenicStrength":12,"Bird Faced Urn":13,"Pandora\u0027s Box":0,"Molten Egg 2":9,"Black Star":10,"Meat on the Bone":15},{"Ice Cream":108,"Lantern":82,"Mango":17,"Ginger":93,"Cursed Key":62,"Smiling Mask":87,"Boot":108,"Nunchaku":48,"Strawberry":44,"MealTicket":20,"Red Mask":87,"Kunai":40,"Cracked Core":0,"Potion Belt":87,"Lee\u0027s Waffle":44,"Omamori":82,"War Paint":44,"MawBank":87,"White Beast Statue":14,"Mercury Hourglass":14,"DataDisk":38,"MutagenicStrength":38,"Bird Faced Urn":40,"Pandora\u0027s Box":0,"Molten Egg 2":24,"Black Star":31,"Meat on the Bone":48}],"Meat on the Bone":48},"card_choices":[{"not_picked":["Steam","Compile Driver","Redo"],"picked":"SKIP","floor":1.0},{"not_picked":["Gash","White Noise","Redo"],"picked":"SKIP","floor":2.0},{"not_picked":["Fusion","Turbo"],"picked":"Undo","floor":3.0},{"not_picked":["Redo","Turbo"],"picked":"Reinforced Body","floor":4.0},{"not_picked":["Hologram","Rebound"],"picked":"Genetic Algorithm","floor":5.0},{"not_picked":["Undo","Doom and Gloom"],"picked":"Chill","floor":6.0},{"not_picked":["Machine Learning","Redo"],"picked":"Coolheaded","floor":10.0},{"not_picked":["Double Energy","Rebound","Gash"],"picked":"SKIP","floor":12.0},{"not_picked":["Consume","Heatsinks","White Noise"],"picked":"SKIP","floor":14.0},{"not_picked":["Meteor Strike+1","Seek"],"picked":"Biased Cognition","floor":16.0},{"not_picked":["Hologram","Go for the Eyes+1"],"picked":"Defragment","floor":18.0},{"not_picked":["Double Energy","Genetic Algorithm+1","Beam Cell+1"],"picked":"SKIP","floor":19.0},{"not_picked":["Sweeping Beam+1","Rainbow","Coolheaded"],"picked":"SKIP","floor":23.0},{"not_picked":["Chill","Auto Shields","Conserve Battery"],"picked":"SKIP","floor":27.0},{"not_picked":["Beam Cell+1","Heatsinks+1","Hello World"],"picked":"SKIP","floor":30.0},{"not_picked":["Beam Cell+1","Hello World"],"picked":"Heatsinks+1","floor":30.0},{"not_picked":["Sweeping Beam+1","Self Repair"],"picked":"Compile Driver+1","floor":31.0},{"not_picked":["Coolheaded+1","Lockon+1","Compile Driver+1"],"picked":"SKIP","floor":35.0},{"not_picked":["Static Discharge","Streamline+1","Redo"],"picked":"SKIP","floor":37.0},{"not_picked":["Beam Cell+1","Turbo","Barrage+1"],"picked":"SKIP","floor":38.0},{"not_picked":["Stack+1","Turbo+1","Compile Driver+1"],"picked":"SKIP","floor":40.0},{"not_picked":["Redo+1","Beam Cell+1","Coolheaded"],"picked":"SKIP","floor":42},{"not_picked":["Stack","Turbo","Leap"],"picked":"SKIP","floor":46},{"not_picked":["Double Energy","BootSequence"],"picked":"Seek","floor":47},{"not_picked":["Auto Shields","Rebound+1","Conserve Battery"],"picked":"SKIP","floor":48}],"player_experience":212316,"relics_obtained":[{"floor":6.0,"key":"Mercury Hourglass"},{"floor":9.0,"key":"White Beast Statue"},{"floor":10.0,"key":"Mango"},{"floor":12.0,"key":"MealTicket"},{"floor":14.0,"key":"Molten Egg 2"},{"floor":23.0,"key":"Kunai"},{"floor":23.0,"key":"Bird Faced Urn"},{"floor":30.0,"key":"Nunchaku"},{"floor":30.0,"key":"Meat on the Bone"},{"floor":40.0,"key":"Omamori"},{"floor":40.0,"key":"Lantern"},{"floor":42,"key":"MawBank"},{"floor":42,"key":"Potion Belt"},{"floor":43,"key":"Smiling Mask"},{"floor":45,"key":"Ginger"},{"floor":48,"key":"Boot"},{"floor":48,"key":"Ice Cream"}],"event_choices":[{"damage_healed":0.0,"max_hp_gain":5.0,"max_hp_loss":0.0,"gold_gain":0.0,"event_name":"Forgotten Altar","player_choice":"Shed Blood","floor":20.0,"gold_loss":0.0,"damage_taken":30.0},{"damage_healed":0.0,"max_hp_gain":0.0,"max_hp_loss":0.0,"gold_gain":0.0,"event_name":"Drug Dealer","player_choice":"Inject Mutagens","floor":21.0,"gold_loss":0.0,"damage_taken":0.0,"relics_obtained":["MutagenicStrength"]},{"damage_healed":0.0,"max_hp_gain":0.0,"max_hp_loss":0.0,"gold_gain":0.0,"event_name":"The Mausoleum","player_choice":"Opened","floor":22.0,"gold_loss":0.0,"damage_taken":0.0,"relics_obtained":["DataDisk"],"cards_obtained":["Writhe"]},{"damage_healed":0.0,"max_hp_gain":0.0,"max_hp_loss":0.0,"gold_gain":0.0,"event_name":"Transmorgrifier","player_choice":"Ignored","floor":24.0,"gold_loss":0.0,"damage_taken":0.0},{"damage_healed":0.0,"max_hp_gain":0.0,"max_hp_loss":0.0,"gold_gain":0.0,"event_name":"Addict","player_choice":"Obtained Relic","floor":29.0,"gold_loss":85.0,"damage_taken":0.0,"relics_obtained":["Strawberry"]},{"damage_healed":0.0,"max_hp_gain":0.0,"max_hp_loss":5.0,"gold_gain":0.0,"event_name":"Winding Halls","player_choice":"Max HP","floor":39.0,"gold_loss":0.0,"damage_taken":0.0},{"damage_healed":0,"gold_gain":0,"player_choice":"Paid","damage_taken":0,"relics_obtained":["Red Mask"],"max_hp_gain":0,"max_hp_loss":0,"event_name":"Tomb of Lord Red Mask","floor":44,"gold_loss":169},{"damage_healed":0,"gold_gain":0,"player_choice":"Fight","damage_taken":0,"max_hp_gain":0,"max_hp_loss":0,"event_name":"Mysterious Sphere","floor":45,"gold_loss":0}],"is_beta":true,"boss_relics":[{"not_picked":["Fusion Hammer","Runic Dome"],"picked":"Black Star"},{"not_picked":["Velvet Choker","Snecko Eye"],"picked":"Cursed Key"}],"items_purged_floors":[36],"is_endless":false,"potions_floor_spawned":[2,6,10,12,14,16,18,19,23,27,30,31,33,35,37,38,40,42,45,46,47,48],"killed_by":"Time Eater","ascension_level":20}}