{"host":"m113y2j4kbc0e5kb","time":1610034960,"event":{"mods":["BaseMod","Colored Powertips","Lobotomy","LobotomyExtend","Minty Spire (QoL Compilation)","StSLib"],"gold_per_floor":[111,111,127,142,217,256,256,276,129,147,165,186,186,219,219,267,282,322,322,362,375,375,501,501,516,516,529,548,564,564,599,613,613,613,613,656,656,656,656,775,775,788,809,719,389,404,404,440,456,456,481,481,495,344,360,360,360],"floor_reached":51,"playtime":5898,"items_purged":["MeatLantern","CentralCode"],"score":1132,"play_id":"d37ac299-7cc0-4eb8-aeaf-2c6bb6fd73a2","local_time":"20210108005600","is_ascension_mode":false,"campfire_choices":[{"data":"Lamp","floor":30,"key":"SMITH"}],"circlet_count":0,"master_deck":["SpecialBullet","SpecialBullet","SpecialBullet","SpecialBullet","SpecialBullet","SpecialBullet","SpecialBullet","SpecialBullet","InformationCode","SecurityCode","InTheNameOfLoveAndHate+1","OSAHOGD","VoidDream","Soda+1","CrumblingArmor","UniverseFragment","Hypocrisy","GoldRush","BlackArmy","RedShoes","NothingThere","RecordCode","Twilight","Ecstasy+1","J.A.X.+1","Hypocrisy+1","SnowQueen","FeatherOfHonor+1","TodaysExpression","Lamp+5","DreamingCurrent","ExtractionCode","ParadiseLost","Mimicry","BodiesMountain","WristCuter","Moonlight","Ecstasy+1","DisciplinaryCode","Beak+1","Regret_ego+1","Adoration+1"],"relics":["CogitoBucket","NeowsBlessing","RabbitCall","Golden Idol","Bottled Lightning","ShedSkin_r","MagicBullet_r","LetterFromLob","Potion Belt","HellTrain","Shuriken","Oddly Smooth Stone","Nunchaku","FossilizedHelix","AspirationHeart","Calling Bell","Blood Vial","Gremlin Horn","CaptainsWheel","BehaviorAdjustment","Vajra","Eternal Feather","Lantern","Coffee Dripper","Membership Card","War Paint","Regal Pillow","Pen Nib","HornCleat","ClockworkSouvenir"],"acts_visited":["Exordium","TheCity","TheBeyond"],"potions_floor_usage":[22,22,22,50,50,50,50,51,51],"damage_taken":[{"damage":0.0,"enemies":"Jaw Worm","floor":1.0,"turns":1.0},{"damage":0.0,"enemies":"Small Slimes","floor":3.0,"turns":1.0},{"damage":0.0,"enemies":"2 Louse","floor":4.0,"turns":2.0},{"damage":14.0,"enemies":"Gremlin Nob","floor":6.0,"turns":4.0},{"damage":0.0,"enemies":"Small Slimes","floor":1.0,"turns":2.0},{"damage":19.0,"enemies":"2 Louse","floor":3.0,"turns":6.0},{"damage":0.0,"enemies":"Cultist","floor":4.0,"turns":2.0},{"damage":0.0,"enemies":"3 Louse","floor":5.0,"turns":3.0},{"damage":17.0,"enemies":"Lagavulin","floor":7.0,"turns":4.0},{"damage":20.0,"enemies":"Exordium Wildlife","floor":10.0,"turns":3.0},{"damage":0.0,"enemies":"Gremlin Nob","floor":11.0,"turns":2.0},{"damage":3.0,"enemies":"3 Sentries","floor":13.0,"turns":3.0},{"damage":102.0,"enemies":"2 Fungi Beasts","floor":14.0,"turns":11.0},{"damage":14.0,"enemies":"The Guardian","floor":16.0,"turns":6.0},{"damage":0.0,"enemies":"2 Thieves","floor":18.0,"turns":3.0},{"damage":20.0,"enemies":"Chosen","floor":20.0,"turns":3.0},{"damage":10.0,"enemies":"Shelled Parasite and Fungi","floor":21.0,"turns":4.0},{"damage":107,"enemies":"Snake Plant","floor":22,"turns":12},{"damage":39,"enemies":"Slavers","floor":24,"turns":4},{"damage":5,"enemies":"Centurion and Healer","floor":25,"turns":4},{"damage":48,"enemies":"Book of Stabbing","floor":29,"turns":5},{"damage":68,"enemies":"Champ","floor":33,"turns":7},{"damage":5,"enemies":"3 Shapes","floor":35,"turns":3},{"damage":0,"enemies":"3 Darklings","floor":36,"turns":2},{"damage":33,"enemies":"Transient","floor":39,"turns":5},{"damage":47,"enemies":"Reptomancer","floor":41,"turns":3},{"damage":3,"enemies":"Sphere and 2 Shapes","floor":42,"turns":4},{"damage":20,"enemies":"Maw","floor":44,"turns":4},{"damage":20,"enemies":"4 Shapes","floor":46,"turns":1},{"damage":0,"enemies":"Writhing Mass","floor":48,"turns":3},{"damage":192,"enemies":"FixerMidnight","floor":50,"turns":8},{"damage":56,"enemies":"Malkuth","floor":51,"turns":8},{"damage":61,"enemies":"Yesod","floor":51,"turns":7},{"damage":131,"enemies":"Chesed","floor":51,"turns":7},{"damage":220,"enemies":"Hokma","floor":51,"turns":13}],"seed_played":"7643445248737688499","potions_obtained":[{"floor":1.0,"key":"SpeedPotion"},{"floor":4.0,"key":"Explosive Potion"},{"floor":5.0,"key":"PowerPotion"},{"floor":11.0,"key":"EssenceOfSteel"},{"floor":13.0,"key":"GamblersBrew"},{"floor":21.0,"key":"SpeedPotion"},{"floor":22,"key":"AttackPotion"},{"floor":24,"key":"Ancient Potion"},{"floor":33,"key":"DuplicationPotion"},{"floor":48,"key":"LiquidMemories"}],"is_trial":false,"path_per_floor":["M","?","M","M","?","E","R","E","M","$","M","M","M","R","E","R","T","M","E","?","E","M","R","B",null,"M","?","M","M","M","R","E","M","T","?","R","E","R","?","R","B",null,"M","M","?","$","M","R","E","M","T","M","R","M","$","M","R","B",null],"character_chosen":"Angela","items_purchased":["Potion Belt","Membership Card","War Paint","Regal Pillow","ClockworkSouvenir","Regret_ego+1"],"campfire_rested":0,"item_purchase_floors":[2,38,38,38,47,47],"current_hp_per_floor":[70,65,65,65,54,48,48,68,68,64,72,72,72,68,68,68,67,80,80,80,53,53,98,98,98,98,98,102,102,102,102,102,102,102,102,83,104,104,106,106,106,110,110,110,110,110,110,97,110,110,110,110,110,110,107,107,107],"gold":360,"neow_bonus":"THREE_ENEMY_KILL","is_daily":false,"chose_seed":false,"campfire_upgraded":1,"win_rate":0.0,"timestamp":1610034960,"path_taken":["M","?","M","M","?","E","R","E","M","$","M","M","M","R","E","R","T","M","E","?","E","M","R","BOSS","M","?","M","M","M","R","E","M","T","?","R","E","R","?","R","BOSS","M","M","?","$","M","R","E","M","T","M","R","M","$","M","R","BOSS"],"items_purchased_type":["Relic","Relic","Relic","Relic","Relic","Card"],"build_version":"2020-12-22","purchased_purges":2,"victory":true,"max_hp_per_floor":[70,65,65,65,65,65,65,68,68,72,72,72,72,72,72,72,76,80,80,80,94,94,98,98,98,98,98,102,102,102,102,102,102,102,102,106,106,106,106,106,106,110,110,110,110,110,110,110,110,110,110,110,110,110,107,107,107],"card_choices":[{"not_picked":["CherryBlossoms","BigBird"],"picked":"MeatLantern","floor":1.0},{"not_picked":["Soda"],"picked":"InTheNameOfLoveAndHate","floor":1.0},{"not_picked":["PunishingBird","SpiderBud"],"picked":"OSAHOGD","floor":3.0},{"not_picked":["FourthMatchFlame","CherryBlossom"],"picked":"SKIP","floor":3.0},{"not_picked":["HeroicMonk","Bloodbath"],"picked":"VoidDream","floor":4.0},{"not_picked":["RapturousDream","Lantern"],"picked":"SKIP","floor":4.0},{"not_picked":["Bloodbath","HappyTeddy"],"picked":"Wellcheers","floor":6.0},{"not_picked":["Gaze"],"picked":"Soda","floor":6.0},{"not_picked":["RedShoes","CherryBlossoms"],"picked":"CrumblingArmor","floor":1.0},{"not_picked":["Penitence","FourthMatchFlame"],"picked":"SKIP","floor":1.0},{"not_picked":["CherryBlossoms","SpiderBud"],"picked":"UniverseFragment","floor":3.0},{"not_picked":["Penitence"],"picked":"Hypocrisy","floor":3.0},{"not_picked":["Tough","CherryBlossom"],"picked":"SKIP","floor":4.0},{"not_picked":["FourthMatchFlame","CUTE"],"picked":"SKIP","floor":5.0},{"not_picked":["CrimsonScar"],"picked":"GoldRush","floor":7.0},{"not_picked":["RedShoes","Murderer"],"picked":"BlackArmy","floor":10.0},{"not_picked":["Pleasure","Galaxy"],"picked":"SKIP","floor":10.0},{"not_picked":["ShyLook","DespairKnight"],"picked":"RedShoes","floor":11.0},{"not_picked":["CherryBlossom","SoundOfStar"],"picked":"SKIP","floor":11.0},{"not_picked":["RedEyes","Gaze"],"picked":"SKIP","floor":13.0},{"not_picked":["BigBird","Freischutz"],"picked":"NothingThere","floor":14.0},{"not_picked":["SoundOfStar","Regret_ego"],"picked":"SKIP","floor":14.0},{"not_picked":["FieryBird","Scarecrow"],"picked":"QueenBee","floor":16.0},{"not_picked":["SoundOfStar"],"picked":"Twilight","floor":16.0},{"not_picked":["FourthMatchFlame"],"picked":"Ecstasy","floor":18.0},{"not_picked":["Amita"],"picked":"Hypocrisy","floor":20.0},{"not_picked":["BeautyBeast","ShyLook"],"picked":"SnowQueen","floor":21.0},{"not_picked":["RapturousDream+1","Penitence"],"picked":"SKIP","floor":21.0},{"not_picked":["Heaven+1"],"picked":"FeatherOfHonor+1","floor":22},{"not_picked":["Soda"],"picked":"TodaysExpression","floor":24},{"not_picked":["RedEyes+1","MagicBullet+1"],"picked":"SKIP","floor":24},{"not_picked":["CherryBlossom"],"picked":"Lamp","floor":25},{"not_picked":["Penitence","Horn"],"picked":"SKIP","floor":25},{"not_picked":["QueenOfHatred","SpiderBud"],"picked":"DreamingCurrent","floor":29},{"not_picked":["Lantern","Pleasure"],"picked":"SKIP","floor":29},{"not_picked":["Loneliness","Reverberation"],"picked":"SKIP","floor":29},{"not_picked":["Pinks"],"picked":"ParadiseLost","floor":33},{"not_picked":["ParadiseLost"],"picked":"Mimicry","floor":33},{"not_picked":["SingingMachine","QueenBee"],"picked":"BodiesMountain","floor":35},{"not_picked":["Harmony","Wingbeat+1"],"picked":"SKIP","floor":35},{"not_picked":["Tough","BearPaw"],"picked":"SKIP","floor":35},{"not_picked":["Noise"],"picked":"WristCuter","floor":36},{"not_picked":["CherryBlossom+1","Tough+1"],"picked":"SKIP","floor":36},{"not_picked":["FourthMatchFlame"],"picked":"Moonlight","floor":39},{"not_picked":["Justitia","Horn+1"],"picked":"SKIP","floor":39},{"not_picked":["Murderer","SpiderBud","CherryBlossoms"],"picked":"Singing Bowl","floor":41},{"not_picked":["Soda","InTheNameOfLoveAndHate"],"picked":"Ecstasy+1","floor":41},{"not_picked":["Tough+1","Ecstasy","FourthMatchFlame+1"],"picked":"SKIP","floor":41},{"not_picked":["Scorched","WallGazer","WhitesApple"],"picked":"Singing Bowl","floor":42},{"not_picked":["Reverberation","Soda","FourthMatchFlame"],"picked":"SKIP","floor":42},{"not_picked":["Reverberation+1","Amita","CherryBlossom"],"picked":"SKIP","floor":42},{"not_picked":["HappyTeddy","NakedNest","MHz"],"picked":"Singing Bowl","floor":44},{"not_picked":["Reverberation+1","BlueScar","Beak"],"picked":"SKIP","floor":44},{"not_picked":["Wingbeat","Noise","Regret_ego"],"picked":"SKIP","floor":44},{"not_picked":["DespairKnight","LaLuna","BigBird"],"picked":"Singing Bowl","floor":46},{"not_picked":["Penitence+1","Loneliness+1"],"picked":"Beak+1","floor":46},{"not_picked":["Horn+1","Lantern+1","Tough+1"],"picked":"SKIP","floor":46},{"not_picked":["Woodsman","DespairKnight","Bloodbath"],"picked":"Singing Bowl","floor":48},{"not_picked":["Pleasure+1","Galaxy+1"],"picked":"Adoration+1","floor":48},{"not_picked":["SwordSharpenedByTears+1","Lantern+1","Noise+1"],"picked":"SKIP","floor":48}],"player_experience":1089516,"relics_obtained":[{"floor":1.0,"key":"LetterFromLob"},{"floor":6.0,"key":"Bottled Lightning"},{"floor":1.0,"key":"LetterFromLob"},{"floor":7.0,"key":"Shuriken"},{"floor":9.0,"key":"Oddly Smooth Stone"},{"floor":11.0,"key":"Nunchaku"},{"floor":13.0,"key":"FossilizedHelix"},{"floor":17.0,"key":"Blood Vial"},{"floor":17.0,"key":"Gremlin Horn"},{"floor":17.0,"key":"CaptainsWheel"},{"floor":24,"key":"Vajra"},{"floor":26,"key":"Eternal Feather"},{"floor":29,"key":"Lantern"},{"floor":41,"key":"Pen Nib"},{"floor":43,"key":"HornCleat"}],"event_choices":[{"damage_healed":0.0,"max_hp_gain":0.0,"max_hp_loss":5.0,"gold_gain":0.0,"event_name":"Golden Idol","player_choice":"Lose Max HP","floor":2.0,"gold_loss":0.0,"damage_taken":0.0,"relics_obtained":["Golden Idol"]},{"damage_healed":0.0,"max_hp_gain":0.0,"max_hp_loss":0.0,"gold_gain":75.0,"event_name":"World of Goop","player_choice":"Gather Gold","floor":5.0,"gold_loss":0.0,"damage_taken":11.0},{"damage_healed":0.0,"max_hp_gain":0.0,"max_hp_loss":0.0,"gold_gain":0.0,"event_name":"Drug Dealer","player_choice":"Obtain J.A.X.","floor":19.0,"gold_loss":0.0,"damage_taken":0.0,"cards_obtained":["J.A.X."]},{"damage_healed":0,"gold_gain":0,"player_choice":"Ignored","damage_taken":0,"max_hp_gain":0,"max_hp_loss":0,"event_name":"Vampires","floor":27,"gold_loss":0},{"cards_removed":["QueenBee"],"damage_healed":0,"gold_gain":0,"player_choice":"Elegance","damage_taken":0,"max_hp_gain":0,"max_hp_loss":0,"event_name":"Back to Basics","floor":31,"gold_loss":0},{"cards_removed":["Wellcheers"],"damage_healed":0,"gold_gain":0,"player_choice":"Upgrade and Remove","damage_taken":0,"max_hp_gain":0,"max_hp_loss":0,"event_name":"Designer","floor":37,"gold_loss":90,"cards_upgraded":["Ecstasy"]}],"is_beta":false,"boss_relics":[{"not_picked":["Philosopher\u0027s Stone","Empty Cage"],"picked":"Calling Bell"},{"not_picked":["Snecko Eye","Black Star"],"picked":"Coffee Dripper"}],"items_purged_floors":[38,47],"is_endless":false,"potions_floor_spawned":[1,4,5,11,13,21,22,24,33,36,39,48],"ascension_level":0}}