{"host":"28p8ce41sjwa6lzf","time":1610055217,"event":{"mods":["BaseMod","Bestiary","Colored Map","Colored Powertips","Dark Map","Highlight Path","Minty Spire (QoL Compilation)","Permanent Neow","Quick Restart","Random Character Button","Rare Cards Sparkle","Relic Stats","StSLib","Unceasing Turn Reminder"],"gold_per_floor":[112,122,140,9,24,24,54,54,54,80,94,111,127,139,139,214,214,229,239,239,6,19,45,45,72,72,102,102,121,121,156,168,255,267,297,1308,1320,977,977,977,977,82,132,166,180,207,207,235,235,235,235,235,235,26,61,61,61],"floor_reached":56,"playtime":3070,"items_purged":["Defend_P","Normality","Normality"],"score":2571,"play_id":"e0bcb19d-7387-4774-898e-1e4d012c5cea","local_time":"20210107153337","is_ascension_mode":true,"campfire_choices":[{"data":"Conclude","floor":6.0,"key":"SMITH"},{"data":"Protect","floor":8.0,"key":"SMITH"},{"data":"Tantrum","floor":15.0,"key":"SMITH"},{"data":"Scrawl","floor":24.0,"key":"SMITH"},{"floor":28.0,"key":"REST"},{"data":"Scrawl","floor":32.0,"key":"SMITH"},{"floor":40.0,"key":"REST"},{"floor":47.0,"key":"RECALL"},{"data":"Adaptation","floor":49.0,"key":"SMITH"},{"floor":53.0,"key":"REST"}],"circlet_count":0,"master_deck":["AscendersBane","Strike_P+1","Strike_P+1","Strike_P+1","Strike_P+1","Defend_P+1","Defend_P+1","Defend_P+1","Eruption","Vigilance","Protect+1","Protect","Tantrum+1","EmptyFist","Conclude+1","InnerPeace","EmptyFist+1","WheelKick+1","FlurryOfBlows+1","FlurryOfBlows+1","Tantrum+1","Scrawl+1","FlurryOfBlows+1","Adaptation+1","Ragnarok+1","CutThroughFate+1","Sanctity+1","Scrawl+1","FollowUp+1","DevaForm","Evaluate","Flash of Steel+1","Madness","Madness","Devotion","WaveOfTheHand+1","FlurryOfBlows+1","EmptyBody+1","Protect+1","Fasting2","Wallop+1","Madness","DeceiveReality"],"relics":["Runic Dome","Regal Pillow","Molten Egg 2","Thread and Needle","Sozu","InkBottle","Bronze Scales","Blue Candle","MawBank","Busted Crown","Centennial Puzzle","Bag of Preparation","Ornamental Fan","Frozen Eye","PreservedInsect","The Courier","Omamori","Letter Opener","White Beast Statue"],"acts_visited":["Exordium","TheCity","TheBeyond","TheEnding"],"potions_floor_usage":[56],"damage_taken":[{"damage":6.0,"enemies":"Small Slimes","floor":1.0,"turns":4.0},{"damage":9.0,"enemies":"2 Louse","floor":2.0,"turns":3.0},{"damage":0.0,"enemies":"Jaw Worm","floor":3.0,"turns":4.0},{"damage":0.0,"enemies":"2 Fungi Beasts","floor":5.0,"turns":2.0},{"damage":0.0,"enemies":"3 Sentries","floor":7.0,"turns":3.0},{"damage":0.0,"enemies":"Lagavulin","floor":10.0,"turns":3.0},{"damage":0.0,"enemies":"Looter","floor":11.0,"turns":2.0},{"damage":1.0,"enemies":"Large Slime","floor":12.0,"turns":4.0},{"damage":0.0,"enemies":"3 Louse","floor":13.0,"turns":2.0},{"damage":0.0,"enemies":"2 Fungi Beasts","floor":14.0,"turns":2.0},{"damage":0.0,"enemies":"Slime Boss","floor":16.0,"turns":4.0},{"damage":6.0,"enemies":"Shell Parasite","floor":18.0,"turns":3.0},{"damage":2.0,"enemies":"Spheric Guardian","floor":19.0,"turns":3.0},{"damage":0.0,"enemies":"Chosen and Byrds","floor":22.0,"turns":3.0},{"damage":0.0,"enemies":"Slavers","floor":23.0,"turns":2.0},{"damage":16.0,"enemies":"Gremlin Leader","floor":25.0,"turns":4.0},{"damage":0.0,"enemies":"Slavers","floor":27.0,"turns":3.0},{"damage":0.0,"enemies":"Snecko","floor":29.0,"turns":2.0},{"damage":6.0,"enemies":"Gremlin Leader","floor":31.0,"turns":3.0},{"damage":21.0,"enemies":"Champ","floor":33.0,"turns":5.0},{"damage":29.0,"enemies":"3 Darklings","floor":35.0,"turns":3.0},{"damage":0.0,"enemies":"Reptomancer","floor":44.0,"turns":2.0},{"damage":0.0,"enemies":"Orb Walker","floor":45.0,"turns":1.0},{"damage":0.0,"enemies":"Nemesis","floor":46.0,"turns":3.0},{"damage":0.0,"enemies":"Giant Head","floor":48.0,"turns":3.0},{"damage":6.0,"enemies":"Donu and Deca","floor":50.0,"turns":5.0},{"damage":36.0,"enemies":"Time Eater","floor":51.0,"turns":9.0},{"damage":4.0,"enemies":"Shield and Spear","floor":55.0,"turns":2.0},{"damage":130,"enemies":"The Heart","floor":56,"turns":5}],"seed_played":"-5448436822956237058","potions_obtained":[{"floor":2.0,"key":"Energy Potion"},{"floor":3.0,"key":"BlessingOfTheForge"},{"floor":11.0,"key":"Weak Potion"}],"is_trial":false,"path_per_floor":["M","M","M","$","M","R","E","R","T","E","M","M","M","M","R","B",null,"M","M","?","$","M","E","R","E","T","E","R","M","?","E","R","B",null,"M","?","?","$","?","R","?","$","T","E","M","E","R","E","R","B","B",null,"R","$","E","B"],"character_chosen":"WATCHER","items_purchased":["EmptyFist","Adaptation","Ragnarok+1","Centennial Puzzle","Flash of Steel+1","Bag of Preparation","Ornamental Fan","Frozen Eye","Devotion","Fasting2","Wallop+1","Madness"],"campfire_rested":3,"item_purchase_floors":[4,21,21,38,38,42,42,42,42,54,54,54],"current_hp_per_floor":[55,46,46,46,46,46,46,46,46,46,46,45,45,45,45,45,62,56,54,54,54,54,54,54,38,38,38,68,68,68,62,62,41,61,32,32,32,32,32,67,55,55,55,55,55,55,55,55,55,49,13,54,68,68,64,0,0],"gold":61,"neow_bonus":"BOSS_RELIC","is_daily":false,"chose_seed":false,"campfire_upgraded":6,"win_rate":0.0,"timestamp":1610055217,"path_taken":["M","M","M","$","M","R","E","R","T","E","M","M","M","M","R","BOSS","M","M","?","$","M","E","R","E","T","E","R","M","?","E","R","BOSS","M","?","?","$","?","R","?","$","T","E","M","E","R","E","R","BOSS","BOSS","R","$","E","BOSS"],"items_purchased_type":["Card","Card","Card","Relic","Card","Relic","Relic","Relic","Card","Card","Card","Card"],"build_version":"2020-12-22","purchased_purges":3,"victory":false,"max_hp_per_floor":[68,68,68,68,68,68,68,68,68,68,68,68,68,68,68,68,68,68,68,68,68,68,68,68,68,68,68,68,68,68,68,68,68,68,68,68,68,68,68,68,68,68,68,68,68,68,68,68,68,68,68,68,68,68,68,68,68],"relic_stats":{"Regal Pillow":25,"counters":[29,94],"Blue Candle":[2],"PreservedInsect":318,"Bag of Preparation":[16],"Letter Opener":[65],"MawBank":84,"Sozu":7,"Centennial Puzzle":[12],"Busted Crown":12,"Ornamental Fan":[164],"Bronze Scales":[141],"obtain_stats":[{"Regal Pillow":7,"Blue Candle":27,"Thread and Needle":10,"PreservedInsect":43,"The Courier":44,"Bag of Preparation":42,"Omamori":46,"Letter Opener":48,"MawBank":31,"White Beast Statue":55,"Sozu":17,"Runic Dome":0,"Frozen Eye":42,"Centennial Puzzle":38,"Busted Crown":34,"Ornamental Fan":42,"Bronze Scales":25,"Molten Egg 2":9,"PureWater":0,"InkBottle":23},{"Regal Pillow":5,"Blue Candle":17,"Thread and Needle":6,"PreservedInsect":21,"The Courier":22,"Bag of Preparation":21,"Omamori":24,"Letter Opener":25,"MawBank":19,"White Beast Statue":28,"Sozu":11,"Runic Dome":0,"Frozen Eye":21,"Centennial Puzzle":21,"Busted Crown":20,"Ornamental Fan":21,"Bronze Scales":16,"Molten Egg 2":5,"PureWater":0,"InkBottle":15},{"Regal Pillow":16,"Blue Candle":51,"Thread and Needle":19,"PreservedInsect":64,"The Courier":66,"Bag of Preparation":64,"Omamori":70,"Letter Opener":73,"MawBank":56,"White Beast Statue":89,"Sozu":33,"Runic Dome":0,"Frozen Eye":64,"Centennial Puzzle":64,"Busted Crown":61,"Ornamental Fan":64,"Bronze Scales":48,"Molten Egg 2":16,"PureWater":0,"InkBottle":44}],"InkBottle":[32]},"card_choices":[{"not_picked":["FlyingSleeves","Perseverance"],"picked":"Protect","floor":1.0},{"not_picked":["BowlingBash","ClearTheMind"],"picked":"Protect","floor":2.0},{"not_picked":["Evaluate","PathToVictory"],"picked":"Tantrum","floor":3.0},{"not_picked":["BowlingBash","Evaluate"],"picked":"Conclude","floor":5.0},{"not_picked":["Evaluate","ConjureBlade"],"picked":"InnerPeace","floor":7.0},{"not_picked":["Wish","Crescendo"],"picked":"EmptyFist+1","floor":10.0},{"not_picked":["MentalFortress","Wireheading"],"picked":"WheelKick+1","floor":11.0},{"not_picked":["ThirdEye","Consecrate+1"],"picked":"FlurryOfBlows+1","floor":12.0},{"not_picked":["JustLucky+1","SashWhip+1"],"picked":"FlurryOfBlows+1","floor":13.0},{"not_picked":["EmptyFist+1","ThirdEye"],"picked":"Tantrum+1","floor":14.0},{"not_picked":["Devotion","SpiritShield"],"picked":"Scrawl","floor":16.0},{"not_picked":["Protect","Meditate"],"picked":"ThirdEye","floor":18.0},{"not_picked":["LessonLearned+1","SashWhip+1"],"picked":"FlurryOfBlows+1","floor":19.0},{"not_picked":["Consecrate+1","PathToVictory","ForeignInfluence"],"picked":"SKIP","floor":22.0},{"not_picked":["Nirvana+1","Protect"],"picked":"CutThroughFate+1","floor":23.0},{"not_picked":["EmptyFist+1","SpiritShield"],"picked":"Sanctity+1","floor":25.0},{"not_picked":["Conclude+1","PathToVictory"],"picked":"Scrawl","floor":27.0},{"not_picked":["Indignation","PathToVictory","EmptyFist+1"],"picked":"SKIP","floor":29.0},{"not_picked":["EmptyFist+1","Meditate"],"picked":"FollowUp+1","floor":31.0},{"not_picked":["Omniscience","Judgement"],"picked":"DevaForm","floor":33.0},{"not_picked":[],"picked":"Evaluate","floor":35.0},{"not_picked":[],"picked":"WaveOfTheHand+1","floor":44.0},{"not_picked":[],"picked":"FlurryOfBlows+1","floor":45.0},{"not_picked":[],"picked":"EmptyBody+1","floor":46.0},{"not_picked":[],"picked":"Protect+1","floor":48.0},{"not_picked":[],"picked":"DeceiveReality","floor":55.0}],"player_experience":1113432,"relics_obtained":[{"floor":7.0,"key":"Regal Pillow"},{"floor":9.0,"key":"Molten Egg 2"},{"floor":10.0,"key":"Thread and Needle"},{"floor":23.0,"key":"InkBottle"},{"floor":25.0,"key":"Bronze Scales"},{"floor":27.0,"key":"Blue Candle"},{"floor":31.0,"key":"MawBank"},{"floor":43.0,"key":"PreservedInsect"},{"floor":44.0,"key":"The Courier"},{"floor":46.0,"key":"Omamori"},{"floor":48.0,"key":"Letter Opener"},{"floor":55.0,"key":"White Beast Statue"}],"event_choices":[{"damage_healed":0.0,"max_hp_gain":0.0,"max_hp_loss":0.0,"gold_gain":0.0,"event_name":"Back to Basics","player_choice":"Simplicity","floor":20.0,"gold_loss":0.0,"damage_taken":0.0,"cards_upgraded":["Strike_P","Strike_P","Strike_P","Strike_P","Defend_P","Defend_P","Defend_P"]},{"damage_healed":0.0,"max_hp_gain":0.0,"max_hp_loss":0.0,"gold_gain":0.0,"event_name":"Vampires","player_choice":"Ignored","floor":30.0,"gold_loss":0.0,"damage_taken":0.0},{"damage_healed":0.0,"max_hp_gain":0.0,"max_hp_loss":0.0,"gold_gain":999.0,"event_name":"MindBloom","player_choice":"Gold","floor":36.0,"gold_loss":0.0,"damage_taken":0.0,"cards_obtained":["Normality","Normality"]},{"damage_healed":0.0,"max_hp_gain":0.0,"max_hp_loss":0.0,"gold_gain":0.0,"event_name":"Tomb of Lord Red Mask","player_choice":"Ignored","floor":37.0,"gold_loss":0.0,"damage_taken":0.0},{"cards_removed":["ThirdEye"],"damage_healed":0.0,"max_hp_gain":0.0,"max_hp_loss":0.0,"gold_gain":0.0,"event_name":"Falling","player_choice":"Removed Skill","floor":39.0,"gold_loss":0.0,"damage_taken":0.0},{"damage_healed":0.0,"max_hp_gain":0.0,"max_hp_loss":0.0,"gold_gain":0.0,"event_name":"Winding Halls","player_choice":"Embrace Madness","floor":41.0,"gold_loss":0.0,"damage_taken":12.0,"cards_obtained":["Madness","Madness"]}],"is_beta":false,"boss_relics":[{"not_picked":["Cursed Key","Snecko Eye"],"picked":"Sozu"},{"not_picked":["Fusion Hammer","Philosopher\u0027s Stone"],"picked":"Busted Crown"}],"items_purged_floors":[4,38,42],"is_endless":false,"potions_floor_spawned":[2,3,5,7,11,18,19,23,27,31,35,48],"killed_by":"The Heart","ascension_level":20}}