{"host":"4xikrlo049sozq0n","time":1610042251,"event":{"mods":["AchievementEnabler","BaseMod","BetterRewards","Challenge The Spire","Colored Powertips","Downfall","Energized Spire","Highlight Path","Hubris","Minty Spire (QoL Compilation)","Permanent Neow","Quick Restart","Relic Filter","Relic Sorter","Remove Card Discount Mod","Replay The Spire","StSLib","SuperFastMode","Synergy Search"],"gold_per_floor":[109,17,17,29,79,79,89,89,89,123,152,187,27,62,62,163,163,179,32,45,45,62,62,62,62,62,92,92,109,109,109],"floor_reached":30,"playtime":1314,"items_purged":["Strike_G","Strike_G","Defend_G","Spreading Infection","Hallucinations","Doubt"],"score":343,"play_id":"65981341-c4cd-4ce4-aac3-4fb1a980b0f6","local_time":"20210107125731","is_ascension_mode":true,"campfire_choices":[{"data":"Hidden Blade","floor":6,"key":"SMITH"},{"data":"Toxin Wave","floor":8,"key":"SMITH"},{"floor":15,"key":"REST"},{"floor":23,"key":"REST"},{"floor":25,"key":"REST"}],"circlet_count":0,"master_deck":["Strike_G+1","Strike_G+1","Strike_G+1","Defend_G+1","Defend_G+1","Defend_G+1","Defend_G+1","Survivor","Neutralize","Noxious Fumes","Poisoned Stab+1","Hidden Blade+1","Deadly Poison","Toxin Wave+1","Backflip","Concentrate","Venomology","Envenom","Poisoned Stab","Adrenaline","Cloak And Dagger+1","Poisoned Stab","PiercingWail","Blade Dance+1","Poison Darts","Bouncing Flask"],"relics":["Ring of the Snake","PreservedInsect","Replay:Bottled Steam","Ring of Peace","Ring of Greed","Smiling Mask","The Courier","Mirror","Boot","Odd Mushroom","hubris:Potato","hubris:Metronome","Gremlin Food","Blue Doll"],"acts_visited":["Exordium","TheCity"],"potions_floor_usage":[11,14,14,16,16,16,18,22,27,27,29,29,29,29,30,30],"damage_taken":[{"damage":4,"enemies":"Cultist","floor":1,"turns":6},{"damage":0,"enemies":"Jaw Worm","floor":4,"turns":4},{"damage":0,"enemies":"2 Louse","floor":7,"turns":3},{"damage":7,"enemies":"Lagavulin","floor":10,"turns":4},{"damage":0,"enemies":"The Mushroom Lair","floor":11,"turns":3},{"damage":10,"enemies":"3 Sentries","floor":12,"turns":3},{"damage":10,"enemies":"Lagavulin","floor":14,"turns":5},{"damage":21,"enemies":"Fading Forest","floor":16,"turns":11},{"damage":16,"enemies":"2 Thieves","floor":18,"turns":4},{"damage":21,"enemies":"Shell Parasite","floor":20,"turns":5},{"damage":18,"enemies":"Shelled Parasite and Fungi","floor":22,"turns":4},{"damage":12,"enemies":"Gremlin Leader","floor":27,"turns":5},{"damage":7,"enemies":"Snecko","floor":29,"turns":5},{"damage":67,"enemies":"3 Cultists","floor":30,"turns":5}],"seed_played":"-4776244824304017933","potions_obtained":[{"floor":1,"key":"Explosive Potion"},{"floor":4,"key":"PowerPotion"},{"floor":11,"key":"Strength Potion"},{"floor":14,"key":"PowerPotion"},{"floor":20,"key":"hexamod:EctoCoolerPotion"},{"floor":22,"key":"sneckomod:MuddlingPotion"},{"floor":29,"key":"Doom Potion"}],"is_trial":false,"path_per_floor":["M","$","?","M","?","R","M","R","T","E","?","E","$","E","R","B",null,"M","$","M","?","M","R","?","R","T","E","?","M","M"],"character_chosen":"THE_SILENT","items_purchased":["Poisoned Stab+1","Hidden Blade","Envenom","Poisoned Stab","Gremlin Food","Poisoned Stab"],"campfire_rested":3,"item_purchase_floors":[2,2,13,13,19,19],"current_hp_per_floor":[59,59,47,47,47,47,47,47,47,40,40,30,30,20,41,28,60,44,44,23,23,5,26,49,70,70,58,58,51,0,0],"gold":109,"neow_bonus":"RANDOM_COMMON_RELIC","is_daily":false,"chose_seed":false,"campfire_upgraded":2,"win_rate":0.0,"timestamp":1610042251,"path_taken":["M","$","?","M","?","R","M","R","T","E","?","E","$","E","R","BOSS","M","$","M","?","M","R","?","R","T","E","?","?","?"],"items_purchased_type":["Card","Card","Card","Card","Relic","Card"],"build_version":"2020-12-22","purchased_purges":6,"victory":false,"max_hp_per_floor":[70,70,70,70,70,70,70,70,70,70,70,70,70,70,70,70,70,70,70,70,70,70,70,70,70,70,70,70,70,70,70],"card_choices":[{"not_picked":["Eviscerate","Poisoned Stab"],"picked":"Noxious Fumes","floor":1},{"not_picked":["Sneak Up","Acrobatics"],"picked":"Deadly Poison","floor":4},{"not_picked":["Draining Mist","Outmaneuver"],"picked":"Toxin Wave","floor":7},{"not_picked":["Skewer","Distraction"],"picked":"Backflip","floor":10},{"not_picked":["Acrobatics","Backstab"],"picked":"Concentrate","floor":11},{"not_picked":["Fluid Movement","All Out Attack"],"picked":"Venomology","floor":12},{"not_picked":["Dagger Spray","hubris:SlightOfHand","Sneak Up"],"picked":"SKIP","floor":14},{"not_picked":["Tools of the Trade","Doppelganger"],"picked":"Adrenaline","floor":16},{"not_picked":["Crippling Poison+1","Sucker Punch"],"picked":"Cloak And Dagger+1","floor":18},{"not_picked":["Quick Slash","Riddle With Holes"],"picked":"PiercingWail","floor":20},{"not_picked":["Sucker Punch+1","Slice"],"picked":"Blade Dance","floor":22},{"not_picked":["Expertise","Unload"],"picked":"Poison Darts","floor":27},{"not_picked":["Sneak Up","Dash"],"picked":"Bouncing Flask","floor":29}],"player_experience":935879,"relics_obtained":[{"floor":5,"key":"Ring of Peace"},{"floor":5,"key":"Ring of Greed"},{"floor":5,"key":"Smiling Mask"},{"floor":5,"key":"The Courier"},{"floor":9,"key":"Mirror"},{"floor":10,"key":"Boot"},{"floor":11,"key":"Odd Mushroom"},{"floor":12,"key":"hubris:Potato"},{"floor":14,"key":"hubris:Metronome"},{"floor":27,"key":"Blue Doll"}],"event_choices":[{"damage_healed":0,"gold_gain":0,"player_choice":"Success","damage_taken":12,"relics_obtained":["Replay:Bottled Steam"],"max_hp_gain":0,"max_hp_loss":0,"event_name":"Scrap Ooze","floor":3,"gold_loss":0},{"damage_healed":0,"gold_gain":0,"player_choice":"Fought Mushrooms","damage_taken":0,"max_hp_gain":0,"max_hp_loss":0,"event_name":"Mushrooms","floor":11,"gold_loss":0},{"damage_healed":23,"gold_gain":0,"player_choice":"Heal","damage_taken":0,"max_hp_gain":0,"max_hp_loss":0,"event_name":"The Library","floor":24,"gold_loss":0},{"damage_healed":0,"gold_gain":0,"player_choice":"Simplicity","damage_taken":0,"max_hp_gain":0,"max_hp_loss":0,"event_name":"Back to Basics","floor":28,"gold_loss":0,"cards_upgraded":["Strike_G","Strike_G","Defend_G","Defend_G","Defend_G","Defend_G"]}],"is_beta":false,"boss_relics":[{"not_picked":["Velvet Choker","Honey Jar","hubris:Stopwatch"]}],"items_purged_floors":[2,2,2,13,13,19],"is_endless":false,"potions_floor_spawned":[1,4,11,14,20,22,29],"killed_by":"3 Cultists","ascension_level":6}}