{"host":"va904f3s24glxxej","time":1610050282,"event":{"mods":["AchievementEnabler","BaseMod","Colored Powertips","Downfall","Hubris","Minty Spire (QoL Compilation)","Replay The Spire","StSLib","The Necromancer"],"gold_per_floor":[99,99,99,99,157,167,190,2,18,32,32,32,17,27,37,132,132,132,147,147,147,147,147,147,166,266,281,291,291,291,21,39,144,144,244,328,346,6,6,6,6,6],"floor_reached":40,"playtime":2656,"items_purged":["hexamod:Strike","hexamod:Strike","hexamod:Defend"],"score":422,"play_id":"87c6ead9-f272-4668-9137-3244d7c5d0b4","local_time":"20210107201122","is_ascension_mode":false,"campfire_choices":[{"floor":1,"key":"DIG"},{"data":"hexamod:TimeOfNeed","floor":18,"key":"SMITH"},{"floor":29,"key":"REST"}],"circlet_count":0,"master_deck":["hexamod:Strike","hexamod:Strike","hexamod:Defend","hexamod:Defend","hexamod:Sear","hexamod:Float","hexamod:GhostLash","hexamod:Incineration+1","hexamod:GhostLash","hexamod:RainOfEmbers","hexamod:GhostOfSpirePast","Specialist","hexamod:TimeOfNeed","hexamod:AdvancingGuard","hexamod:VolcanoVisage","hexamod:GhostOfSpireFuture","hexamod:SpectersWail","hexamod:TimeOfNeed+1","hexamod:FourthSeal","hexamod:Hexaguard","hexamod:HeatCrush","hexamod:Rewind","hexamod:CatchUp+1","hexamod:HexaLevel","hexamod:WildfireWeapon","Violence"],"relics":["hexamod:SpiritBrand","downfall:HeartsMalice","White Beast Statue","Shuriken","Lizard Tail","downfall:RedIOU","Pantograph","hexamod:Sixitude","Darkstone Periapt","downfall:KnowingSkull","hexamod:InflammatoryLetter","expansioncontent:StudyCardRelic","Happy Flower","hubris:Reverence","hexamod:JarOfFuel"],"acts_visited":["Exordium","TheCity","TheBeyond"],"potions_floor_usage":[8,8,9,10,13,16,16,16,25,25,26,26,27,27,28,31,32,33,33,37,37,40],"damage_taken":[{"damage":0,"enemies":"Small Slimes","floor":2,"turns":1},{"damage":0,"enemies":"Jaw Worm","floor":3,"turns":1},{"damage":0,"enemies":"3 Sentries","floor":5,"turns":1},{"damage":0,"enemies":"Cultist","floor":6,"turns":3},{"damage":10,"enemies":"downfall:FleeingMerchant","floor":8,"turns":4},{"damage":0,"enemies":"Exordium Wildlife","floor":9,"turns":1},{"damage":0,"enemies":"3 Louse","floor":10,"turns":3},{"damage":15,"enemies":"downfall:FleeingMerchant","floor":13,"turns":4},{"damage":0,"enemies":"Large Slime","floor":14,"turns":3},{"damage":14,"enemies":"Lots of Slimes","floor":15,"turns":3},{"damage":18,"enemies":"downfall:Watcher","floor":16,"turns":7},{"damage":14,"enemies":"Spheric Guardian","floor":19,"turns":4},{"damage":0,"enemies":"Chosen","floor":23,"turns":1},{"damage":15,"enemies":"3 Cultists","floor":25,"turns":4},{"damage":33,"enemies":"downfall:Silent","floor":26,"turns":7},{"damage":15,"enemies":"Snake Plant","floor":27,"turns":3},{"damage":26,"enemies":"Shelled Parasite and Fungi","floor":28,"turns":5},{"damage":1,"enemies":"downfall:FleeingMerchant","floor":31,"turns":4},{"damage":6,"enemies":"Cultist and Chosen","floor":32,"turns":4},{"damage":48,"enemies":"downfall:Defect","floor":33,"turns":7},{"damage":52,"enemies":"3 Shapes","floor":37,"turns":4},{"damage":0,"enemies":"downfall:FleeingMerchant","floor":38,"turns":1},{"damage":20,"enemies":"3 Darklings","floor":40,"turns":2}],"seed_played":"1784149869039802838","potions_obtained":[{"floor":2,"key":"SpeedPotion"},{"floor":3,"key":"sneckomod:MuddlingPotion"},{"floor":5,"key":"SpeedPotion"},{"floor":6,"key":"AttackPotion"},{"floor":8,"key":"EntropicBrew"},{"floor":9,"key":"SpeedPotion"},{"floor":10,"key":"ColorlessPotion"},{"floor":13,"key":"GamblersBrew"},{"floor":14,"key":"Cursed Concoction"},{"floor":15,"key":"Regen Potion"},{"floor":16,"key":"FairyPotion"},{"floor":19,"key":"Explosive Potion"},{"floor":23,"key":"Fire Potion"},{"floor":25,"key":"Energy Potion"},{"floor":25,"key":"SpeedPotion"},{"floor":26,"key":"Explosive Potion"},{"floor":26,"key":"SkillPotion"},{"floor":27,"key":"Toxic Potion"},{"floor":28,"key":"Guardian:BlockOnCardUsePotion"},{"floor":28,"key":"ColorlessPotion"},{"floor":31,"key":"Death Potion"},{"floor":31,"key":"Fire Potion"},{"floor":32,"key":"Explosive Potion"},{"floor":33,"key":"Dexterity Potion"},{"floor":33,"key":"Weak Potion"},{"floor":36,"key":"LifebloodPotion"},{"floor":37,"key":"Weak Potion"},{"floor":38,"key":"SteroidPotion"}],"is_trial":false,"path_per_floor":["R","M","M","?","?","M","T","$","M","M","?","?","$","M","M","B",null,"R","M","$","?","?","M","T","M","?","M","M","R","?","$","M","B",null,"R","?","M","$","$","M"],"character_chosen":"THE_SPIRIT","items_purchased":["Specialist","Lizard Tail","hexamod:InflammatoryLetter","hubris:Reverence","hexamod:JarOfFuel","Violence"],"campfire_rested":1,"item_purchase_floors":[8,20,31,38,38,38],"current_hp_per_floor":[70,70,70,70,70,70,70,60,60,60,60,60,45,45,31,28,70,70,56,30,30,30,30,30,15,7,14,29,50,43,42,36,13,70,70,70,18,18,18,0,0,0],"gold":6,"neow_bonus":"THREE_ENEMY_KILL","is_daily":false,"chose_seed":false,"campfire_upgraded":1,"win_rate":0.0,"timestamp":1610050282,"path_taken":["R","M","M","?","?","M","T","?","?","M","?","?","$","?","M","BOSS","R","M","?","?","?","M","T","?","?","M","M","R","?","$","M","BOSS","R","?","M","?","$","?"],"items_purchased_type":["Card","Relic","Relic","Relic","Relic","Card"],"build_version":"2020-12-22","purchased_purges":3,"victory":false,"max_hp_per_floor":[70,70,70,70,70,70,70,70,70,70,70,70,70,70,70,70,70,70,70,70,70,70,70,70,70,70,70,70,70,70,70,70,70,70,70,70,70,70,70,70,70,70],"card_choices":[{"not_picked":["hexamod:SpectralSpark","hexamod:GhostOfSpireFuture"],"picked":"hexamod:GhostLash","floor":2},{"not_picked":["hexamod:SwordOfDarkness","hexamod:Again"],"picked":"hexamod:Incineration","floor":3},{"not_picked":["hexamod:PowerFromBeyond","hexamod:GhostShield"],"picked":"hexamod:GhostLash","floor":5},{"not_picked":["hexamod:BurningTouch","hexamod:EtherealExpedition"],"picked":"hexamod:RainOfEmbers","floor":6},{"not_picked":["hexamod:SkipABeat","hexamod:FastForward"],"picked":"hexamod:GhostOfSpirePast","floor":8},{"not_picked":["hexamod:GhostflameBarrier","hexamod:ThermalTransfer"],"picked":"hexamod:TimeOfNeed","floor":9},{"not_picked":["hexamod:GhostLash","hexamod:RainOfEmbers","hexamod:BurningTouch"],"picked":"SKIP","floor":10},{"not_picked":["hexamod:RainOfEmbers","hexamod:AdvancingGuard"],"picked":"hexamod:VolcanoVisage","floor":13},{"not_picked":["hexamod:SpectralSpark","hexamod:FastForward"],"picked":"hexamod:GhostOfSpireFuture","floor":14},{"not_picked":["hexamod:BacktrackSmack","hexamod:Firestarter"],"picked":"hexamod:SpectersWail","floor":15},{"not_picked":["hexamod:EmpoweringStance","hexamod:UnlimitedPower"],"picked":"hexamod:TimeOfNeed","floor":16},{"not_picked":["hexamod:GhostShield+1","hexamod:BurningTouch"],"picked":"hexamod:FourthSeal","floor":19},{"not_picked":["hexamod:CatchUp","hexamod:Haunt"],"picked":"hexamod:Hexaguard","floor":23},{"not_picked":["hexamod:GhostLash+1","hexamod:GhostShield+1"],"picked":"hexamod:HeatCrush","floor":25},{"not_picked":["hexamod:NecessarySacrifice","hexamod:TurnItUp"],"picked":"hexamod:Rewind","floor":27},{"not_picked":["hexamod:GhostShield","hexamod:ShieldOfDarkness+1","hexamod:Hexaguard"],"picked":"SKIP","floor":28},{"not_picked":["hexamod:Hexaguard+1","hexamod:ThermalTransfer"],"picked":"hexamod:CatchUp+1","floor":31},{"not_picked":["hexamod:SkipABeat","hexamod:ShieldOfDarkness","hexamod:CatchUp"],"picked":"SKIP","floor":32},{"not_picked":["hexamod:FifthSeal","hexamod:TurnItUp"],"picked":"hexamod:HexaLevel","floor":33},{"not_picked":["hexamod:NightmareStrike+1","hexamod:InspiringFlames+1","hexamod:DynamicBlow+1"],"picked":"SKIP","floor":37},{"not_picked":["hexamod:GhostOfSpirePast","hexamod:AdvancingGuard+1"],"picked":"hexamod:WildfireWeapon","floor":38}],"player_experience":756087,"relics_obtained":[{"floor":1,"key":"White Beast Statue"},{"floor":7,"key":"hexamod:BolsterEngine"},{"floor":24,"key":"Pantograph"},{"floor":26,"key":"hexamod:Sixitude"},{"floor":26,"key":"Darkstone Periapt"},{"floor":36,"key":"Happy Flower"}],"event_choices":[{"damage_healed":0,"gold_gain":0,"cards_transformed":["hexamod:Defend"],"player_choice":"Transformed","damage_taken":0,"max_hp_gain":0,"max_hp_loss":0,"event_name":"Transmorgrifier","floor":12,"gold_loss":0,"cards_obtained":["hexamod:AdvancingGuard"]}],"is_beta":false,"boss_relics":[{"not_picked":["hubris:CrackedHourglass","hubris:TerracottaHorce","Philosopher\u0027s Stone"]},{"not_picked":["Cursed Key","Replay:Grab Bag"],"picked":"expansioncontent:StudyCardRelic"}],"items_purged_floors":[8,20,38],"is_endless":false,"potions_floor_spawned":[2,3,5,6,8,9,10,13,14,15,16,19,23,25,26,27,28,31,32,33,37,38],"killed_by":"3 Darklings","ascension_level":0}}