{"host":"vex7walpoxzv48nx","time":1610040330,"event":{"mods":["BaseMod","Highlight Path","Minty Spire (QoL Compilation)","Permanent Neow","Quick Restart","Relic Stats"],"gold_per_floor":[116,116,116,139,157,157,157,157],"floor_reached":7,"playtime":669,"items_purged":[],"score":107,"play_id":"78d2ef78-be41-4f37-9061-4ccb9d4a1437","local_time":"20210107182530","daily_mods":["SealedDeck","Hoarder"],"is_ascension_mode":true,"campfire_choices":[{"data":"Armaments","floor":6,"key":"SMITH"}],"circlet_count":0,"master_deck":["AscendersBane","Disarm","Disarm","Disarm","Flame Barrier","Flame Barrier","Flame Barrier","Metallicize","Metallicize","Metallicize","Armaments","Armaments","Armaments+1","Pummel","Pummel","Pummel","Clothesline","Clothesline","Clothesline","Seeing Red","Seeing Red","Seeing Red","Anger","Anger","Anger","Heavy Blade","Heavy Blade","Heavy Blade","True Grit","True Grit","True Grit","Shrug It Off","Shrug It Off","Shrug It Off","Intimidate","Intimidate","Intimidate"],"relics":["Burning Blood","Golden Idol"],"acts_visited":["Exordium"],"potions_floor_usage":[],"damage_taken":[{"damage":0,"enemies":"2 Louse","floor":1,"turns":2},{"damage":0,"enemies":"Jaw Worm","floor":4,"turns":2},{"damage":0,"enemies":"Small Slimes","floor":5,"turns":3},{"damage":21,"enemies":"3 Sentries","floor":7,"turns":7}],"seed_played":"-5976123428567285514","potions_obtained":[],"is_trial":true,"path_per_floor":["M","?","?","M","M","R","E"],"character_chosen":"IRONCLAD","items_purchased":[],"campfire_rested":0,"item_purchase_floors":[],"current_hp_per_floor":[74,68,68,68,68,68,47,47],"gold":157,"neow_bonus":"","is_daily":false,"chose_seed":false,"campfire_upgraded":1,"win_rate":0.0,"timestamp":1610040330,"path_taken":["M","?","?","M","M","R","E"],"items_purchased_type":[],"build_version":"2020-12-22","purchased_purges":0,"victory":false,"max_hp_per_floor":[75,68,68,68,68,68,68,68],"relic_stats":{"counters":[4,14],"Golden Idol":9,"obtain_stats":[{"Golden Idol":2,"Burning Blood":0},{"Golden Idol":1,"Burning Blood":0},{"Golden Idol":2,"Burning Blood":0}],"Burning Blood":6},"card_choices":[{"not_picked":["Anger","Cleave"],"picked":"Shrug It Off","floor":1},{"not_picked":["Headbutt","Cleave","Seeing Red"],"picked":"SKIP","floor":4},{"not_picked":["Warcry","Heavy Blade"],"picked":"Intimidate","floor":5}],"player_experience":112182,"relics_obtained":[],"event_choices":[{"damage_healed":0,"gold_gain":0,"player_choice":"Lose Max HP","damage_taken":0,"relics_obtained":["Golden Idol"],"max_hp_gain":0,"max_hp_loss":7,"event_name":"Golden Idol","floor":2,"gold_loss":0},{"damage_healed":0,"gold_gain":0,"player_choice":"Ignored","damage_taken":0,"max_hp_gain":0,"max_hp_loss":0,"event_name":"Liars Game","floor":3,"gold_loss":0}],"is_beta":false,"boss_relics":[],"items_purged_floors":[],"is_endless":false,"potions_floor_spawned":[],"killed_by":"3 Sentries","ascension_level":20}}