{"host":"Timothy","time":1610054045,"event":{"mods":["AchievementEnabler","BaseMod","Bestiary","Highlight Path","Minty Spire (QoL Compilation)","Quick Restart","Slay-I"],"gold_per_floor":[117,134,134,150,160,160,115,40,66,79,79,89,164,174,174,250,250,261,261,175,175,194,194,207,219,219,136,148,72,72,89,89,167,167,179,179,195,7,25,25,0,0,0,15,15,15],"floor_reached":45,"playtime":2161,"items_purged":["Pain","Strike_G"],"score":798,"play_id":"6a333d18-7f46-4505-b900-7137eda6373e","local_time":"20210107131405","is_ascension_mode":true,"campfire_choices":[{"floor":6.0,"key":"REST"},{"data":"Accuracy","floor":11.0,"key":"SMITH"},{"floor":15.0,"key":"REST"},{"data":"Noxious Fumes","floor":23.0,"key":"SMITH"},{"data":"Footwork","floor":30.0,"key":"SMITH"},{"floor":32.0,"key":"REST"},{"floor":40.0,"key":"REST"}],"circlet_count":0,"master_deck":["AscendersBane","Strike_G","Strike_G","Strike_G","Defend_G","Defend_G","Defend_G","Defend_G","Defend_G","Survivor","Neutralize","Accuracy+1","Blur","Blade Dance","Prepared","After Image","Accuracy+1","Noxious Fumes+1","Infinite Blades","Footwork+1","Cloak And Dagger","Blur","Corpse Explosion","Noxious Fumes","Madness","Madness","Footwork","Bane+1","Panache"],"relics":["Ring of the Snake","NeowsBlessing","WarpedTongs","Lantern","Philosopher\u0027s Stone","Toy Ornithopter","Sozu","Red Mask","Question Card"],"acts_visited":["Exordium","TheCity","TheBeyond"],"potions_floor_usage":[],"damage_taken":[{"damage":0.0,"enemies":"2 Louse","floor":1.0,"turns":1.0},{"damage":0.0,"enemies":"Cultist","floor":2.0,"turns":1.0},{"damage":0.0,"enemies":"Small Slimes","floor":4.0,"turns":1.0},{"damage":45.0,"enemies":"Exordium Thugs","floor":5.0,"turns":9.0},{"damage":1.0,"enemies":"3 Louse","floor":10.0,"turns":7.0},{"damage":16.0,"enemies":"Exordium Wildlife","floor":12.0,"turns":8.0},{"damage":0.0,"enemies":"Large Slime","floor":14.0,"turns":6.0},{"damage":21.0,"enemies":"Hexaghost","floor":16.0,"turns":12.0},{"damage":0.0,"enemies":"3 Byrds","floor":18.0,"turns":8.0},{"damage":4.0,"enemies":"2 Thieves","floor":22.0,"turns":4.0},{"damage":9.0,"enemies":"Snake Plant","floor":24.0,"turns":6.0},{"damage":5.0,"enemies":"Snecko","floor":25.0,"turns":5.0},{"damage":10.0,"enemies":"Sentry and Sphere","floor":28.0,"turns":5.0},{"damage":11.0,"enemies":"Snake Plant","floor":31.0,"turns":6.0},{"damage":17.0,"enemies":"Collector","floor":33.0,"turns":12.0},{"damage":0.0,"enemies":"Orb Walker","floor":35.0,"turns":4.0},{"damage":13.0,"enemies":"3 Shapes","floor":37.0,"turns":3.0},{"damage":24.0,"enemies":"Writhing Mass","floor":39.0,"turns":7.0},{"damage":55.0,"enemies":"Jaw Worm Horde","floor":44.0,"turns":5.0},{"damage":13,"enemies":"Giant Head","floor":45,"turns":4}],"seed_played":"4149125174747287738","potions_obtained":[{"floor":2.0,"key":"ColorlessPotion"},{"floor":4.0,"key":"PowerPotion"},{"floor":10.0,"key":"CunningPotion"},{"floor":12.0,"key":"LiquidBronze"},{"floor":24.0,"key":"FairyPotion"},{"floor":31.0,"key":"BlessingOfTheForge"},{"floor":33.0,"key":"Weak Potion"}],"is_trial":false,"path_per_floor":["M","M","?","M","M","R","$","$","T","M","R","M","?","M","R","B",null,"M","?","$","?","M","R","M","M","T","$","M","$","R","M","R","B",null,"M","?","M","$","M","R","?","?","T","M","E"],"character_chosen":"THE_SILENT","items_purchased":["Blur","Noxious Fumes","Footwork","Blur","Footwork"],"campfire_rested":4,"item_purchase_floors":[7,20,27,29,38],"current_hp_per_floor":[59,59,59,59,14,33,33,33,33,32,32,16,5,5,24,3,50,50,50,50,50,46,46,37,32,32,32,22,22,22,11,30,18,54,54,42,29,29,5,24,24,24,24,9,0,0],"gold":15,"neow_bonus":"THREE_ENEMY_KILL","is_daily":false,"chose_seed":false,"campfire_upgraded":3,"win_rate":0.0,"timestamp":1610054045,"path_taken":["M","M","?","M","M","R","?","$","T","M","R","?","?","M","R","BOSS","M","?","?","?","M","R","M","M","T","$","M","$","R","M","R","BOSS","M","?","M","$","M","R","?","?","T","M","E"],"items_purchased_type":["Card","Card","Card","Card","Card"],"build_version":"2020-12-18","purchased_purges":2,"victory":false,"max_hp_per_floor":[66,66,66,66,66,66,66,66,66,66,66,66,66,66,66,66,66,66,66,66,66,66,66,66,66,66,66,66,66,66,66,66,66,66,66,66,66,66,66,66,66,66,66,66,66,66],"card_choices":[{"not_picked":["Acrobatics","PiercingWail","Choke"],"picked":"SKIP","floor":1.0},{"not_picked":["Dodge and Roll","Finisher","Sucker Punch"],"picked":"SKIP","floor":2.0},{"not_picked":["Prepared","Slice"],"picked":"Accuracy","floor":4.0},{"not_picked":["Deadly Poison","Outmaneuver","Eviscerate"],"picked":"SKIP","floor":5.0},{"not_picked":["Underhanded Strike","Dash"],"picked":"Blade Dance","floor":10.0},{"not_picked":["Underhanded Strike","Corpse Explosion","Bane"],"picked":"SKIP","floor":12.0},{"not_picked":["Terror","Dagger Throw"],"picked":"Prepared","floor":14.0},{"not_picked":["Glass Knife","Adrenaline"],"picked":"After Image","floor":16.0},{"not_picked":["Crippling Poison","Deadly Poison"],"picked":"Accuracy+1","floor":18.0},{"not_picked":["Calculated Gamble","Poisoned Stab","Concentrate"],"picked":"SKIP","floor":22.0},{"not_picked":["Tactician","Prepared"],"picked":"Infinite Blades","floor":24.0},{"not_picked":["Dagger Throw","Sucker Punch","Poisoned Stab"],"picked":"SKIP","floor":25.0},{"not_picked":["Sucker Punch","Flying Knee"],"picked":"Cloak And Dagger","floor":28.0},{"not_picked":["Outmaneuver+1","Finisher","Catalyst"],"picked":"SKIP","floor":31.0},{"not_picked":["Malaise","A Thousand Cuts"],"picked":"Corpse Explosion","floor":33.0},{"not_picked":["Dodge and Roll","Blade Dance"],"picked":"Noxious Fumes","floor":35.0},{"not_picked":["Slice","Dodge and Roll","Catalyst"],"picked":"SKIP","floor":37.0},{"not_picked":["Flying Knee+1","Quick Slash"],"picked":"Bane+1","floor":39.0},{"not_picked":["Forethought","Enlightenment"],"picked":"Panache","floor":42.0},{"not_picked":["Terror","Bane","Finisher","All Out Attack+1"],"picked":"SKIP","floor":44.0}],"player_experience":773481,"relics_obtained":[{"floor":9.0,"key":"Lantern"},{"floor":26.0,"key":"Toy Ornithopter"},{"floor":43.0,"key":"Question Card"}],"event_choices":[{"damage_healed":0.0,"max_hp_gain":0.0,"max_hp_loss":0.0,"gold_gain":0.0,"event_name":"Accursed Blacksmith","player_choice":"Rummage","floor":3.0,"gold_loss":0.0,"damage_taken":0.0,"relics_obtained":["WarpedTongs"],"cards_obtained":["Pain"]},{"damage_healed":0.0,"max_hp_gain":0.0,"max_hp_loss":0.0,"gold_gain":75.0,"event_name":"World of Goop","player_choice":"Gather Gold","floor":13.0,"gold_loss":0.0,"damage_taken":11.0},{"cards_removed":["Strike_G"],"damage_healed":0.0,"max_hp_gain":0.0,"max_hp_loss":0.0,"gold_gain":0.0,"event_name":"Wheel of Change","player_choice":"Card Removal","floor":19.0,"gold_loss":0.0,"damage_taken":0.0},{"damage_healed":0.0,"max_hp_gain":0.0,"max_hp_loss":0.0,"gold_gain":0.0,"event_name":"Cursed Tome","player_choice":"Ignored","floor":21.0,"gold_loss":0.0,"damage_taken":0.0},{"damage_healed":0.0,"max_hp_gain":0.0,"max_hp_loss":0.0,"gold_gain":0.0,"event_name":"Winding Halls","player_choice":"Embrace Madness","floor":36.0,"gold_loss":0.0,"damage_taken":12.0,"cards_obtained":["Madness","Madness"]},{"damage_healed":0.0,"max_hp_gain":0.0,"max_hp_loss":0.0,"gold_gain":0.0,"event_name":"Tomb of Lord Red Mask","player_choice":"Paid","floor":41.0,"gold_loss":25.0,"damage_taken":0.0,"relics_obtained":["Red Mask"]},{"damage_healed":0.0,"max_hp_gain":0.0,"max_hp_loss":0.0,"gold_gain":0.0,"event_name":"SensoryStone","player_choice":"Memory 1","floor":42.0,"gold_loss":0.0,"damage_taken":0.0}],"is_beta":true,"boss_relics":[{"not_picked":["Tiny House","Busted Crown"],"picked":"Philosopher\u0027s Stone"},{"not_picked":["SacredBark","HoveringKite"],"picked":"Sozu"}],"items_purged_floors":[8,38],"is_endless":false,"potions_floor_spawned":[2,4,10,12,24,31,33,35,39],"killed_by":"Giant Head","ascension_level":19}}