{"host":"873t0y8ybyo38pfq","time":1610053757,"event":{"mods":["BaseMod","Bestiary","Colored Map","Colored Powertips","Highlight Path","Minty Spire (QoL Compilation)","Quick Restart","RNG Fix","Rare Cards Sparkle","Relic Stats","StSLib"],"gold_per_floor":[115,132,149,149,167,167,187,213,261,289,309,322,341,355,355,427,427,440,475,30,30,53,53,88,88,88,88,38,54,84,84,84,84,84],"floor_reached":33,"playtime":1004,"items_purged":["Strike_B","Bite"],"score":619,"play_id":"c3f0dc78-cfa7-4904-a9c3-e06ebff3dbd3","local_time":"20210107160917","is_ascension_mode":true,"campfire_choices":[{"floor":6,"key":"REST"},{"floor":15,"key":"REST"},{"floor":23,"key":"REST"},{"data":"Echo Form","floor":25,"key":"SMITH"},{"data":"Hyperbeam","floor":27,"key":"SMITH"},{"data":"Creative AI","floor":32,"key":"SMITH"}],"circlet_count":0,"master_deck":["AscendersBane","Defend_B+1","Defend_B","Defend_B+1","Defend_B","Zap+1","Dualcast","Conserve Battery","Streamline+1","Go for the Eyes","All For One","BootSequence","White Noise","Steam","Genetic Algorithm","Ball Lightning+1","FTL+1","Conserve Battery","Creative AI+1","Steam Power","Hyperbeam+1","Bite","Bite","Bite","Bite","Echo Form+1","White Noise","Writhe"],"relics":["Cracked Core","Cables","Smiling Mask","War Paint","Sozu","Red Mask","TungstenRod","Whetstone","Letter Opener","Question Card","Pear","Molten Egg 2"],"acts_visited":["Exordium","TheCity"],"potions_floor_usage":[8,10,16,19],"damage_taken":[{"damage":2,"enemies":"Jaw Worm","floor":1,"turns":4},{"damage":3,"enemies":"2 Louse","floor":2,"turns":3},{"damage":2,"enemies":"Small Slimes","floor":3,"turns":3},{"damage":9,"enemies":"Red Slaver","floor":5,"turns":3},{"damage":9,"enemies":"2 Fungi Beasts","floor":7,"turns":3},{"damage":15,"enemies":"3 Sentries","floor":8,"turns":5},{"damage":11,"enemies":"Lagavulin","floor":10,"turns":5},{"damage":9,"enemies":"Exordium Wildlife","floor":11,"turns":6},{"damage":9,"enemies":"3 Louse","floor":12,"turns":3},{"damage":0,"enemies":"Large Slime","floor":13,"turns":4},{"damage":0,"enemies":"Looter","floor":14,"turns":2},{"damage":14,"enemies":"Hexaghost","floor":16,"turns":6},{"damage":3,"enemies":"Chosen","floor":18,"turns":4},{"damage":22,"enemies":"Masked Bandits","floor":19,"turns":4},{"damage":12,"enemies":"Slavers","floor":24,"turns":5},{"damage":17,"enemies":"2 Thieves","floor":29,"turns":3},{"damage":22,"enemies":"Book of Stabbing","floor":30,"turns":6},{"damage":83,"enemies":"Champ","floor":33,"turns":10}],"seed_played":"5762174704034086319","potions_obtained":[{"floor":2,"key":"SkillPotion"},{"floor":8,"key":"EssenceOfSteel"},{"floor":10,"key":"FocusPotion"},{"floor":11,"key":"DuplicationPotion"},{"floor":13,"key":"Block Potion"}],"is_trial":false,"path_per_floor":["M","M","M","?","M","R","M","E","T","E","M","M","M","M","R","B",null,"M","?","$","?","T","R","E","R","T","R","$","M","E","?","R","B"],"character_chosen":"DEFECT","items_purchased":["Hyperbeam","TungstenRod"],"campfire_rested":3,"item_purchase_floors":[20,20],"current_hp_per_floor":[62,59,57,57,48,69,60,45,45,34,25,16,16,16,37,23,59,56,34,34,34,34,48,47,47,47,47,47,38,40,40,40,0,0],"gold":84,"neow_bonus":"UPGRADE_CARD","is_daily":false,"chose_seed":false,"campfire_upgraded":3,"win_rate":0.0,"timestamp":1610053757,"path_taken":["M","M","?","?","M","R","M","E","T","E","M","M","M","M","R","BOSS","M","?","$","?","?","R","E","R","T","R","?","?","E","?","R","BOSS"],"items_purchased_type":["Card","Relic"],"build_version":"2020-12-22","purchased_purges":2,"victory":false,"max_hp_per_floor":[71,71,71,71,71,71,71,71,71,71,71,71,71,71,71,71,71,71,71,71,49,49,49,49,49,49,49,49,49,59,59,59,59,59],"relic_stats":{"Sozu":2,"counters":[18,79],"Whetstone":["FTL","Ball Lightning"],"Letter Opener":[60],"War Paint":["Defend_B","Defend_B"],"Smiling Mask":75,"Question Card":2,"obtain_stats":[{"Sozu":17,"Pear":30,"Molten Egg 2":31,"Red Mask":19,"Whetstone":22,"Letter Opener":24,"War Paint":10,"Cracked Core":0,"Smiling Mask":9,"Question Card":26,"TungstenRod":20,"Cables":8},{"Sozu":12,"Pear":17,"Molten Egg 2":17,"Red Mask":14,"Whetstone":14,"Letter Opener":15,"War Paint":7,"Cracked Core":0,"Smiling Mask":6,"Question Card":15,"TungstenRod":14,"Cables":6},{"Sozu":47,"Pear":69,"Molten Egg 2":69,"Red Mask":55,"Whetstone":55,"Letter Opener":60,"War Paint":26,"Cracked Core":0,"Smiling Mask":21,"Question Card":60,"TungstenRod":55,"Cables":21}],"TungstenRod":15,"Cables":[40,40,0,0,0]},"card_choices":[{"not_picked":["Turbo","Sweeping Beam"],"picked":"Conserve Battery","floor":1},{"not_picked":["Beam Cell","Recycle"],"picked":"Streamline","floor":2},{"not_picked":["Steam","Barrage"],"picked":"Go for the Eyes","floor":3},{"not_picked":["Stack","Barrage"],"picked":"All For One","floor":5},{"not_picked":["Hologram","Rebound"],"picked":"BootSequence","floor":7},{"not_picked":["Auto Shields","Static Discharge"],"picked":"White Noise","floor":8},{"not_picked":["Stack","Cold Snap"],"picked":"Steam","floor":10},{"not_picked":["Stack","Heatsinks"],"picked":"Genetic Algorithm","floor":11},{"not_picked":["Static Discharge","Auto Shields"],"picked":"Ball Lightning","floor":12},{"not_picked":["Capacitor","Melter"],"picked":"FTL","floor":13},{"not_picked":["Steam","Turbo"],"picked":"Conserve Battery","floor":14},{"not_picked":["Biased Cognition","Electrodynamics"],"picked":"Creative AI","floor":16},{"not_picked":["Conserve Battery","Cold Snap+1"],"picked":"Steam Power","floor":18},{"not_picked":["Coolheaded","Go for the Eyes"],"picked":"Echo Form","floor":24},{"not_picked":["Ball Lightning","Conserve Battery","Auto Shields","Beam Cell"],"picked":"SKIP","floor":29},{"not_picked":["Gash+1","Blizzard","Thunder Strike"],"picked":"White Noise","floor":30}],"player_experience":1538995,"relics_obtained":[{"floor":8,"key":"Cables"},{"floor":9,"key":"Smiling Mask"},{"floor":10,"key":"War Paint"},{"floor":19,"key":"Red Mask"},{"floor":22,"key":"Whetstone"},{"floor":24,"key":"Letter Opener"},{"floor":26,"key":"Question Card"},{"floor":30,"key":"Pear"}],"event_choices":[{"damage_healed":0,"gold_gain":0,"player_choice":"Grow","damage_taken":0,"max_hp_gain":0,"max_hp_loss":0,"event_name":"Living Wall","floor":4,"gold_loss":0,"cards_upgraded":["Streamline"]},{"damage_healed":0,"gold_gain":0,"player_choice":"Fought Bandits","damage_taken":0,"max_hp_gain":0,"max_hp_loss":0,"event_name":"Masked Bandits","floor":19,"gold_loss":0},{"damage_healed":0,"gold_gain":0,"player_choice":"Became a vampire","damage_taken":0,"max_hp_gain":0,"max_hp_loss":22,"event_name":"Vampires","floor":21,"gold_loss":0,"cards_obtained":["Bite","Bite","Bite","Bite","Bite"]},{"damage_healed":0,"gold_gain":0,"player_choice":"Opened","damage_taken":0,"relics_obtained":["Molten Egg 2"],"max_hp_gain":0,"max_hp_loss":0,"event_name":"The Mausoleum","floor":31,"gold_loss":0,"cards_obtained":["Writhe"]}],"is_beta":false,"boss_relics":[{"not_picked":["Fusion Hammer","Calling Bell"],"picked":"Sozu"}],"items_purged_floors":[20,28],"is_endless":false,"potions_floor_spawned":[2,8,10,11,13,14,18,24],"killed_by":"Champ","ascension_level":20}}