{"host":"ydujlihd8f5px9gp","time":1610055401,"event":{"mods":["AchievementEnabler","BaseMod","Block Reminder","Colored Map","Minty Spire (QoL Compilation)","ojb\u0027s Info Mod"],"gold_per_floor":[109,127,140,160,140,167,177,203,203,128,128,128,228,242,242,343,343,360,18,38,73,73,73],"floor_reached":22,"playtime":1301,"items_purged":["Defend_G","Strike_G"],"score":206,"play_id":"9563048b-1f33-4da5-86a3-504e8964bc84","local_time":"20210107193641","is_ascension_mode":true,"campfire_choices":[{"data":"Night Terror","floor":11,"key":"SMITH"},{"floor":15,"key":"REST"}],"circlet_count":0,"master_deck":["Strike_G","Strike_G","Strike_G","Strike_G","Defend_G","Defend_G+1","Defend_G","Defend_G","Survivor","Neutralize","Night Terror+1","Dagger Throw","Blade Dance","Backflip+1","Noxious Fumes","Poisoned Stab","Bullet Time","Catalyst","Backflip+1"],"relics":["Ring of the Snake","Toy Ornithopter","War Paint","Regal Pillow","SacredBark","Ornamental Fan","Red Mask"],"acts_visited":["Exordium","TheCity"],"potions_floor_usage":[8,14,16,21],"damage_taken":[{"damage":1,"enemies":"Cultist","floor":1,"turns":4},{"damage":0,"enemies":"Small Slimes","floor":2,"turns":3},{"damage":0,"enemies":"Jaw Worm","floor":3,"turns":3},{"damage":8,"enemies":"Gremlin Gang","floor":4,"turns":4},{"damage":15,"enemies":"3 Sentries","floor":6,"turns":12},{"damage":0,"enemies":"Blue Slaver","floor":7,"turns":6},{"damage":41,"enemies":"Gremlin Nob","floor":8,"turns":5},{"damage":0,"enemies":"3 Louse","floor":14,"turns":3},{"damage":37,"enemies":"Slime Boss","floor":16,"turns":13},{"damage":18,"enemies":"Shell Parasite","floor":18,"turns":5},{"damage":1,"enemies":"3 Byrds","floor":20,"turns":7},{"damage":30,"enemies":"Masked Bandits","floor":21,"turns":5},{"damage":0,"enemies":"Centurion and Healer","floor":22,"turns":4}],"seed_played":"4046862300007104272","potions_obtained":[{"floor":1,"key":"DuplicationPotion"},{"floor":3,"key":"Fire Potion"},{"floor":5,"key":"DistilledChaos"},{"floor":8,"key":"Dexterity Potion"},{"floor":18,"key":"DistilledChaos"},{"floor":20,"key":"SpeedPotion"}],"is_trial":false,"path_per_floor":["M","M","M","M","?","E","M","E","T","$","R","?","?","M","R","B",null,"M","$","M","?","M"],"character_chosen":"THE_SILENT","items_purchased":["Ornamental Fan"],"campfire_rested":1,"item_purchase_floors":[19],"current_hp_per_floor":[69,69,69,61,61,46,46,10,10,10,10,15,15,20,57,25,75,57,57,56,31,31,31],"gold":73,"neow_bonus":"ONE_RANDOM_RARE_CARD","is_daily":false,"chose_seed":false,"campfire_upgraded":1,"win_rate":0.0,"timestamp":1610055401,"path_taken":["M","?","M","M","?","E","?","E","T","$","R","?","?","M","R","BOSS","M","$","?","?","M"],"items_purchased_type":["Relic"],"build_version":"2020-12-22","purchased_purges":2,"victory":false,"max_hp_per_floor":[70,70,70,70,70,70,70,70,70,70,70,75,75,75,75,75,75,75,75,75,75,75,75],"card_choices":[{"not_picked":["Eviscerate","Quick Slash"],"picked":"Dagger Throw","floor":1},{"not_picked":["Prepared","Dagger Spray"],"picked":"Blade Dance","floor":2},{"not_picked":["Underhanded Strike","Blade Dance"],"picked":"Backflip","floor":3},{"not_picked":["All Out Attack","Bane","Catalyst"],"picked":"SKIP","floor":4},{"not_picked":["Outmaneuver","Heel Hook"],"picked":"Noxious Fumes","floor":6},{"not_picked":["Heel Hook","Sucker Punch","Outmaneuver"],"picked":"SKIP","floor":7},{"not_picked":["Blur","Sucker Punch"],"picked":"Poisoned Stab","floor":8},{"not_picked":["Terror","Acrobatics","Caltrops"],"picked":"SKIP","floor":14},{"not_picked":["After Image","Tools of the Trade"],"picked":"Bullet Time","floor":16},{"not_picked":["Deflect","Poisoned Stab"],"picked":"Catalyst","floor":18},{"not_picked":["Poisoned Stab","Expertise+1"],"picked":"Backflip+1","floor":20}],"player_experience":100047,"relics_obtained":[{"floor":6,"key":"Toy Ornithopter"},{"floor":8,"key":"War Paint"},{"floor":9,"key":"Regal Pillow"},{"floor":21,"key":"Red Mask"}],"event_choices":[{"damage_healed":0,"gold_gain":0,"player_choice":"Bought 1 Potion","damage_taken":0,"max_hp_gain":0,"max_hp_loss":0,"event_name":"The Woman in Blue","floor":5,"gold_loss":0},{"damage_healed":0,"gold_gain":0,"player_choice":"Donut","damage_taken":0,"max_hp_gain":5,"max_hp_loss":0,"event_name":"Big Fish","floor":12,"gold_loss":0},{"damage_healed":0,"gold_gain":100,"player_choice":"Pray","damage_taken":0,"max_hp_gain":0,"max_hp_loss":0,"event_name":"Golden Shrine","floor":13,"gold_loss":0},{"damage_healed":0,"gold_gain":0,"player_choice":"Fought Bandits","damage_taken":0,"max_hp_gain":0,"max_hp_loss":0,"event_name":"Masked Bandits","floor":21,"gold_loss":0}],"is_beta":false,"boss_relics":[{"not_picked":["Cursed Key","Busted Crown"],"picked":"SacredBark"}],"items_purged_floors":[10,19],"is_endless":false,"potions_floor_spawned":[1,3,8,18,20],"killed_by":"Centurion and Healer","ascension_level":1}}