{"host":"rhrkddapnlgqm7yj","time":1610004674,"event":{"mods":["AchievementEnabler","BaseMod","Bestiary","Better Note","Colored Map","Colored Powertips","Filter the Spire","Gold Saver","Minty Spire (QoL Compilation)","Rare Cards Sparkle","Relic Stats","Remove Card Discount Mod","StSLib","SuperFastMode","The IronCluck","Waifu the Spire","everything is the same but u backflip on backflip"],"gold_per_floor":[118,83,83,39,59,59,84,159,239,274,274,287,304,321,321,424,424,440,440,457,467,467,467,467,467],"floor_reached":24,"playtime":1564,"items_purged":["Strike_G","Strike_G","Strike_G","Strike_G"],"score":266,"play_id":"a380d2a7-8771-4163-a34b-9f0164a40aa6","local_time":"20210107083114","is_ascension_mode":true,"campfire_choices":[{"data":"Noxious Fumes","floor":6,"key":"SMITH"},{"data":"Poisoned Stab","floor":11,"key":"SMITH"},{"data":"Neutralize","floor":15,"key":"SMITH"},{"data":"Night Terror","floor":23,"key":"SMITH"}],"circlet_count":0,"master_deck":["Defend_G","Defend_G","Defend_G","Survivor","Neutralize+1","Poisoned Stab+1","Noxious Fumes+1","Outmaneuver","Calculated Gamble","Bouncing Flask","Well Laid Plans","Acrobatics","Night Terror+1","Backflip","Prepared+1","Tactician","Quick Slash","Night Terror"],"relics":["Coffee Dripper","Centennial Puzzle","Matryoshka","Pen Nib","SlaversCollar"],"acts_visited":["Exordium","TheCity"],"potions_floor_usage":[18,24],"damage_taken":[{"damage":7,"enemies":"Jaw Worm","floor":1,"turns":5},{"damage":0,"enemies":"Small Slimes","floor":5,"turns":5},{"damage":0,"enemies":"Lagavulin","floor":7,"turns":7},{"damage":5,"enemies":"3 Sentries","floor":10,"turns":8},{"damage":0,"enemies":"Cultist","floor":12,"turns":4},{"damage":5,"enemies":"Exordium Thugs","floor":13,"turns":4},{"damage":3,"enemies":"3 Louse","floor":14,"turns":3},{"damage":30,"enemies":"Slime Boss","floor":16,"turns":11},{"damage":10,"enemies":"Spheric Guardian","floor":18,"turns":4},{"damage":7,"enemies":"3 Byrds","floor":20,"turns":5},{"damage":40,"enemies":"Snake Plant","floor":21,"turns":5},{"damage":16,"enemies":"Gremlin Leader","floor":24,"turns":3}],"seed_played":"-5003032416321114841","potions_obtained":[{"floor":10,"key":"Swift Potion"},{"floor":12,"key":"BlessingOfTheForge"},{"floor":13,"key":"Ancient Potion"},{"floor":21,"key":"ColorlessPotion"}],"is_trial":false,"path_per_floor":["M","?","?","$","M","R","E","?","T","E","R","M","M","M","R","B",null,"M","$","M","M","?","R","E"],"character_chosen":"THE_SILENT","items_purchased":["Noxious Fumes"],"campfire_rested":0,"item_purchase_floors":[4],"current_hp_per_floor":[63,70,63,63,63,63,63,52,52,47,47,47,42,39,39,9,70,60,60,53,13,13,13,0,0],"gold":467,"neow_bonus":"BOSS_RELIC","is_daily":false,"chose_seed":false,"campfire_upgraded":4,"win_rate":0.0,"timestamp":1610004674,"path_taken":["M","?","?","$","M","R","E","?","T","E","R","?","M","M","R","BOSS","M","$","M","M","?","R","E"],"items_purchased_type":["Card"],"build_version":"2020-12-22","purchased_purges":4,"victory":false,"max_hp_per_floor":[70,70,70,70,70,70,70,70,70,70,70,70,70,70,70,70,70,70,70,70,70,70,70,70,70],"relic_stats":{"Centennial Puzzle":[24],"counters":[12,64],"Pen Nib":[4],"obtain_stats":[{"SlaversCollar":17,"Centennial Puzzle":7,"Matryoshka":9,"Pen Nib":10,"Coffee Dripper":0,"Ring of the Snake":0},{"SlaversCollar":8,"Centennial Puzzle":3,"Matryoshka":3,"Pen Nib":4,"Coffee Dripper":0,"Ring of the Snake":0},{"SlaversCollar":47,"Centennial Puzzle":17,"Matryoshka":17,"Pen Nib":25,"Coffee Dripper":0,"Ring of the Snake":0}]},"card_choices":[{"not_picked":["Blade Dance","Underhanded Strike"],"picked":"Poisoned Stab","floor":1},{"not_picked":["Quick Slash","Terror"],"picked":"Outmaneuver","floor":5},{"not_picked":["Infinite Blades","Blade Dance","Choke"],"picked":"SKIP","floor":7},{"not_picked":["Reflex","Bane"],"picked":"Calculated Gamble","floor":10},{"not_picked":["Prepared","Burst"],"picked":"Bouncing Flask","floor":12},{"not_picked":["Reflex","Finisher"],"picked":"Well Laid Plans","floor":13},{"not_picked":["PiercingWail","Skewer"],"picked":"Acrobatics","floor":14},{"not_picked":["Unload","Storm of Steel"],"picked":"Night Terror","floor":16},{"not_picked":["PiercingWail","Dash"],"picked":"Backflip","floor":18},{"not_picked":["Accuracy","Acrobatics+1"],"picked":"Prepared+1","floor":20},{"not_picked":["Distraction","Acrobatics"],"picked":"Tactician","floor":21}],"player_experience":48849,"relics_obtained":[{"floor":7,"key":"Centennial Puzzle"},{"floor":9,"key":"Matryoshka"},{"floor":10,"key":"Pen Nib"}],"event_choices":[{"damage_healed":17,"gold_gain":0,"player_choice":"Healed","damage_taken":0,"max_hp_gain":0,"max_hp_loss":0,"event_name":"The Cleric","floor":2,"gold_loss":35},{"cards_removed":["Strike_G"],"damage_healed":0,"gold_gain":0,"player_choice":"Card Removal","damage_taken":7,"max_hp_gain":0,"max_hp_loss":0,"event_name":"Golden Wing","floor":3,"gold_loss":0},{"damage_healed":0,"gold_gain":75,"player_choice":"Gather Gold","damage_taken":11,"max_hp_gain":0,"max_hp_loss":0,"event_name":"World of Goop","floor":8,"gold_loss":0},{"damage_healed":0,"gold_gain":0,"cards_transformed":["Defend_G","Defend_G"],"player_choice":"Became Test Subject","damage_taken":0,"max_hp_gain":0,"max_hp_loss":0,"event_name":"Drug Dealer","floor":22,"gold_loss":0,"cards_obtained":["Quick Slash","Night Terror"]}],"is_beta":false,"boss_relics":[{"not_picked":["Philosopher\u0027s Stone","Sozu"],"picked":"SlaversCollar"}],"items_purged_floors":[4,4,4,4],"is_endless":false,"potions_floor_spawned":[10,12,13,14,21],"killed_by":"Gremlin Leader","ascension_level":3}}