{"host":"4ewqgal2arndapmh","time":1610020137,"event":{"mods":["BaseMod","Colored Powertips","Highlight Path","Minty Spire (QoL Compilation)","Quick Restart","StSLib"],"gold_per_floor":[118,43,43,54,1,30,40,40,40,215,234,247,197,213,213,213,213],"floor_reached":16,"playtime":589,"items_purged":["Strike_B"],"score":127,"play_id":"f1ea651b-94d2-4523-a427-068d5b8c6492","local_time":"20210107194857","is_ascension_mode":false,"campfire_choices":[{"data":"Zap","floor":8,"key":"SMITH"},{"data":"Redo","floor":15,"key":"SMITH"}],"circlet_count":0,"master_deck":["Strike_B","Strike_B","Defend_B","Defend_B","Defend_B","Defend_B","Zap+1","Dualcast","Gash","Gash","Redo+1","FTL","Doubt","Coolheaded","Hologram"],"relics":["Cracked Core","NeowsBlessing","Question Card","MealTicket","Molten Egg 2"],"acts_visited":["Exordium"],"potions_floor_usage":[],"damage_taken":[{"damage":0,"enemies":"Small Slimes","floor":1,"turns":1},{"damage":0,"enemies":"Cultist","floor":4,"turns":1},{"damage":0,"enemies":"Gremlin Nob","floor":6,"turns":1},{"damage":1,"enemies":"2 Louse","floor":7,"turns":2},{"damage":2,"enemies":"Blue Slaver","floor":11,"turns":2},{"damage":2,"enemies":"3 Louse","floor":12,"turns":3},{"damage":23,"enemies":"Gremlin Gang","floor":14,"turns":5},{"damage":47,"enemies":"The Guardian","floor":16,"turns":9}],"seed_played":"-7847570510161638155","potions_obtained":[{"floor":4,"key":"Weak Potion"},{"floor":6,"key":"Dexterity Potion"},{"floor":11,"key":"Weak Potion"},{"floor":12,"key":"EssenceOfDarkness"}],"is_trial":false,"path_per_floor":["M","$","?","M","$","E","M","R","T","?","M","M","?","M","R","B"],"character_chosen":"DEFECT","items_purchased":["Gash"],"campfire_rested":0,"item_purchase_floors":[5],"current_hp_per_floor":[75,75,75,75,75,75,74,74,74,74,72,70,70,47,47,0,0],"gold":213,"neow_bonus":"THREE_ENEMY_KILL","is_daily":false,"chose_seed":false,"campfire_upgraded":2,"win_rate":0.0,"timestamp":1610020137,"path_taken":["M","$","?","M","?","E","M","R","T","?","M","M","?","?","R","BOSS"],"items_purchased_type":["Card"],"build_version":"2020-12-22","purchased_purges":1,"victory":false,"max_hp_per_floor":[75,75,75,75,75,75,75,75,75,75,75,75,75,75,75,75,75],"card_choices":[{"not_picked":["Coolheaded","Go for the Eyes"],"picked":"Gash","floor":1},{"not_picked":["Steam","Leap","Cold Snap","Beam Cell"],"picked":"SKIP","floor":4},{"not_picked":["Auto Shields","Stack","Blizzard"],"picked":"Redo","floor":6},{"not_picked":["Steam","Stack","Leap"],"picked":"FTL","floor":7},{"not_picked":["Reprogram","Tempest","Beam Cell+1","Heatsinks"],"picked":"SKIP","floor":11},{"not_picked":["Compile Driver+1","Beam Cell+1","Go for the Eyes+1"],"picked":"Coolheaded","floor":12},{"not_picked":["Compile Driver+1","Consume","Buffer"],"picked":"Hologram","floor":14}],"player_experience":60286,"relics_obtained":[{"floor":3,"key":"Question Card"},{"floor":6,"key":"MealTicket"},{"floor":9,"key":"Molten Egg 2"}],"event_choices":[{"damage_healed":0,"gold_gain":0,"player_choice":"Relic","damage_taken":0,"max_hp_gain":0,"max_hp_loss":0,"event_name":"Wheel of Change","floor":3,"gold_loss":0},{"damage_healed":0,"gold_gain":175,"player_choice":"AGREE","damage_taken":0,"max_hp_gain":0,"max_hp_loss":0,"event_name":"Liars Game","floor":10,"gold_loss":0,"cards_obtained":["Doubt"]},{"cards_removed":["Strike_B"],"damage_healed":0,"gold_gain":0,"player_choice":"Card Removal","damage_taken":0,"max_hp_gain":0,"max_hp_loss":0,"event_name":"The Cleric","floor":13,"gold_loss":50}],"is_beta":false,"boss_relics":[],"items_purged_floors":[2],"is_endless":false,"potions_floor_spawned":[4,6,11,12,14],"killed_by":"The Guardian","ascension_level":0}}