{"host":"9kuc8qxv67wkis18","time":1610061772,"event":{"mods":["2.2 Compatiblity","AchievementEnabler","Aspiration","Astrologer","Bard","BaseMod","Beaked The Cultist","Bestiary","Better Note","Better Third Choice","Block Reminder","Challenge The Spire","ChefMod","Conspire","Curses Come First","GifTheSpireLib","Glutton Mod","Halation","Hermit","Highlight Path","Hubris","Infinite Spire","Jorbs\u0027s Wanderer Trilogy","Marked Mod","Melee Mod","Minty Spire (QoL Compilation)","Permanent Neow","Potionbrewer","Random Character Button","Rare Cards Sparkle","Replay The Spire","Shade Mod","Somnambulant","Spikes Relics","StSLib","Stuff the Spire","The Accelerator","The Blue Laboratory","The Caster","The Construct","The Cursed","The Disciple","The Florist","The Forsaken","The Hierophant","The Judge","The Juggle","The Jungle","The Marked","The Necromancer","The Showman","The Wild Card","TheArtist","Thieving Mod","everything is the same but u backflip on backflip","thorton","vexMod"],"gold_per_floor":[116,116,129,129,144,144,219,246,246,246,246,246,257,282,282,282,282],"floor_reached":16,"playtime":1341,"items_purged":[],"score":119,"play_id":"c48f2700-2404-4362-ac7f-bf656f184363","local_time":"20210107182252","is_ascension_mode":true,"campfire_choices":[{"data":"hermit:HighCaliber","floor":6,"key":"SMITH"},{"floor":12,"key":"REST"},{"floor":15,"key":"REST"}],"circlet_count":0,"master_deck":["hermit:Strike_Hermit","hermit:Strike_Hermit","hermit:Strike_Hermit","hermit:Strike_Hermit","hermit:Defend_Hermit","hermit:Defend_Hermit","hermit:Defend_Hermit","hermit:Defend_Hermit","hermit:Snapshot","hermit:Covet","hermit:HighCaliber+1","hermit:Showdown+1","hermit:HighNoon"],"relics":["hermit:Momento","MiniBlackHole","halation:StarCompass","RetroEgg","hubris:BottledRain","MealTicket","Replay:Ringing Soul"],"acts_visited":["Exordium"],"potions_floor_usage":[13,14],"damage_taken":[{"damage":0,"enemies":"Jaw Worm","floor":1,"turns":4},{"damage":0,"enemies":"2 Louse","floor":3,"turns":3},{"damage":13,"enemies":"Small Slimes","floor":5,"turns":2},{"damage":30,"enemies":"3 Sentries","floor":8,"turns":11},{"damage":2,"enemies":"Exordium Wildlife","floor":13,"turns":3},{"damage":31,"enemies":"Lagavulin","floor":14,"turns":6},{"damage":20,"enemies":"Slime Boss","floor":16,"turns":6}],"seed_played":"1108348867278696959","potions_obtained":[{"floor":3,"key":"potionbrewer:SplittingPotion"},{"floor":13,"key":"blueLaboratory:BottledHope"}],"is_trial":false,"path_per_floor":["M","$","M","?","M","R","?","E","T","?","T","R","M","E","R","B"],"character_chosen":"HERMIT","items_purchased":[],"campfire_rested":2,"item_purchase_floors":[],"current_hp_per_floor":[75,75,75,75,62,62,51,21,21,21,21,43,41,13,36,16,16],"gold":282,"neow_bonus":"RANDOM_COMMON_RELIC","is_daily":false,"chose_seed":false,"campfire_upgraded":1,"win_rate":0.0,"timestamp":1610061772,"path_taken":["M","$","M","?","M","R","?","E","T","?","?","R","M","E","R","BOSS"],"items_purchased_type":[],"build_version":"2020-12-22","purchased_purges":0,"victory":false,"max_hp_per_floor":[75,75,75,75,75,75,75,75,75,75,75,75,75,78,78,78,78],"card_choices":[{"not_picked":["hermit:Headshot","hermit:Horror","hermit:GhostlyPresence"],"picked":"SKIP","floor":1},{"not_picked":["hermit:GoldenBullet","hermit:LuckOfTheDraw"],"picked":"hermit:HighCaliber","floor":3},{"not_picked":["hermit:Enervate","hermit:Virtue","hermit:Ricochet"],"picked":"SKIP","floor":5},{"not_picked":["hermit:Misfire","hermit:CalledShot"],"picked":"hermit:Showdown","floor":8},{"not_picked":["hermit:Misfire","hermit:PistolWhip","hermit:Malice"],"picked":"SKIP","floor":13},{"not_picked":["hermit:BodyArmor","hermit:HoleUp"],"picked":"hermit:HighNoon","floor":14}],"player_experience":198702,"relics_obtained":[{"floor":8,"key":"RetroEgg"},{"floor":9,"key":"hubris:BottledRain"},{"floor":11,"key":"MealTicket"},{"floor":14,"key":"Replay:Ringing Soul"}],"event_choices":[{"damage_healed":0,"gold_gain":75,"player_choice":"Gold","damage_taken":11,"max_hp_gain":0,"max_hp_loss":0,"event_name":"betterThird:BetterGoop","floor":7,"gold_loss":0},{"damage_healed":0,"gold_gain":0,"player_choice":"Grow","damage_taken":0,"max_hp_gain":0,"max_hp_loss":0,"event_name":"Living Wall","floor":10,"gold_loss":0,"cards_upgraded":["hermit:Showdown"]}],"is_beta":false,"boss_relics":[],"items_purged_floors":[],"is_endless":false,"potions_floor_spawned":[3,13],"killed_by":"Slime Boss","ascension_level":2}}