{"host":"bpkhhmvsfrvlto2l","time":1610008189,"event":{"mods":["2.2 Compatiblity","Act Like it!","AlwaysNeverKeys","BaseMod","Better Silent Start","Challenge The Spire","Colored Map","Colored Powertips","Custom Start","Downfall","Energized Spire","Friendly Minions","GifTheSpireLib","Halation","Hubris","Infinite Spire","Ironclad Rager","Mimic Mod","Minty Spire (QoL Compilation)","Permanent Neow","Quick Restart","Random Character Button","Relic Sorter","Replay The Spire","Spikes Relics","StSLib","Stuff the Spire","Swap Starting Deck Mod","Trackpad"],"gold_per_floor":[110,120,130,130,150,150,150,150],"floor_reached":7,"playtime":134,"items_purged":[],"score":49,"play_id":"eae4f0e1-2e3f-48ca-908b-d2a734ba627a","local_time":"20210107032949","is_ascension_mode":true,"campfire_choices":[{"data":"Gash","floor":6,"key":"SMITH"}],"circlet_count":0,"master_deck":["Strike_B","Strike_B","Strike_B","Strike_B","Defend_B","Defend_B","Defend_B","Defend_B","Zap","Dualcast","Hologram","Gash+1","Ball Lightning"],"relics":["Cracked Core","halation:SelfBoilingWater"],"acts_visited":["Exordium"],"potions_floor_usage":[],"damage_taken":[{"damage":11,"enemies":"Cultist","floor":1,"turns":4},{"damage":7,"enemies":"Jaw Worm","floor":2,"turns":3},{"damage":0,"enemies":"Small Slimes","floor":3,"turns":3},{"damage":11,"enemies":"2 Fungi Beasts","floor":5,"turns":3},{"damage":0,"enemies":"3 Sentries","floor":7,"turns":1}],"seed_played":"4106600858114850527","potions_obtained":[{"floor":1,"key":"SmokeBomb"},{"floor":3,"key":"Flashbang"},{"floor":5,"key":"Toxic Potion"}],"is_trial":false,"path_per_floor":["M","M","M","T","M","R","E"],"character_chosen":"DEFECT","items_purchased":[],"campfire_rested":0,"item_purchase_floors":[],"current_hp_per_floor":[64,57,57,57,46,46,46,46],"gold":150,"neow_bonus":"THREE_CARDS","is_daily":false,"chose_seed":false,"campfire_upgraded":1,"win_rate":0.0,"timestamp":1610008189,"path_taken":["M","M","M","?","?","R","E"],"items_purchased_type":[],"build_version":"2020-12-22","purchased_purges":0,"victory":false,"max_hp_per_floor":[75,75,75,75,75,75,75,75],"card_choices":[{"not_picked":["ReplayGash","Conserve Battery"],"picked":"Hologram","floor":0},{"not_picked":["Steam","Reinforced Body"],"picked":"Gash","floor":1},{"not_picked":["Leap","BasicCrystalCard"],"picked":"Ball Lightning","floor":3}],"player_experience":35098,"relics_obtained":[{"floor":4,"key":"halation:SelfBoilingWater"}],"event_choices":[],"is_beta":false,"boss_relics":[],"items_purged_floors":[],"is_endless":false,"potions_floor_spawned":[1,3,5],"killed_by":"3 Sentries","ascension_level":3}}