{"host":"06rryluxft509x3v","time":1610057791,"event":{"mods":["Act Like it!","Aspiration","BaseMod","Conspire","Energized Spire","Friendly Minions","GifTheSpireLib","Halation","Hubris","Infinite Spire","Minty Spire (QoL Compilation)","Random Character Button","Replay The Spire","Spikes Relics","StSLib","Stuff the Spire"],"gold_per_floor":[215,315,329,347,359,359,392,402,402,431,431,444,11,37,37,137,137,147,167,82,82,101,132,144,175,175,203,56,73,73,88,88,187,187,207,219,239,239,259,287,287,320,320,320,339,224,224,124,124,226,226,237,237,150,157,157,157,157,169,169,169,174,183,183,191,191,212,212,221,211,507,432,432,432,444,475,475,458,458,463,463,454,454,503,603,598,593,593,606,601,601,596,596,622,627,627,674,710,710,710,665],"floor_reached":102,"playtime":9589,"items_purged":["Strike_G","Defend_G","Strike_G","Defend_G"],"score":2015,"play_id":"028cb45b-5082-4c24-8150-0b803abafad5","local_time":"20210107181631","is_ascension_mode":true,"campfire_choices":[{"data":"Skewer","floor":6.0,"key":"SMITH"},{"floor":11.0,"key":"REST"},{"floor":15.0,"key":"REST"},{"floor":32.0,"key":"REST"},{"floor":41.0,"key":"REST"},{"floor":47.0,"key":"REST"},{"data":"Infinite Blades","floor":47.0,"key":"SMITH"},{"floor":49.0,"key":"REST"},{"data":"Storm of Steel","floor":49.0,"key":"SMITH"},{"floor":58.0,"key":"REST"},{"data":"Terror","floor":58.0,"key":"SMITH"},{"data":"Poison Darts","floor":61.0,"key":"SMITH"},{"data":"Atom Bomb","floor":66.0,"key":"SMITH"},{"data":"Defend_G","floor":74.0,"key":"SMITH"},{"data":"Defend_G+1","floor":83.0,"key":"SMITH"},{"data":"Storm of Steel","floor":91.0,"key":"SMITH"},{"data":"Defend_G+2","floor":93.0,"key":"SMITH"},{"data":"Accuracy","floor":100,"key":"SMITH"}],"circlet_count":0,"master_deck":["Strike_G","Strike_G","Strike_G+1","Defend_G","Defend_G+3","Defend_G+2","Survivor","Neutralize","Skewer+1","StuffTheSpire:Python","Noxious Fumes","StuffTheSpire:Injection","InfectiousVector","Bullet Time+1","Poison Darts+1","Terror+1","Storm of Steel+1","Dodge and Roll+1","Draining Mist","Hallucinations","Storm of Steel+1","Hidden Blade","Toxin Wave+1","StuffTheSpire:BrimstoneBlast+1","Adrenaline","conspire:PoisonWeapons+1","Deep Breath","Tactician","StuffTheSpire:Incantation+1","Infinite Blades+1","Enlightenment","Atom Bomb+1","Blade Dance","Accuracy+1","hubris:Fate+1","Infinite Blades","Dash","hubris:Fate+1","StuffTheSpire:DoubleShiv+1"],"relics":["Ring of the Snake","Replay:Wax Seal","Bag of Preparation","ReplayTheSpireMod:Lightbulb","Replay:Baseball","Simple Rune","Orichalcum","WristBlade","War Paint","ReplayTheSpireMod:Ring of Challenge","Iron Hammer","Red Mask","MealTicket","Kunai","MiniBlackHole","NlothsMask","StuffTheSpire:ModemDavis","Replay:Towering Pillar of Hats","infinitespire:Magic Flask","halation:PapillonHeart","hubris:HollowSoul","Question Card","Toy Ornithopter","RetroEgg","hubris:NiceRug","hubris:AstralHammer","Rawhide","HandDrill","hubris:MysteriousPyramids","hubris:Backtick","infinitespire:Bottled Soul","infinitespire:Joker Card","StuffTheSpire:Gunfinga","Gremlin Food","Replay:Grab Bag","CosmicIsotope","Replay:Wanted Poster","conspire:SpecialSausage","Blue Doll","Blood Vial","hubris:DisguiseKit","infinitespire:CursedDice"],"acts_visited":["Exordium","TheCity","TheBeyond","TheCity","TheBeyond"],"potions_floor_usage":[97,101],"damage_taken":[{"damage":0.0,"enemies":"conspire:RoseBush","floor":1.0,"turns":4.0},{"damage":4.0,"enemies":"Cultist","floor":3.0,"turns":5.0},{"damage":1.0,"enemies":"2 Louse","floor":4.0,"turns":3.0},{"damage":0.0,"enemies":"Blue Slaver","floor":5.0,"turns":5.0},{"damage":5.0,"enemies":"Replay:BlueRogue","floor":7.0,"turns":6.0},{"damage":0.0,"enemies":"3 Louse","floor":8.0,"turns":3.0},{"damage":26.0,"enemies":"Lagavulin","floor":10.0,"turns":5.0},{"damage":8.0,"enemies":"2 Fungi Beasts","floor":12.0,"turns":3.0},{"damage":9.0,"enemies":"3 Sentries","floor":14.0,"turns":4.0},{"damage":29.0,"enemies":"Hexaghost","floor":16.0,"turns":8.0},{"damage":0.0,"enemies":"3 Byrds","floor":18.0,"turns":5.0},{"damage":9.0,"enemies":"Spheric Guardian","floor":19.0,"turns":5.0},{"damage":5.0,"enemies":"Centurion and Healer","floor":22.0,"turns":8.0},{"damage":6.0,"enemies":"Book of Stabbing","floor":23.0,"turns":4.0},{"damage":15.0,"enemies":"conspire:HollyBat","floor":24.0,"turns":6.0},{"damage":3.0,"enemies":"Masked Bandits","floor":25.0,"turns":4.0},{"damage":31.0,"enemies":"Nightmare","floor":27.0,"turns":6.0},{"damage":0.0,"enemies":"Cultist and Chosen","floor":29.0,"turns":4.0},{"damage":0.0,"enemies":"Sentry and Sphere","floor":31.0,"turns":3.0},{"damage":23.0,"enemies":"hubris:MusketHawk","floor":33.0,"turns":6.0},{"damage":0.0,"enemies":"3 Shapes","floor":35.0,"turns":2.0},{"damage":0.0,"enemies":"Orb Walker","floor":36.0,"turns":2.0},{"damage":22.0,"enemies":"3 Darklings","floor":37.0,"turns":4.0},{"damage":0.0,"enemies":"Writhing Mass","floor":39.0,"turns":2.0},{"damage":24.0,"enemies":"Reptomancer","floor":40.0,"turns":4.0},{"damage":16.0,"enemies":"Giant Head","floor":42.0,"turns":6.0},{"damage":19.0,"enemies":"Jaw Worm Horde","floor":45.0,"turns":3.0},{"damage":52.0,"enemies":"Replay:Hell Engine","floor":50.0,"turns":7.0},{"damage":0.0,"enemies":"Cultist","floor":52.0,"turns":1.0},{"damage":0.0,"enemies":"2 Louse","floor":55.0,"turns":1.0},{"damage":2.0,"enemies":"3 Sentries","floor":57.0,"turns":3.0},{"damage":0.0,"enemies":"Gremlin Nob","floor":59.0,"turns":2.0},{"damage":0.0,"enemies":"Small Slimes","floor":62.0,"turns":1.0},{"damage":0.0,"enemies":"2 Fungi Beasts","floor":63.0,"turns":2.0},{"damage":0.0,"enemies":"3 Louse","floor":65.0,"turns":2.0},{"damage":22.0,"enemies":"Fading Forest","floor":67.0,"turns":11.0},{"damage":21.0,"enemies":"3 Byrds","floor":69.0,"turns":3.0},{"damage":37.0,"enemies":"conspire:FuzzyDice","floor":70.0,"turns":4.0},{"damage":0.0,"enemies":"hubris:Merchant","floor":71.0,"turns":2.0},{"damage":0.0,"enemies":"Snecko","floor":75.0,"turns":1.0},{"damage":0.0,"enemies":"Slavers","floor":76.0,"turns":1.0},{"damage":0.0,"enemies":"Centurion and Healer","floor":78.0,"turns":4.0},{"damage":22.0,"enemies":"Gremlin Leader","floor":80.0,"turns":3.0},{"damage":0.0,"enemies":"conspire:HollyBat","floor":82.0,"turns":4.0},{"damage":0.0,"enemies":"Champ","floor":84.0,"turns":5.0},{"damage":13.0,"enemies":"3 Shapes","floor":86.0,"turns":2.0},{"damage":1.0,"enemies":"3 Darklings","floor":87.0,"turns":3.0},{"damage":0.0,"enemies":"Transient","floor":89.0,"turns":1.0},{"damage":2.0,"enemies":"Sphere and 2 Shapes","floor":90.0,"turns":3.0},{"damage":4.0,"enemies":"R_Hoarder","floor":92.0,"turns":4.0},{"damage":0,"enemies":"Jaw Worm Horde","floor":95,"turns":2},{"damage":33,"enemies":"Reptomancer","floor":97,"turns":3},{"damage":0,"enemies":"Maw","floor":98,"turns":4},{"damage":12,"enemies":"Awakened One","floor":101,"turns":5}],"seed_played":"8353896173796104830","potions_obtained":[{"floor":3.0,"key":"SkillPotion"},{"floor":7.0,"key":"LiquidMemories"},{"floor":12.0,"key":"DistilledChaos"},{"floor":19.0,"key":"PowerPotion"},{"floor":23.0,"key":"DuplicationPotion"},{"floor":25.0,"key":"Death Potion"},{"floor":31.0,"key":"SpeedPotion"},{"floor":42.0,"key":"FearPotion"},{"floor":45.0,"key":"Toxic Potion"},{"floor":57.0,"key":"Dexterity Potion"},{"floor":62.0,"key":"Weak Potion"},{"floor":67.0,"key":"SkillPotion"},{"floor":70.0,"key":"AttackPotion"},{"floor":71.0,"key":"CunningPotion"},{"floor":80.0,"key":"Toxic Potion"},{"floor":82.0,"key":"Fire Potion"},{"floor":92.0,"key":"Toxic Potion"},{"floor":98,"key":"Swift Potion"}],"is_trial":false,"path_per_floor":["M","?","M","M","M","R","E","M","T","E","R","M","$","E","R","B",null,"M","M","?","?","M","E","M","?","T","NM","$","M","?","M","R","B",null,"M","M","M","?","M","E","R","E","T","?","M","$","R","$","R","B",null,"M","?","$","M","$","E","R","E","T","R","M","M","$","M","R","B",null,"M","M","$","?","AVR","R","M","E","T","M","?","E","?","M","R","B",null,"M","M","$","M","M","R","E","R","T","M","AVR","E","M","$","R","B",null],"character_chosen":"THE_SILENT","items_purchased":["Poison Darts","Replay:Baseball","Simple Rune","MiniBlackHole","Infinite Blades","Enlightenment"],"campfire_rested":7,"item_purchase_floors":[13,13,13,28,46,54],"current_hp_per_floor":[70,70,66,65,65,65,60,60,60,34,55,47,47,38,59,30,70,70,61,61,61,56,50,35,32,32,1,16,16,16,16,37,14,70,70,70,48,48,48,24,45,29,29,29,10,25,44,59,66,14,66,66,66,66,66,66,64,66,66,66,66,66,66,66,66,66,44,66,45,13,28,28,28,28,28,28,28,28,28,16,16,16,16,31,66,53,52,66,66,64,64,60,60,60,62,62,36,38,53,53,48],"gold":665,"neow_bonus":"HUNDRED_GOLD","is_daily":false,"chose_seed":false,"campfire_upgraded":11,"win_rate":0.0,"timestamp":1610057791,"path_taken":["M","?","?","M","M","R","E","M","T","E","R","M","?","E","R","BOSS","M","M","?","?","M","E","M","?","T","NM","$","M","?","M","R","BOSS","M","?","M","?","M","E","R","E","T","?","M","?","R","$","R","BOSS","M","?","?","M","$","E","R","E","T","R","M","M","?","M","R","BOSS","M","?","$","?","AVR","R","M","E","T","M","?","E","?","M","R","BOSS","M","M","$","?","M","R","E","R","T","M","AVR","E","M","?","R","BOSS"],"items_purchased_type":["Card","Relic","Relic","Relic","Card","Card"],"build_version":"2020-12-22","purchased_purges":4,"victory":true,"max_hp_per_floor":[70,70,70,70,70,70,70,70,70,70,70,70,70,70,70,70,70,70,70,70,70,70,70,70,70,70,70,70,70,70,70,70,70,70,70,70,70,70,70,70,70,70,70,66,66,66,66,66,66,66,66,66,66,66,66,66,66,66,66,66,66,66,66,66,66,66,66,66,66,66,66,66,66,66,66,66,66,66,66,66,66,66,66,66,66,66,66,66,66,66,66,66,66,66,66,66,66,66,66,66,66],"card_choices":[{"not_picked":["ReplayTheSpireMod:Exploit Weakness","Well Laid Plans"],"picked":"Skewer","floor":1.0},{"not_picked":["Quick Slash","Masterful Stab"],"picked":"StuffTheSpire:Python","floor":3.0},{"not_picked":["Backstab","Deadly Poison"],"picked":"Noxious Fumes","floor":4.0},{"not_picked":["StuffTheSpire:BumpUp","Quick Slash"],"picked":"StuffTheSpire:Injection","floor":5.0},{"not_picked":["Quick Slash","Backflip"],"picked":"InfectiousVector","floor":7.0},{"not_picked":["Sneak Up","StuffTheSpire:Incursion"],"picked":"Flechettes","floor":8.0},{"not_picked":["StuffTheSpire:BumpUp","StuffTheSpire:Python"],"picked":"Bullet Time","floor":10.0},{"not_picked":["Acrobatics","Backflip","Dodge and Roll"],"picked":"SKIP","floor":12.0},{"not_picked":["StuffTheSpire:Injection","Tools of the Trade"],"picked":"Terror","floor":14.0},{"not_picked":["Unload","Atom Bomb"],"picked":"Storm of Steel","floor":16.0},{"not_picked":["Quick Slash","StuffTheSpire:ReptileScales"],"picked":"Dodge and Roll+1","floor":18.0},{"not_picked":["hubris:Counter","Quick Slash"],"picked":"Draining Mist","floor":19.0},{"not_picked":["StuffTheSpire:Injection","Bane"],"picked":"Outmaneuver+1","floor":22.0},{"not_picked":["Pace","Sneak Up+1"],"picked":"Storm of Steel","floor":23.0},{"not_picked":["All Out Attack","Dagger Throw"],"picked":"Hidden Blade","floor":24.0},{"not_picked":["Riddle With Holes","Expertise"],"picked":"Toxin Wave+1","floor":27.0},{"not_picked":["Sucker Punch","Finisher"],"picked":"StuffTheSpire:BrimstoneBlast+1","floor":29.0},{"not_picked":["Cloak And Dagger","Deflect","Outmaneuver"],"picked":"SKIP","floor":31.0},{"not_picked":["aspiration:Lunge","Storm of Steel"],"picked":"Adrenaline","floor":33.0},{"not_picked":["Poisoned Stab","Deadly Poison","Skewer+1"],"picked":"SKIP","floor":35.0},{"not_picked":["Cloak And Dagger","Dodge and Roll+1","StuffTheSpire:Injection"],"picked":"SKIP","floor":36.0},{"not_picked":["StuffTheSpire:Incantation+1","Quick Slash"],"picked":"conspire:PoisonWeapons+1","floor":37.0},{"not_picked":["ReplayTheSpireMod:Trickstab","PanicButton"],"picked":"Deep Breath","floor":38.0},{"not_picked":["Deflect","Poisoned Stab","Bane"],"picked":"SKIP","floor":39.0},{"not_picked":["Flying Knee","Glass Knife"],"picked":"Tactician","floor":40.0},{"not_picked":["PiercingWail","Well Laid Plans","StuffTheSpire:Fury+1"],"picked":"SKIP","floor":42.0},{"not_picked":["StuffTheSpire:BrimstoneBlast+1","Deadly Poison+1"],"picked":"StuffTheSpire:Incantation+1","floor":45.0},{"not_picked":["hubris:SlightOfHand","Flying Knee","StuffTheSpire:ReptileScales"],"picked":"SKIP","floor":52.0},{"not_picked":["StuffTheSpire:BumpUp","StuffTheSpire:Incantation","ReplayTheSpireMod:The Works"],"picked":"SKIP","floor":55.0},{"not_picked":["Terror","StuffTheSpire:BumpUp","Bane"],"picked":"SKIP","floor":57.0},{"not_picked":["StuffTheSpire:BumpUp","Deadly Poison","StuffTheSpire:Shiver"],"picked":"Atom Bomb","floor":59.0},{"not_picked":["hubris:SlightOfHand","StuffTheSpire:MirrorStance","StuffTheSpire:BumpUp","Masterful Stab"],"picked":"SKIP","floor":62.0},{"not_picked":["Dagger Spray","Flying Knee","Malaise"],"picked":"Blade Dance","floor":63.0},{"not_picked":["Flying Knee","ReplayTheSpireMod:Shiv Toss","Masterful Stab"],"picked":"Accuracy","floor":65.0},{"not_picked":["ReplayTheSpireMod:Haul","ReplayTheSpireMod:??????????????????????"],"picked":"hubris:Fate","floor":69.0},{"not_picked":["Fluid Movement+1","StuffTheSpire:ReptileScales","ShadowRift","Poisoned Stab"],"picked":"SKIP","floor":69.0},{"not_picked":["conspire:DoublingDagger","Prepared","ReplayTheSpireMod:Tripwire","StuffTheSpire:BumpUp"],"picked":"SKIP","floor":70.0},{"not_picked":[],"picked":"Infinite Blades","floor":71.0},{"not_picked":[],"picked":"Dash","floor":71.0},{"not_picked":["Atom Bomb"],"picked":"SKIP","floor":71.0},{"not_picked":["Deflect"],"picked":"SKIP","floor":71.0},{"not_picked":["Distraction"],"picked":"SKIP","floor":71.0},{"not_picked":["ReplayTheSpireMod:Trickstab"],"picked":"SKIP","floor":71.0},{"not_picked":["Midas Touch"],"picked":"SKIP","floor":71.0},{"not_picked":["hubris:SlightOfHand+1","Hidden Blade","ReplayTheSpireMod:Tripwire","Dagger Spray"],"picked":"SKIP","floor":75.0},{"not_picked":["Escape Plan","ReplayTheSpireMod:Speed Training+1","Quick Slash","Atom Bomb"],"picked":"SKIP","floor":76.0},{"not_picked":["Outmaneuver","StuffTheSpire:ClusterCrunch+1","Flying Knee","Deflect+1"],"picked":"SKIP","floor":78.0},{"not_picked":["Unload","Fluid Movement","Distraction+1","Dagger Spray"],"picked":"SKIP","floor":80.0},{"not_picked":["StuffTheSpire:BrimstoneBlast+1","StuffTheSpire:MirrorStance+1","Flying Knee","Deadly Poison+1"],"picked":"SKIP","floor":82.0},{"not_picked":["hubris:Counter","Blade Dance+1","hubris:SlightOfHand","Draining Mist+1"],"picked":"SKIP","floor":86.0},{"not_picked":["Deadly Poison+1","Acrobatics+1","Slice","StuffTheSpire:ClusterCrunch"],"picked":"SKIP","floor":87.0},{"not_picked":["Tactician","Poisoned Stab","StuffTheSpire:MirrorStance","Deflect"],"picked":"SKIP","floor":89.0},{"not_picked":["Flying Knee+1","Backflip","Dagger Spray","Unload"],"picked":"SKIP","floor":90.0},{"not_picked":["hubris:Sniper","Tactician+1","Slice","Dodge and Roll"],"picked":"SKIP","floor":92.0},{"not_picked":["Prepared","Hidden Blade","Finisher","PiercingWail+1"],"picked":"SKIP","floor":95},{"not_picked":["Sneak Up+1","hubris:SlightOfHand+1","Flying Knee","Outmaneuver","Weave"],"picked":"SKIP","floor":97},{"not_picked":["Predator","Endless Agony","Finisher+1","Replay:AtTheReady"],"picked":"StuffTheSpire:DoubleShiv","floor":98}],"player_experience":205466,"relics_obtained":[{"floor":7.0,"key":"Replay:Wax Seal"},{"floor":9.0,"key":"Bag of Preparation"},{"floor":10.0,"key":"ReplayTheSpireMod:Lightbulb"},{"floor":14.0,"key":"Orichalcum"},{"floor":21.0,"key":"ReplayTheSpireMod:Ring of Challenge"},{"floor":23.0,"key":"Iron Hammer"},{"floor":25.0,"key":"Red Mask"},{"floor":26.0,"key":"MealTicket"},{"floor":27.0,"key":"Kunai"},{"floor":40.0,"key":"Replay:Towering Pillar of Hats"},{"floor":42.0,"key":"infinitespire:Magic Flask"},{"floor":57.0,"key":"Question Card"},{"floor":59.0,"key":"Toy Ornithopter"},{"floor":60.0,"key":"RetroEgg"},{"floor":71.0,"key":"hubris:AstralHammer"},{"floor":71.0,"key":"Rawhide"},{"floor":71.0,"key":"HandDrill"},{"floor":76.0,"key":"infinitespire:Joker Card"},{"floor":77.0,"key":"StuffTheSpire:Gunfinga"},{"floor":80.0,"key":"Gremlin Food"},{"floor":92.0,"key":"Blue Doll"},{"floor":94.0,"key":"Blood Vial"},{"floor":97,"key":"infinitespire:CursedDice"}],"event_choices":[{"damage_healed":0.0,"max_hp_gain":0.0,"max_hp_loss":0.0,"gold_gain":100.0,"event_name":"Golden Shrine","player_choice":"Pray","floor":2.0,"gold_loss":0.0,"damage_taken":0.0},{"damage_healed":0.0,"max_hp_gain":0.0,"max_hp_loss":0.0,"gold_gain":0.0,"event_name":"Addict","player_choice":"Obtained Relic","floor":20.0,"gold_loss":85.0,"damage_taken":0.0,"relics_obtained":["War Paint"]},{"damage_healed":0.0,"max_hp_gain":0.0,"max_hp_loss":0.0,"gold_gain":0.0,"event_name":"Masked Bandits","player_choice":"Fought Bandits","floor":25.0,"gold_loss":0.0,"damage_taken":0.0},{"damage_healed":0.0,"max_hp_gain":0.0,"max_hp_loss":0.0,"gold_gain":0.0,"event_name":"FaceTrader","player_choice":"Trade","floor":30.0,"gold_loss":0.0,"damage_taken":0.0,"relics_obtained":["NlothsMask"]},{"damage_healed":0.0,"max_hp_gain":0.0,"max_hp_loss":0.0,"gold_gain":0.0,"event_name":"SensoryStone","player_choice":"Memory 1","floor":38.0,"gold_loss":0.0,"damage_taken":0.0},{"cards_removed":["Flechettes"],"damage_healed":0.0,"max_hp_gain":0.0,"max_hp_loss":0.0,"gold_gain":0.0,"event_name":"Purifier","player_choice":"Purged","floor":53.0,"gold_loss":0.0,"damage_taken":0.0},{"cards_removed":["Outmaneuver"],"damage_healed":0.0,"max_hp_gain":0.0,"max_hp_loss":0.0,"gold_gain":0.0,"event_name":"Beggar","player_choice":"Gave Gold","floor":72.0,"gold_loss":75.0,"damage_taken":0.0},{"damage_healed":0.0,"max_hp_gain":0.0,"max_hp_loss":0.0,"gold_gain":0.0,"event_name":"FaceTrader","player_choice":"Leave","floor":81.0,"gold_loss":0.0,"damage_taken":0.0}],"is_beta":false,"boss_relics":[{"not_picked":["Empty Cage","energizedSpire:RedRose"],"picked":"WristBlade"},{"not_picked":["halation:MonkeysPaw","Sandwich"],"picked":"StuffTheSpire:ModemDavis"},{"not_picked":["hubris:Stopwatch","aspiration:RitualDagger"],"picked":"hubris:HollowSoul"},{"not_picked":["Runic Dome","Honey Jar","Kintsugi"]},{"not_picked":["aspiration:DefectSkillbook","HoveringKite"],"picked":"Replay:Grab Bag"},{"not_picked":["ReplayTheSpireMod:Onyx Gauntlets","hubris:CrackedHourglass"],"picked":"CosmicIsotope"},{"not_picked":["Fusion Hammer","energizedSpire:DeadBattery"],"picked":"Replay:Wanted Poster"},{"not_picked":["aspiration:PoetsPen_weak","Sandwich"],"picked":"conspire:SpecialSausage"}],"items_purged_floors":[46,48,73,96],"is_endless":false,"potions_floor_spawned":[3,7,12,19,23,25,31,42,45,57,62,67,70,76,80,82,92,98],"ascension_level":1}}