{"host":"72mgytrs3lmoygvb","time":1610035629,"event":{"mods":["AchievementEnabler","BaseMod","Colored Powertips","Highlight Path","Minty Spire (QoL Compilation)","StSLib"],"gold_per_floor":[109,179,197,208,133,133,168,184,265,265,281,281,295,322,322,422,422,390,0,19,32,49,78,78,105,105,105,115,142,142,142],"floor_reached":30,"playtime":1524,"items_purged":["Strike_G"],"score":423,"play_id":"e488b63d-e754-4ac8-a9b0-d58f7517db6b","local_time":"20210107180709","is_ascension_mode":true,"campfire_choices":[{"data":"Poisoned Stab","floor":6,"key":"SMITH"},{"floor":12,"key":"REST"},{"data":"Footwork","floor":15,"key":"SMITH"},{"data":"Backflip","floor":27,"key":"SMITH"}],"circlet_count":0,"master_deck":["Strike_G","Strike_G","Strike_G","Defend_G","Defend_G","Defend_G","Defend_G","Defend_G","Survivor","Neutralize","PiercingWail","Poisoned Stab+1","Venomology","Dodge and Roll","Infinite Blades","Footwork+1","Noxious Fumes","Backflip+1","Bullet Time","Noxious Fumes+1","Bouncing Flask+1","Leg Sweep+1","Flying Knee+1","Neutralize","Adrenaline"],"relics":["Ring of the Snake","Ornamental Fan","Omamori","Potion Belt","HoveringKite","Lee\u0027s Waffle","Bottled Tornado","Bag of Preparation","Unceasing Top","Ice Cream","MealTicket"],"acts_visited":["Exordium","TheCity"],"potions_floor_usage":[7,11,13,14,14,14,16,16,16,18,18,21,22,22,22,23,25,25,29,29,30,30,30,30,30],"damage_taken":[{"damage":6,"enemies":"Cultist","floor":1,"turns":5},{"damage":0,"enemies":"2 Louse","floor":3,"turns":3},{"damage":0,"enemies":"Small Slimes","floor":4,"turns":3},{"damage":28,"enemies":"Gremlin Nob","floor":7,"turns":4},{"damage":1,"enemies":"2 Fungi Beasts","floor":8,"turns":4},{"damage":1,"enemies":"Red Slaver","floor":11,"turns":4},{"damage":0,"enemies":"Looter","floor":13,"turns":5},{"damage":13,"enemies":"3 Sentries","floor":14,"turns":6},{"damage":12,"enemies":"The Guardian","floor":16,"turns":12},{"damage":10,"enemies":"2 Thieves","floor":18,"turns":5},{"damage":3,"enemies":"Spheric Guardian","floor":20,"turns":5},{"damage":8,"enemies":"3 Cultists","floor":21,"turns":5},{"damage":9,"enemies":"Chosen and Byrds","floor":22,"turns":6},{"damage":15,"enemies":"Book of Stabbing","floor":23,"turns":8},{"damage":1,"enemies":"Gremlin Leader","floor":25,"turns":7},{"damage":3,"enemies":"Snecko","floor":28,"turns":5},{"damage":4,"enemies":"Book of Stabbing","floor":29,"turns":6},{"damage":1,"enemies":"Colosseum Slavers","floor":30,"turns":6},{"damage":74,"enemies":"Colosseum Nobs","floor":30,"turns":5}],"seed_played":"7863082232677111949","potions_obtained":[{"floor":0,"key":"FearPotion"},{"floor":0,"key":"AttackPotion"},{"floor":0,"key":"Swift Potion"},{"floor":1,"key":"EntropicBrew"},{"floor":8,"key":"ColorlessPotion"},{"floor":13,"key":"CultistPotion"},{"floor":20,"key":"AttackPotion"},{"floor":23,"key":"DistilledChaos"},{"floor":28,"key":"Dexterity Potion"}],"is_trial":false,"path_per_floor":["M","T","M","M","$","R","E","M","T","?","M","R","M","E","R","B",null,"M","$","M","M","M","E","?","E","T","R","M","E","?"],"character_chosen":"THE_SILENT","items_purchased":["Lee\u0027s Waffle","Bottled Tornado"],"campfire_rested":1,"item_purchase_floors":[19,19],"current_hp_per_floor":[57,57,57,57,57,57,29,28,28,28,27,48,48,35,35,23,58,48,77,74,66,57,42,42,41,41,41,38,34,0,0],"gold":142,"neow_bonus":"THREE_SMALL_POTIONS","is_daily":false,"chose_seed":false,"campfire_upgraded":3,"win_rate":0.0,"timestamp":1610035629,"path_taken":["M","?","M","M","$","R","E","M","T","?","M","R","M","E","R","BOSS","M","$","M","M","M","E","?","E","T","R","?","E","?"],"items_purchased_type":["Relic","Relic"],"build_version":"2020-12-22","purchased_purges":1,"victory":false,"max_hp_per_floor":[70,70,70,70,70,70,70,70,70,70,70,70,70,70,70,70,70,70,77,77,77,77,77,77,77,77,77,77,77,77,77],"card_choices":[{"not_picked":["Finisher","Expertise"],"picked":"PiercingWail","floor":1},{"not_picked":["Slice","Bane"],"picked":"Poisoned Stab","floor":3},{"not_picked":["Eviscerate","Slice","Reflex"],"picked":"SKIP","floor":4},{"not_picked":["Outmaneuver","Slice"],"picked":"Venomology","floor":7},{"not_picked":["Slice","Acrobatics"],"picked":"Dodge and Roll","floor":8},{"not_picked":["Deflect","Poisoned Stab"],"picked":"Footwork","floor":11},{"not_picked":["Crippling Poison","Dagger Spray"],"picked":"Noxious Fumes","floor":13},{"not_picked":["Heel Hook","Reflex"],"picked":"Backflip","floor":14},{"not_picked":["Night Terror","Tools of the Trade"],"picked":"Bullet Time","floor":16},{"not_picked":["Blur","Eviscerate+1"],"picked":"Noxious Fumes+1","floor":18},{"not_picked":["PiercingWail","Deadly Poison","Sucker Punch+1"],"picked":"SKIP","floor":20},{"not_picked":["Cloak And Dagger+1","Blade Dance"],"picked":"Bouncing Flask+1","floor":21},{"not_picked":["Backstab","All Out Attack"],"picked":"Leg Sweep+1","floor":22},{"not_picked":["Deadly Poison+1","Sucker Punch"],"picked":"Flying Knee+1","floor":23},{"not_picked":["Choke","Deflect","Flying Knee"],"picked":"SKIP","floor":25},{"not_picked":["Predator+1","Infinite Blades"],"picked":"Adrenaline","floor":28},{"not_picked":["Bullet Time","Flechettes","Concentrate"],"picked":"SKIP","floor":29}],"player_experience":649804,"relics_obtained":[{"floor":2,"key":"Ornamental Fan"},{"floor":7,"key":"Omamori"},{"floor":14,"key":"Potion Belt"},{"floor":23,"key":"Bag of Preparation"},{"floor":25,"key":"Unceasing Top"},{"floor":26,"key":"Ice Cream"},{"floor":29,"key":"MealTicket"}],"event_choices":[{"damage_healed":0,"gold_gain":0,"cards_transformed":["Strike_G"],"player_choice":"Transformed","damage_taken":0,"max_hp_gain":0,"max_hp_loss":0,"event_name":"Transmorgrifier","floor":10,"gold_loss":0,"cards_obtained":["Infinite Blades"]},{"damage_healed":0,"gold_gain":0,"player_choice":"1 cards matched","damage_taken":0,"max_hp_gain":0,"max_hp_loss":0,"event_name":"Match and Keep!","floor":24,"gold_loss":0,"cards_obtained":["Neutralize"]},{"damage_healed":0,"gold_gain":0,"player_choice":"Fight","damage_taken":0,"max_hp_gain":0,"max_hp_loss":0,"event_name":"Colosseum","floor":30,"gold_loss":0},{"damage_healed":0,"gold_gain":0,"player_choice":"Fought Nobs","damage_taken":0,"max_hp_gain":0,"max_hp_loss":0,"event_name":"Colosseum","floor":30,"gold_loss":0}],"is_beta":false,"boss_relics":[{"not_picked":["Tiny House","Astrolabe"],"picked":"HoveringKite"}],"items_purged_floors":[5],"is_endless":false,"potions_floor_spawned":[1,3,8,13,20,23,28,30],"killed_by":"Colosseum Nobs","ascension_level":8}}