{"host":"qheym18ww6mhskxf","time":1610057005,"event":{"mods":["BaseMod","CapriCore","Friendly Minions","GungeonMod","KOR Keyword Fix","Kiyohime£¨?ýï£©","Minty Spire (QoL Compilation)","Prisma Mod","Quick Restart","RRrroohrrRGHHhhh!!","Rare Cards Sparkle","Shop Mod","Spicy Shops","StSLib","Td1madao Mod","Username Fix"],"gold_per_floor":[114,114,114,114,39,64,64,64,64],"floor_reached":8,"playtime":168,"items_purged":["KiyohimeMod:FlameKiss"],"score":148,"play_id":"95d5872d-7daf-49f3-91be-359014f8eb93","local_time":"20210108070325","daily_mods":["Heirloom","Time Dilation","Flight","DeadlyEvents","Elite Swarm"],"is_ascension_mode":true,"campfire_choices":[{"data":"KiyohimeMod:Track","floor":7,"key":"SMITH"}],"circlet_count":0,"master_deck":["KiyohimeMod:Strike","KiyohimeMod:Strike","KiyohimeMod:Strike","KiyohimeMod:Strike","KiyohimeMod:Defend+1","KiyohimeMod:Defend","KiyohimeMod:Defend","KiyohimeMod:Defend","KiyohimeMod:Track+1","KiyohimeMod:Shapeshift+1","KiyohimeMod:Preemptive"],"relics":["Unceasing Top","Mango","DemoMod:JetPack"],"acts_visited":["Exordium"],"potions_floor_usage":[8],"damage_taken":[{"damage":3,"enemies":"2 Louse","floor":1,"turns":3},{"damage":2,"enemies":"Lagavulin","floor":6,"turns":3},{"damage":6,"enemies":"3 Sentries","floor":8,"turns":6}],"seed_played":"-2722469267987631892","potions_obtained":[{"floor":1,"key":"EssenceOfSteel"}],"is_trial":true,"path_per_floor":["M","?","?","?","$","E","R","E"],"character_chosen":"Kiyohime","items_purchased":[],"campfire_rested":0,"item_purchase_floors":[],"current_hp_per_floor":[12,12,9,9,9,7,7,1,1],"gold":64,"neow_bonus":"","is_daily":false,"chose_seed":false,"campfire_upgraded":1,"win_rate":0.0,"timestamp":1610057005,"path_taken":["M","?","?","?","?","E","R","?"],"items_purchased_type":[],"build_version":"2020-12-22","purchased_purges":1,"victory":false,"max_hp_per_floor":[15,15,15,15,15,15,15,15,15],"card_choices":[{"not_picked":["PrismaMod:IllyaZwei","KiyohimeMod:FirstPremonition"],"picked":"KiyohimeMod:Preemptive","floor":1},{"not_picked":["KiyohimeMod:Servant_Osakabehime","PrismaMod:IllyaUberAttackChannel","KiyohimeMod:FacelessMoon"],"picked":"SKIP","floor":6}],"player_experience":568344,"relics_obtained":[{"floor":6,"key":"DemoMod:JetPack"}],"event_choices":[{"damage_healed":0,"gold_gain":0,"player_choice":"Ignored","damage_taken":0,"max_hp_gain":0,"max_hp_loss":0,"event_name":"Golden Wing","floor":2,"gold_loss":0},{"damage_healed":0,"gold_gain":0,"player_choice":"Entered Light","damage_taken":3,"max_hp_gain":0,"max_hp_loss":0,"event_name":"Shining Light","floor":3,"gold_loss":0,"cards_upgraded":["KiyohimeMod:Shapeshift","KiyohimeMod:Defend"]}],"is_beta":false,"boss_relics":[],"items_purged_floors":[5],"is_endless":true,"potions_floor_spawned":[1],"killed_by":"3 Sentries","ascension_level":9}}