{"host":"94aus4jnk6thj94q","time":1610040142,"event":{"mods":["BaseMod","Minty Spire (QoL Compilation)","Quick Restart","StSLib"],"gold_per_floor":[364,107,127,137,152,152,183,199,253,65,65,65,65,121,121,222,222,222,72,90,90,90],"floor_reached":21,"playtime":2046,"items_purged":[],"score":179,"play_id":"f4dbb2be-535b-4d3d-b800-4db422ff06f2","local_time":"20210107192222","is_ascension_mode":false,"campfire_choices":[{"floor":6,"key":"REST"},{"floor":11,"key":"REST"},{"floor":13,"key":"RECALL"},{"floor":15,"key":"REST"}],"circlet_count":0,"master_deck":["Strike_R","Strike_R","Strike_R","Strike_R","Strike_R","Defend_R","Defend_R","Defend_R","Defend_R","Bash","Cleave","Inflame","Heavy Blade","Iron Wave","Armaments","Armaments","Spot Weakness","Fire Breathing","Feed"],"relics":["Black Blood","Medical Kit","Nunchaku","Dream Catcher","ClockworkSouvenir","Paper Frog","Sling"],"acts_visited":["Exordium","TheCity"],"potions_floor_usage":[5,7,14,18],"damage_taken":[{"damage":1,"enemies":"Cultist","floor":1,"turns":3},{"damage":3,"enemies":"Small Slimes","floor":3,"turns":3},{"damage":8,"enemies":"2 Louse","floor":4,"turns":2},{"damage":10,"enemies":"2 Fungi Beasts","floor":5,"turns":3},{"damage":31,"enemies":"Lagavulin","floor":7,"turns":4},{"damage":5,"enemies":"Looter","floor":8,"turns":4},{"damage":28,"enemies":"Gremlin Nob","floor":14,"turns":4},{"damage":85,"enemies":"Hexaghost","floor":16,"turns":11},{"damage":0,"enemies":"Shell Parasite","floor":18,"turns":1},{"damage":52,"enemies":"3 Byrds","floor":20,"turns":7},{"damage":18,"enemies":"Centurion and Healer","floor":21,"turns":3}],"seed_played":"8101747869940058934","potions_obtained":[{"floor":1,"key":"FearPotion"},{"floor":4,"key":"Fruit Juice"},{"floor":7,"key":"Strength Potion"},{"floor":8,"key":"SmokeBomb"},{"floor":20,"key":"ElixirPotion"}],"is_trial":false,"path_per_floor":["M","$","M","M","M","R","E","M","T","$","R","?","R","?","R","B",null,"M","$","M","M"],"character_chosen":"IRONCLAD","items_purchased":["Medical Kit","Inflame","Heavy Blade","ClockworkSouvenir","Spot Weakness","Sling"],"campfire_rested":3,"item_purchase_floors":[2,2,2,10,10,19],"current_hp_per_floor":[61,61,64,62,63,85,60,61,61,61,85,90,90,68,90,11,90,90,90,50,32,32],"gold":90,"neow_bonus":"TWO_FIFTY_GOLD","is_daily":false,"chose_seed":false,"campfire_upgraded":0,"win_rate":0.0,"timestamp":1610040142,"path_taken":["M","$","M","M","M","R","E","M","T","$","R","?","R","?","R","BOSS","M","$","M","M"],"items_purchased_type":["Relic","Card","Card","Relic","Card","Relic"],"build_version":"2020-12-22","purchased_purges":0,"victory":false,"max_hp_per_floor":[80,80,80,80,85,85,85,85,85,85,85,90,90,90,90,90,90,90,90,90,90,90],"card_choices":[{"not_picked":["Second Wind","Thunderclap"],"picked":"Cleave","floor":1},{"not_picked":["Warcry","Wild Strike"],"picked":"Iron Wave","floor":3},{"not_picked":["Reckless Charge","Wild Strike"],"picked":"Armaments","floor":4},{"not_picked":["Ghostly Armor","Wild Strike","Sword Boomerang"],"picked":"SKIP","floor":5},{"not_picked":["Havoc","Anger","Sever Soul"],"picked":"SKIP","floor":7},{"not_picked":["Twin Strike","Burning Pact"],"picked":"Armaments","floor":8},{"not_picked":["Warcry","Havoc"],"picked":"Fire Breathing","floor":14},{"not_picked":["Double Tap","Juggernaut"],"picked":"Feed","floor":16},{"not_picked":["Armaments","Clash","Intimidate"],"picked":"SKIP","floor":20}],"player_experience":5741192,"relics_obtained":[{"floor":7,"key":"Nunchaku"},{"floor":9,"key":"Dream Catcher"}],"event_choices":[{"damage_healed":0,"gold_gain":0,"player_choice":"Donut","damage_taken":0,"max_hp_gain":5,"max_hp_loss":0,"event_name":"Big Fish","floor":12,"gold_loss":0},{"damage_healed":0,"gold_gain":0,"player_choice":"Searched \u00273\u0027 times","damage_taken":0,"relics_obtained":["Paper Frog"],"max_hp_gain":0,"max_hp_loss":0,"event_name":"Dead Adventurer","floor":14,"gold_loss":0}],"is_beta":false,"boss_relics":[{"not_picked":["Velvet Choker","Ectoplasm"],"picked":"Black Blood"}],"items_purged_floors":[],"is_endless":false,"potions_floor_spawned":[1,4,7,8,20],"killed_by":"Centurion and Healer","ascension_level":0}}