{"host":"sav7uxregyirlf69","time":1610000090,"event":{"mods":["AchievementEnabler","BaseMod","Colored Map","DeckTracker","Keyboard Shortcuts","Minty Spire (QoL Compilation)","READ ME - Guardian Mod","StSLib","SuperFastMode"],"gold_per_floor":[114,124,49,65,115,115,135,147,222,222,222,235,235,160,160,160,160],"floor_reached":16,"playtime":210,"items_purged":["Decay"],"score":184,"play_id":"296be279-0b72-4341-911c-dc15f40a8533","local_time":"20210107151450","is_ascension_mode":true,"campfire_choices":[{"data":"Underhanded Strike","floor":6,"key":"SMITH"},{"data":"Acrobatics","floor":11,"key":"SMITH"},{"data":"Neutralize","floor":13,"key":"SMITH"},{"data":"Dagger Throw","floor":15,"key":"SMITH"}],"circlet_count":0,"master_deck":["AscendersBane","Strike_G","Strike_G","Strike_G","Strike_G","Defend_G","Defend_G","Defend_G","Defend_G","Defend_G","Survivor","Neutralize+1","Acrobatics+1","Underhanded Strike+1","Dagger Throw+1"],"relics":["Ring of the Snake","NeowsBlessing","Blood Vial","Mummified Hand"],"acts_visited":["Exordium"],"potions_floor_usage":[16],"damage_taken":[{"damage":0,"enemies":"Cultist","floor":1,"turns":1},{"damage":0,"enemies":"Jaw Worm","floor":2,"turns":1},{"damage":0,"enemies":"2 Louse","floor":4,"turns":1},{"damage":17,"enemies":"Lots of Slimes","floor":7,"turns":7},{"damage":6,"enemies":"Blue Slaver","floor":8,"turns":5},{"damage":20,"enemies":"Gremlin Gang","floor":12,"turns":6},{"damage":25,"enemies":"Slime Boss","floor":16,"turns":6}],"seed_played":"-730730761924289070","potions_obtained":[{"floor":8,"key":"GhostInAJar"}],"is_trial":false,"path_per_floor":["M","M","?","M","T","R","M","M","T","?","R","M","R","$","R","B"],"character_chosen":"THE_SILENT","items_purchased":[],"campfire_rested":0,"item_purchase_floors":[],"current_hp_per_floor":[59,59,59,59,59,59,44,40,40,40,40,22,22,22,22,0,0],"gold":160,"neow_bonus":"THREE_ENEMY_KILL","is_daily":false,"chose_seed":false,"campfire_upgraded":4,"win_rate":0.0,"timestamp":1610000090,"path_taken":["M","M","?","M","?","R","M","?","T","?","R","M","R","$","R","BOSS"],"items_purchased_type":[],"build_version":"2020-12-22","purchased_purges":1,"victory":false,"max_hp_per_floor":[66,66,66,66,66,66,66,66,66,66,66,66,66,66,66,66,66],"card_choices":[{"not_picked":["Slice","Heel Hook"],"picked":"Acrobatics","floor":1},{"not_picked":["Terror","Outmaneuver"],"picked":"Underhanded Strike","floor":2},{"not_picked":["Slice","Distraction","Endless Agony"],"picked":"SKIP","floor":4},{"not_picked":["Blade Dance","Bane","Slice"],"picked":"SKIP","floor":7},{"not_picked":["PiercingWail","Blur"],"picked":"Dagger Throw","floor":8},{"not_picked":["Masterful Stab","Backflip","Cloak And Dagger"],"picked":"SKIP","floor":12}],"player_experience":1173194,"relics_obtained":[{"floor":5,"key":"Blood Vial"},{"floor":9,"key":"Mummified Hand"}],"event_choices":[{"cards_removed":["Strike_G"],"damage_healed":0,"gold_gain":0,"player_choice":"Card Removal","damage_taken":0,"max_hp_gain":0,"max_hp_loss":0,"event_name":"The Cleric","floor":3,"gold_loss":75},{"damage_healed":0,"gold_gain":0,"player_choice":"Cursed","damage_taken":0,"max_hp_gain":0,"max_hp_loss":0,"event_name":"Wheel of Change","floor":10,"gold_loss":0,"cards_obtained":["Decay"]}],"is_beta":false,"boss_relics":[],"items_purged_floors":[14],"is_endless":false,"potions_floor_spawned":[8],"killed_by":"Slime Boss","ascension_level":20}}