{"host":"opg65mucj6ra7dr1","time":1610002756,"event":{"mods":["BaseMod","DeckTracker","Keyboard Shortcuts","Minty Spire (QoL Compilation)","Permanent Neow","Quick Restart","everything is the same but u backflip on backflip"],"gold_per_floor":[118,130,130,80,101,144,144,144,224,259,288,288,311,311,311,311,311],"floor_reached":16,"playtime":538,"items_purged":[],"score":121,"play_id":"300f9913-3c55-436a-80e9-72da6b127589","local_time":"20210107155916","is_ascension_mode":true,"campfire_choices":[{"data":"Underhanded Strike","floor":8.0,"key":"SMITH"},{"floor":12,"key":"REST"},{"floor":15,"key":"REST"}],"circlet_count":0,"master_deck":["Strike_G","Strike_G","Strike_G","Defend_G","Defend_G","Defend_G","Defend_G","Defend_G","Survivor","Neutralize","Underhanded Strike+1","Reflex","Leg Sweep","Outmaneuver","Reflex","Footwork","Dagger Spray","Quick Slash"],"relics":["Ring of the Snake","CeramicFish","CaptainsWheel","FaceOfCleric","Pear","Kunai"],"acts_visited":["Exordium"],"potions_floor_usage":[16],"damage_taken":[{"damage":0.0,"enemies":"2 Louse","floor":1.0,"turns":4.0},{"damage":4.0,"enemies":"Small Slimes","floor":2.0,"turns":4.0},{"damage":0.0,"enemies":"Cultist","floor":5.0,"turns":4.0},{"damage":5.0,"enemies":"Lagavulin","floor":6.0,"turns":8.0},{"damage":41,"enemies":"Gremlin Nob","floor":10,"turns":7},{"damage":8,"enemies":"Exordium Wildlife","floor":11,"turns":9},{"damage":22,"enemies":"Large Slime","floor":13,"turns":10},{"damage":35,"enemies":"Slime Boss","floor":16,"turns":13}],"seed_played":"9008247839498897088","potions_obtained":[{"floor":2.0,"key":"PowerPotion"},{"floor":5.0,"key":"CunningPotion"},{"floor":10,"key":"SteroidPotion"},{"floor":11,"key":"Dexterity Potion"}],"is_trial":false,"path_per_floor":["M","M","?","?","M","E","?","R","T","E","M","R","M","?","R","B"],"character_chosen":"THE_SILENT","items_purchased":[],"campfire_rested":2,"item_purchase_floors":[],"current_hp_per_floor":[70,66,59,59,59,54,54,54,64,24,17,41,20,20,44,9,9],"gold":311,"neow_bonus":"TRANSFORM_CARD","is_daily":false,"chose_seed":false,"campfire_upgraded":1,"win_rate":0.0,"timestamp":1610002756,"path_taken":["M","M","?","?","M","E","?","R","T","E","M","R","?","?","R","BOSS"],"items_purchased_type":[],"build_version":"2020-12-22","purchased_purges":0,"victory":false,"max_hp_per_floor":[70,70,70,70,70,70,70,70,80,81,82,82,83,83,83,83,83],"card_choices":[{"not_picked":["PiercingWail","Sucker Punch"],"picked":"Reflex","floor":1.0},{"not_picked":["Masterful Stab","Dodge and Roll"],"picked":"Leg Sweep","floor":2.0},{"not_picked":["Noxious Fumes","Distraction"],"picked":"Outmaneuver","floor":5.0},{"not_picked":["Deadly Poison","PiercingWail"],"picked":"Reflex","floor":6.0},{"not_picked":["Glass Knife","Deadly Poison"],"picked":"Footwork","floor":10},{"not_picked":["Predator","Outmaneuver"],"picked":"Dagger Spray","floor":11},{"not_picked":["Slice","Blur"],"picked":"Quick Slash","floor":13}],"player_experience":83562,"relics_obtained":[{"floor":6.0,"key":"CaptainsWheel"},{"floor":9.0,"key":"Pear"},{"floor":10,"key":"Kunai"}],"event_choices":[{"damage_healed":0.0,"max_hp_gain":0.0,"max_hp_loss":0.0,"gold_gain":0.0,"event_name":"Scrap Ooze","player_choice":"Success","floor":3.0,"gold_loss":0.0,"damage_taken":7.0,"relics_obtained":["CeramicFish"]},{"cards_removed":["Strike_G"],"damage_healed":0.0,"max_hp_gain":0.0,"max_hp_loss":0.0,"gold_gain":0.0,"event_name":"The Cleric","player_choice":"Card Removal","floor":4.0,"gold_loss":50.0,"damage_taken":0.0},{"damage_healed":0.0,"max_hp_gain":0.0,"max_hp_loss":0.0,"gold_gain":0.0,"event_name":"FaceTrader","player_choice":"Trade","floor":7.0,"gold_loss":0.0,"damage_taken":0.0,"relics_obtained":["FaceOfCleric"]},{"damage_healed":0,"gold_gain":0,"player_choice":"Ignored","damage_taken":0,"max_hp_gain":0,"max_hp_loss":0,"event_name":"Golden Idol","floor":14,"gold_loss":0}],"is_beta":false,"boss_relics":[],"items_purged_floors":[],"is_endless":false,"potions_floor_spawned":[2,5,10,11],"killed_by":"Slime Boss","ascension_level":2}}