{"host":"8fuipfsvjht9cgcs","time":1610017882,"event":{"mods":["AchievementEnabler","BaseMod","Colored Map","Colored Powertips","Minty Spire (QoL Compilation)","Replay The Spire","StSLib","SuperFastMode","The Gatherer"],"gold_per_floor":[113,113,128,144,160,160,170,185,185,201,201,216,216,230,230,230,230],"floor_reached":16,"playtime":736,"items_purged":[],"score":98,"play_id":"48f7fcdd-1d44-49ef-a6d3-8ccbd966231e","local_time":"20210108001122","is_ascension_mode":false,"campfire_choices":[{"data":"Searing Blow","floor":6,"key":"SMITH"},{"data":"Searing Blow+1","floor":11,"key":"SMITH"},{"data":"Searing Blow+2","floor":13,"key":"SMITH"},{"data":"Searing Blow+3","floor":15,"key":"SMITH"}],"circlet_count":0,"master_deck":["Strike_R","Strike_R","Strike_R","Strike_R","Strike_R","Defend_R","Defend_R","Defend_R","Defend_R","Bash","Strike_B","Vigilance","Searing Blow+4","Panache","Intimidate","Bloodletting","Evolve","Dropkick","Dark Embrace","Burning Pact","Rage","Feel No Pain"],"relics":["Burning Blood","Prayer Wheel"],"acts_visited":["Exordium"],"potions_floor_usage":[7,14],"damage_taken":[{"damage":10.0,"enemies":"Jaw Worm","floor":1.0,"turns":5.0},{"damage":11,"enemies":"Cultist","floor":3,"turns":6},{"damage":0,"enemies":"2 Louse","floor":4,"turns":3},{"damage":26,"enemies":"Gremlin Gang","floor":5,"turns":6},{"damage":9,"enemies":"Large Slime","floor":7,"turns":5},{"damage":9,"enemies":"Exordium Thugs","floor":8,"turns":5},{"damage":25,"enemies":"Blue Slaver","floor":10,"turns":6},{"damage":17,"enemies":"3 Louse","floor":12,"turns":4},{"damage":3,"enemies":"Large Slime","floor":14,"turns":4},{"damage":26,"enemies":"Fading Forest","floor":16,"turns":4}],"seed_played":"-4393469224772771009","potions_obtained":[{"floor":5,"key":"Adrenaline Potion"},{"floor":10,"key":"ElixirPotion"},{"floor":12,"key":"Adrenaline Potion"}],"is_trial":false,"path_per_floor":["M","?","M","M","M","R","M","M","T","M","R","M","R","M","R","B"],"character_chosen":"IRONCLAD","items_purchased":[],"campfire_rested":0,"item_purchase_floors":[],"current_hp_per_floor":[76,76,71,77,57,57,54,51,51,32,32,21,21,24,24,0,0],"gold":230,"neow_bonus":"RANDOM_COLORLESS_2","is_daily":false,"chose_seed":false,"campfire_upgraded":4,"win_rate":0.0,"timestamp":1610017882,"path_taken":["M","?","M","M","M","R","?","M","T","M","R","M","R","M","R","BOSS"],"items_purchased_type":[],"build_version":"2020-12-22","purchased_purges":0,"victory":false,"max_hp_per_floor":[80,80,80,80,80,80,80,80,80,80,80,80,80,80,80,80,80],"card_choices":[{"not_picked":["Secret Technique","Thinking Ahead"],"picked":"Chrysalis","floor":0.0},{"not_picked":["Run Through","ReplayTheSpireMod:Strike From Hell"],"picked":"Searing Blow","floor":1},{"not_picked":["Rampage","Clash"],"picked":"Intimidate","floor":3},{"not_picked":["Second Wind","Clash"],"picked":"Bloodletting","floor":4},{"not_picked":["Anger","Perfected Strike"],"picked":"Evolve","floor":5},{"not_picked":["Flex","Evolve","ReplayTheSpireMod:Limb From Limb"],"picked":"SKIP","floor":7},{"not_picked":["Heavy Blade","Replay:Undeath\u0027s Touch"],"picked":"Dropkick","floor":8},{"not_picked":["Spot Weakness","Iron Wave"],"picked":"Dark Embrace","floor":10},{"not_picked":["Anger","Perfected Strike"],"picked":"Burning Pact","floor":10},{"not_picked":["Uppercut","Wild Strike","Limit Break"],"picked":"SKIP","floor":12},{"not_picked":["Twin Strike","Wild Strike","Clash"],"picked":"SKIP","floor":12},{"not_picked":["Reckless Charge","Shrug It Off"],"picked":"Rage","floor":14},{"not_picked":["Flex","Run Through"],"picked":"Feel No Pain","floor":14}],"player_experience":354243,"relics_obtained":[{"floor":9,"key":"Prayer Wheel"}],"event_choices":[{"damage_healed":0,"gold_gain":0,"cards_transformed":["Chrysalis"],"player_choice":"Transformed","damage_taken":0,"max_hp_gain":0,"max_hp_loss":0,"event_name":"Transmorgrifier","floor":2,"gold_loss":0,"cards_obtained":["Panache"]}],"is_beta":false,"boss_relics":[],"items_purged_floors":[],"is_endless":false,"potions_floor_spawned":[5,10,12],"killed_by":"Fading Forest","ascension_level":0}}