{"host":"69bxgjr0sv0a6xc4","time":1610034569,"event":{"mods":["Act Like it!","BaseMod","Better Altar","Better Match","Better Note","Better Sensory Stone","Better Skull","Better Third Choice","BetterRewards","DeckTracker","Friendly Minions","Jorbs\u0027s Wanderer Trilogy","Lobotomy","LobotomyExtend","Minty Spire (QoL Compilation)","Relic Stats","Spicy Shops","StSLib","The Bladedancer","Unceasing Turn Reminder"],"gold_per_floor":[270,270,195,195,220,220,17,17,42,42,42,42],"floor_reached":11,"playtime":515,"items_purged":["Strike_G"],"score":100,"play_id":"2f0181cd-fe23-4a1b-b654-f5e411345c77","local_time":"20210107164929","is_ascension_mode":true,"campfire_choices":[{"data":"Deadly Poison","floor":6,"key":"SMITH"}],"circlet_count":0,"master_deck":["AscendersBane","Strike_G","Strike_G","Defend_G","Defend_G","Defend_G","Defend_G","Defend_G","Survivor","Neutralize","Deadly Poison+1","Deadly Poison+1"],"relics":["Ring of the Snake","CogitoBucket","LetterFromLob","Juzu Bracelet","Membership Card","Vajra"],"acts_visited":["Exordium"],"potions_floor_usage":[],"damage_taken":[{"damage":9,"enemies":"Jaw Worm","floor":1,"turns":8},{"damage":0,"enemies":"Jaw Worm","floor":4,"turns":6},{"damage":7,"enemies":"3 Sentries","floor":11,"turns":2}],"seed_played":"7112828363940263405","potions_obtained":[],"is_trial":false,"path_per_floor":["M","?","?","?","T","R","$","E","T","?","E"],"character_chosen":"THE_SILENT","items_purchased":["Membership Card","Deadly Poison"],"campfire_rested":0,"item_purchase_floors":[7,7],"current_hp_per_floor":[50,55,55,1,1,1,1,1,1,1,0,0],"gold":42,"neow_bonus":"","is_daily":false,"chose_seed":false,"campfire_upgraded":1,"win_rate":0.0,"timestamp":1610034569,"path_taken":["M","?","?","?","?","R","$","E","T","?","E"],"items_purchased_type":["Relic","Card"],"build_version":"2020-12-22","purchased_purges":1,"victory":false,"max_hp_per_floor":[66,71,71,1,1,1,1,1,1,1,1,1],"relic_stats":{"counters":[3,16],"Juzu Bracelet":1,"obtain_stats":[{"CogitoBucket":0,"Vajra":9,"LetterFromLob":1,"Juzu Bracelet":5,"Membership Card":7,"Ring of the Snake":0},{"CogitoBucket":0,"Vajra":2,"LetterFromLob":1,"Juzu Bracelet":2,"Membership Card":2,"Ring of the Snake":0},{"CogitoBucket":0,"Vajra":14,"LetterFromLob":8,"Juzu Bracelet":14,"Membership Card":14,"Ring of the Snake":0}],"Ring of the Snake":[6]},"card_choices":[{"not_picked":["PiercingWail","Flying Knee"],"picked":"Deadly Poison","floor":1}],"player_experience":868927,"relics_obtained":[{"floor":1,"key":"LetterFromLob"},{"floor":5,"key":"Juzu Bracelet"},{"floor":9,"key":"Vajra"}],"event_choices":[{"damage_healed":0,"gold_gain":0,"player_choice":"Donut","damage_taken":0,"max_hp_gain":5,"max_hp_loss":0,"event_name":"Big Fish","floor":2,"gold_loss":0},{"cards_removed":["Strike_G"],"damage_healed":0,"gold_gain":0,"player_choice":"Card Removal","damage_taken":0,"max_hp_gain":0,"max_hp_loss":0,"event_name":"The Cleric","floor":3,"gold_loss":75},{"damage_healed":0,"gold_gain":0,"player_choice":"Upgraded","damage_taken":0,"max_hp_gain":0,"max_hp_loss":0,"event_name":"Upgrade Shrine","floor":10,"gold_loss":0,"cards_upgraded":["Deadly Poison"]}],"is_beta":false,"boss_relics":[],"items_purged_floors":[7],"is_endless":false,"potions_floor_spawned":[4],"killed_by":"3 Sentries","ascension_level":15}}