{"host":"9kuc8qxv67wkis18","time":1610047532,"event":{"mods":["2.2 Compatiblity","AchievementEnabler","Aspiration","Astrologer","Bard","BaseMod","Beaked The Cultist","Bestiary","Better Note","Better Third Choice","Block Reminder","Challenge The Spire","ChefMod","Conspire","Curses Come First","GifTheSpireLib","Glutton Mod","Halation","Hermit","Highlight Path","Hubris","Infinite Spire","Jorbs\u0027s Wanderer Trilogy","Marked Mod","Melee Mod","Minty Spire (QoL Compilation)","Permanent Neow","Potionbrewer","Random Character Button","Rare Cards Sparkle","Replay The Spire","Shade Mod","Somnambulant","Spikes Relics","StSLib","Stuff the Spire","The Accelerator","The Blue Laboratory","The Caster","The Construct","The Cursed","The Disciple","The Florist","The Forsaken","The Hierophant","The Judge","The Juggle","The Jungle","The Marked","The Necromancer","The Showman","The Wild Card","TheArtist","Thieving Mod","everything is the same but u backflip on backflip","thorton","vexMod"],"gold_per_floor":[118,132,307,307,79,79,105,120,120,140,151,151,180,195,195,296,296,316,4,17,17,17,17,17],"floor_reached":23,"playtime":1989,"items_purged":["Doubt"],"score":211,"play_id":"23311434-95d9-43b8-884d-98a74258ad1b","local_time":"20210107142532","is_ascension_mode":true,"campfire_choices":[{"data":"Barricade","floor":6,"key":"SMITH"},{"floor":12,"key":"RECALL"},{"floor":15,"key":"REST"}],"circlet_count":0,"master_deck":["Strike_R","Strike_R","Strike_R","Strike_R","Strike_R","Defend_R","Defend_R","Defend_R","Defend_R","Bash","Barricade+1","Headbutt","Second Wind","Juggernaut","conspire:Charge","Reaper","Body Slam","infinitespire:SevenWalls"],"relics":["Burning Blood","King of Hearts","hubris:BundleOfHerbs","theForsaken:Lifeblossom","construct:ClawGrip","Question Card","halation:PinkSoulGem"],"acts_visited":["Exordium","TheCity"],"potions_floor_usage":[7,7,13,16],"damage_taken":[{"damage":0,"enemies":"2 Louse","floor":1,"turns":3},{"damage":2,"enemies":"Small Slimes","floor":2,"turns":4},{"damage":39,"enemies":"Lagavulin","floor":7,"turns":10},{"damage":0,"enemies":"Cultist","floor":8,"turns":3},{"damage":11,"enemies":"Red Slaver","floor":10,"turns":4},{"damage":13,"enemies":"3 Louse","floor":11,"turns":3},{"damage":32,"enemies":"3 Sentries","floor":13,"turns":8},{"damage":4,"enemies":"Exordium Wildlife","floor":14,"turns":3},{"damage":25,"enemies":"Slime Boss","floor":16,"turns":11},{"damage":20,"enemies":"Chosen","floor":18,"turns":7},{"damage":33,"enemies":"3 Byrds","floor":20,"turns":7},{"damage":61,"enemies":"Gremlin Leader","floor":23,"turns":8}],"seed_played":"-8423364221590804911","potions_obtained":[{"floor":1,"key":"blueLaboratory:FruitPunch"},{"floor":2,"key":"potionbrewer:AcidPotion"},{"floor":8,"key":"blueLaboratory:IronCompound"},{"floor":10,"key":"blueLaboratory:EnragingPotion"},{"floor":13,"key":"potionbrewer:DiscountPotion"},{"floor":14,"key":"Adrenaline Potion"},{"floor":20,"key":"blueLaboratory:EmptyBottle"}],"is_trial":false,"path_per_floor":["M","M","?","?","$","R","E","M","T","M","M","R","E","M","R","B",null,"M","$","M","?","?","E"],"character_chosen":"IRONCLAD","items_purchased":["King of Hearts","Body Slam","Question Card"],"campfire_rested":1,"item_purchase_floors":[5,19,19],"current_hp_per_floor":[80,80,80,80,80,80,49,55,55,50,48,48,22,29,53,40,82,73,73,58,58,39,28,28],"gold":17,"neow_bonus":"ONE_RANDOM_RARE_CARD","is_daily":false,"chose_seed":false,"campfire_upgraded":1,"win_rate":0.0,"timestamp":1610047532,"path_taken":["M","M","?","?","$","R","E","?","T","M","M","R","E","M","R","BOSS","M","$","M","?","?","E"],"items_purchased_type":["Relic","Card","Relic"],"build_version":"2020-12-22","purchased_purges":1,"victory":false,"max_hp_per_floor":[80,80,80,80,80,80,82,82,82,82,82,82,82,82,82,82,82,82,82,82,82,82,82,82],"card_choices":[{"not_picked":["StuffTheSpire:Resist","Perfected Strike"],"picked":"Headbutt","floor":1},{"not_picked":["Shrug It Off","Cleave"],"picked":"Second Wind","floor":2},{"not_picked":["Heavy Blade","Searing Blow"],"picked":"conspire:Charge","floor":7},{"not_picked":["StuffTheSpire:RagingBull","hubris:SharpeningStone","Inflame"],"picked":"SKIP","floor":8},{"not_picked":["Warcry","ReplayTheSpireMod:Corrosion Curse","Life Link"],"picked":"SKIP","floor":10},{"not_picked":["Pommel Strike","Burning Pact","StuffTheSpire:Incineration"],"picked":"SKIP","floor":11},{"not_picked":["Headbutt","Life Link","StuffTheSpire:Slingshot"],"picked":"SKIP","floor":13},{"not_picked":["Disarm","Demon Form","Replay:Undeath\u0027s Touch"],"picked":"SKIP","floor":14},{"not_picked":["Offering","StuffTheSpire:TitanForm"],"picked":"Reaper","floor":16},{"not_picked":["StuffTheSpire:Slingshot","Pommel Strike","ReplayTheSpireMod:LeadingStrike"],"picked":"SKIP","floor":18},{"not_picked":["Whirlwind+1","Clash","StuffTheSpire:RagingBull+1","Spot Weakness"],"picked":"SKIP","floor":20},{"not_picked":["infinitespire:SealOfDarkness+","ReplayTheSpireMod:Echo Chamber"],"picked":"infinitespire:SevenWalls","floor":22}],"player_experience":192937,"relics_obtained":[{"floor":7,"key":"hubris:BundleOfHerbs"},{"floor":13,"key":"theForsaken:Lifeblossom"}],"event_choices":[{"damage_healed":0,"gold_gain":175,"player_choice":"AGREE","damage_taken":132,"max_hp_gain":0,"max_hp_loss":0,"event_name":"betterThird:BetterSerpent","floor":3,"gold_loss":0},{"damage_healed":0,"gold_gain":0,"player_choice":"1 cards matched","damage_taken":0,"max_hp_gain":0,"max_hp_loss":0,"event_name":"Match and Keep!","floor":4,"gold_loss":0,"cards_obtained":["Juggernaut"]}],"is_beta":false,"boss_relics":[{"not_picked":["StuffTheSpire:RunicConfusion","ChewingGum"],"picked":"construct:ClawGrip"}],"items_purged_floors":[5],"is_endless":false,"potions_floor_spawned":[1,2,8,10,13,14,20],"killed_by":"Gremlin Leader","ascension_level":1}}