{"host":"dwyzfvnzfcqffr30","time":1610008149,"event":{"mods":["2.2 Compatiblity","Act Like it!","BaseMod","Beaked The Cultist","Better Altar","Better Match","Better Note","Better Sensory Stone","Better Skull","Better Third Choice","Clockwork Mod","Colored Map","Colored Powertips","Conspire","Downfall","Elementarium","GifTheSpireLib","Halation","Hermit","Hubris","Infinite Spire","Ironclad Rager","Jedi Mod","Menagerie","Mimic Mod","Minty Spire (QoL Compilation)","Permanent Neow","Random Character Button","Replay The Spire","Spicy Shops","StSLib","Stuff the Spire","The Construct","The Disciple","The Druid","The Marked","TheFirefly","Trackpad","vexMod"],"gold_per_floor":[439,439,439,488,536,596,596,664,664,664,732,764,831,831,831,917,917,1075,1075,1155,1155,1155,1237,1237,1350,1350,1451,1489,1617,1617,1755,1767,1913,1925,2162,2174,2339,2351,2363,2546,2736,2957,3181,3415,3452,3704,3716,3252,3252,2488,2488,2488,2488,2488,1938,3901,3901],"floor_reached":58,"playtime":4897,"items_purged":[],"score":1713,"play_id":"d2ad73bb-6ccb-477f-8b28-06dd062bcb53","local_time":"20210107002909","is_ascension_mode":true,"campfire_choices":[{"floor":7,"key":"REST"},{"floor":17,"key":"REST"},{"floor":32,"key":"REST"},{"floor":34,"key":"REST"},{"floor":49,"key":"RECALL"},{"floor":51,"key":"REST"},{"floor":54,"key":"REST"}],"circlet_count":0,"master_deck":["hermit:Strike_Hermit+1","hermit:Strike_Hermit+1","hermit:Strike_Hermit+1","hermit:Defend_Hermit+1","hermit:Defend_Hermit+1","hermit:Defend_Hermit+1","hermit:Defend_Hermit+1","hermit:Snapshot+1","hermit:Covet+1","Transmutation+1","MasterReality+1","hermit:CursedWeapon+1","hermit:Ricochet+1","hermit:Glare+1","hermit:GhostlyPresence+1","hermit:TakeAim+1","theMarked:SummonStrength+1","infinitespire:Execution+1","hermit:Coalescence+1","hermit:Deadeye+1","AscendersBane","hermit:Determination+1","hermit:Coalescence+1","ReplayTheSpireMod:Brewmster+1","hermit:Maintenance+1","expansioncontent:DashGenerateEvil+1"],"relics":["hermit:Momento","infinitespire:EvilPickle","Juzu Bracelet","Bottled Tornado","hubris:EvacipatedBox","Quantum Egg","Frozen Egg 2","Molten Egg 2","Toxic Egg 2","hubris:Towel","trackpad:Compendium","Bottled Flame","Ancient Tea Set","Ring of Fangs","Anchor","Regal Pillow","trackpad:ToughGloves","beaked:SacredDeck","Strawberry","hubris:Backtick","Counterbalance","halation:EternalFortune","StuffTheSpire:Gunfinga","MutagenicStrength","jedi:heavyjacket","Gremlin Horn","jedi:bottledfury","MawBank","Busted Crown","HornCleat","Orichalcum","Bird Faced Urn","hubris:EmptyBottle","Toy Ornithopter","Kunai","Blue Doll","Bronze Scales","ReplayTheSpireMod:Shallot","Simple Rune","hubris:NiceRug","ReplayTheSpireMod:Lightbulb","Blood Vial"],"acts_visited":["Menagerie:Menagerie","TheCity","TheBeyond","TheEnding"],"potions_floor_usage":[6,6,6,20,20,25,27,27,44,52,52,52,52,52,52,52,52,52,52,52,52,55,55,55,55,56,56,56,56,56,56,56,56,56,56,57,57,57,57,57,57,57,57],"damage_taken":[{"damage":0,"enemies":"Menagerie:StygianBoar","floor":1,"turns":3},{"damage":1,"enemies":"Menagerie:2_RABBITS","floor":4,"turns":4},{"damage":2,"enemies":"Menagerie:MonstrousExperiment","floor":5,"turns":3},{"damage":48,"enemies":"Menagerie:MaskedSummoner","floor":6,"turns":16},{"damage":2,"enemies":"Menagerie:Hydra","floor":8,"turns":3},{"damage":7,"enemies":"Menagerie:VoidReaper","floor":11,"turns":4},{"damage":4,"enemies":"conspire:MimicChest","floor":12,"turns":4},{"damage":2,"enemies":"Menagerie:DREAD_MOTH_AND_GRAFTED_WORMS","floor":13,"turns":3},{"damage":23,"enemies":"Menagerie:MaskedSummoner","floor":16,"turns":7},{"damage":19,"enemies":"Menagerie:Chimera","floor":18,"turns":8},{"damage":42,"enemies":"3 Byrds","floor":20,"turns":6},{"damage":20,"enemies":"Replay:Snechameleon","floor":25,"turns":6},{"damage":0,"enemies":"Shell Parasite","floor":27,"turns":3},{"damage":0,"enemies":"Centurion and Healer","floor":28,"turns":5},{"damage":2,"enemies":"Gremlin Leader","floor":29,"turns":6},{"damage":2,"enemies":"Centurion and Healer","floor":31,"turns":3},{"damage":2,"enemies":"conspire:HollyBat","floor":33,"turns":7},{"damage":16,"enemies":"Collector","floor":35,"turns":6},{"damage":2,"enemies":"3 Shapes","floor":37,"turns":2},{"damage":2,"enemies":"Orb Walker","floor":40,"turns":1},{"damage":14,"enemies":"Maw","floor":41,"turns":6},{"damage":2,"enemies":"Giant Head","floor":42,"turns":6},{"damage":2,"enemies":"4 Shapes","floor":43,"turns":4},{"damage":8,"enemies":"Writhing Mass","floor":44,"turns":3},{"damage":2,"enemies":"Sphere and 2 Shapes","floor":46,"turns":1},{"damage":26,"enemies":"Awakened One","floor":52,"turns":9},{"damage":9,"enemies":"hubris:Merchant","floor":55,"turns":8},{"damage":47,"enemies":"Shield and Spear","floor":56,"turns":8},{"damage":2,"enemies":"The Heart","floor":57,"turns":7}],"seed_played":"-1914930257363553315","potions_obtained":[{"floor":4,"key":"Swift Potion"},{"floor":5,"key":"Regen Potion"},{"floor":13,"key":"Venom Potion"},{"floor":25,"key":"jedi:holywater"},{"floor":29,"key":"Elixir"},{"floor":31,"key":"Ancient Potion"},{"floor":33,"key":"Elixir"},{"floor":35,"key":"Languid Potion"},{"floor":44,"key":"AttackPotion"},{"floor":56,"key":"Guardian:BlockOnCardUsePotion"}],"is_trial":false,"path_per_floor":["M","?","?","M","M","E","R","E","T","?","E","?","M","PTL","PTL","E","R","B",null,"M","AVR","?","T","?","E","?","M","MIM","E","?","M","R","M","R","B",null,"M","?","?","M","M","E","M","M","T","M","?","$","R","$","R","B",null,"R","$","E","B",null],"character_chosen":"HERMIT","items_purchased":["Bird Faced Urn","ReplayTheSpireMod:Brewmster+1","hubris:EmptyBottle","Toy Ornithopter","Kunai","hermit:Maintenance+1","Blue Doll","Bronze Scales","ReplayTheSpireMod:Shallot","Simple Rune","CultistPotion","expansioncontent:DashGenerateEvil+1"],"campfire_rested":6,"item_purchase_floors":[48,48,50,50,50,50,50,55,55,55,55,55],"current_hp_per_floor":[68,68,68,67,65,32,52,50,50,50,43,39,37,37,37,14,49,30,59,17,24,27,27,27,7,7,7,7,5,5,3,41,42,81,65,77,75,81,81,79,65,63,64,56,56,54,54,54,54,54,84,71,81,84,84,62,84],"gold":3901,"neow_bonus":"RANDOM_COLORLESS_2","is_daily":false,"chose_seed":false,"campfire_upgraded":0,"win_rate":0.0,"timestamp":1610008149,"path_taken":["M","?","?","M","M","E","R","E","T","?","E","?","M","PTL","PTL","E","R","BOSS","M","AVR","?","?","?","E","?","M","MIM","E","?","M","R","M","R","BOSS","M","?","?","M","M","E","M","M","T","M","?","$","R","$","R","BOSS","R","$","E","BOSS"],"items_purchased_type":["Relic","Card","Relic","Relic","Relic","Card","Relic","Relic","Relic","Relic","Potion","Card"],"build_version":"2020-12-22","purchased_purges":0,"victory":true,"max_hp_per_floor":[68,68,68,68,68,68,68,68,68,68,68,68,68,68,68,68,68,68,68,68,75,78,78,78,78,78,78,78,78,78,78,78,81,81,81,81,81,81,81,81,81,81,84,84,84,84,84,84,84,84,84,84,84,84,84,84,84],"card_choices":[{"not_picked":["Metamorphosis","Chrysalis"],"picked":"Transmutation","floor":0},{"not_picked":["hermit:HoleUp+1","hermit:ItchyTrigger+1","hermit:CalledShot+1"],"picked":"SKIP","floor":1},{"not_picked":["hermit:HighCaliber+1","hermit:Spite+1"],"picked":"hermit:CursedWeapon+1","floor":4},{"not_picked":["hermit:LowProfile+1","hermit:LuckOfTheDraw+1"],"picked":"hermit:Ricochet+1","floor":5},{"not_picked":["hermit:Spite+1","hermit:Grudge+1"],"picked":"hermit:Glare+1","floor":6},{"not_picked":["hermit:WideOpen+1","hermit:BodyArmor+1"],"picked":"hermit:GhostlyPresence+1","floor":8},{"not_picked":["hermit:Combo+1","hermit:Midnight+1","hermit:Manifest+1"],"picked":"SKIP","floor":11},{"not_picked":["hermit:HighCaliber+1","hermit:Maintenance+1"],"picked":"hermit:TakeAim+1","floor":13},{"not_picked":["hermit:Ricochet+1","hermit:HighCaliber+1","hermit:CursedWeapon+1"],"picked":"SKIP","floor":16},{"not_picked":["hermit:Combo+1","hermit:Virtue+1","hermit:Desperado+1"],"picked":"SKIP","floor":20},{"not_picked":["hermit:Grudge+1","hermit:HighCaliber+1"],"picked":"hermit:Coalescence+1","floor":25},{"not_picked":["hermit:Glare+1","hermit:Desperado+1","hermit:TakeCover+1"],"picked":"SKIP","floor":27},{"not_picked":["hermit:TakeAim+1","hermit:DeadMansHand+1","hermit:WideOpen+1"],"picked":"SKIP","floor":29},{"not_picked":["hermit:Ricochet+1","hermit:Snipe+1"],"picked":"hermit:Deadeye+1","floor":31},{"not_picked":["hermit:Quickdraw+1","hermit:GhostlyPresence+1","hermit:ItchyTrigger+1"],"picked":"SKIP","floor":33},{"not_picked":["hermit:Ricochet+1"],"picked":"SKIP","floor":37},{"not_picked":[],"picked":"hermit:Coalescence+1","floor":40},{"not_picked":["hermit:CalledShot+1"],"picked":"SKIP","floor":41},{"not_picked":["hermit:PistolWhip+1"],"picked":"SKIP","floor":42},{"not_picked":["hermit:Quickdraw+1"],"picked":"SKIP","floor":43},{"not_picked":["hermit:Misfire+1"],"picked":"SKIP","floor":44},{"not_picked":["hermit:FullyLoaded+1"],"picked":"SKIP","floor":46},{"not_picked":["hermit:PistolWhip+1"],"picked":"SKIP","floor":55},{"not_picked":["hermit:SprayPray+1"],"picked":"SKIP","floor":55},{"not_picked":["hermit:Coalescence+1"],"picked":"SKIP","floor":55},{"not_picked":["hermit:LowProfile+1"],"picked":"SKIP","floor":55},{"not_picked":["hermit:Combo+1"],"picked":"SKIP","floor":55},{"not_picked":["Flash of Steel+1"],"picked":"SKIP","floor":55},{"not_picked":["hermit:Coalescence+1"],"picked":"SKIP","floor":56}],"player_experience":2615507,"relics_obtained":[{"floor":6,"key":"trackpad:Compendium"},{"floor":8,"key":"Bottled Flame"},{"floor":9,"key":"Ancient Tea Set"},{"floor":10,"key":"Ring of Fangs"},{"floor":11,"key":"Anchor"},{"floor":12,"key":"Regal Pillow"},{"floor":16,"key":"trackpad:ToughGloves"},{"floor":25,"key":"StuffTheSpire:Gunfinga"},{"floor":28,"key":"jedi:heavyjacket"},{"floor":28,"key":"Gremlin Horn"},{"floor":29,"key":"jedi:bottledfury"},{"floor":30,"key":"MawBank"},{"floor":33,"key":"halation:EternalFortune"},{"floor":42,"key":"HornCleat"},{"floor":43,"key":"halation:EternalFortune"},{"floor":45,"key":"Orichalcum"},{"floor":55,"key":"ReplayTheSpireMod:Lightbulb"},{"floor":56,"key":"Blood Vial"}],"event_choices":[{"damage_healed":0,"gold_gain":0,"player_choice":"Simplicity","damage_taken":0,"max_hp_gain":0,"max_hp_loss":8,"event_name":"betterThird:BetterWriting","floor":0,"gold_loss":0},{"damage_healed":0,"gold_gain":0,"player_choice":"Ignored","damage_taken":0,"max_hp_gain":0,"max_hp_loss":0,"event_name":"Accursed Blacksmith","floor":2,"gold_loss":0},{"damage_healed":0,"gold_gain":0,"player_choice":"Inject Mutagens","damage_taken":0,"relics_obtained":["MutagenicStrength"],"max_hp_gain":0,"max_hp_loss":0,"event_name":"Drug Dealer","floor":26,"gold_loss":0},{"damage_healed":6,"gold_gain":0,"player_choice":"Full Heal","damage_taken":0,"max_hp_gain":0,"max_hp_loss":0,"event_name":"Wheel of Change","floor":38,"gold_loss":0},{"damage_healed":0,"gold_gain":3,"player_choice":"3","damage_taken":0,"max_hp_gain":0,"max_hp_loss":0,"event_name":"betterStone:BetterStone","floor":39,"gold_loss":0,"cards_obtained":["hermit:Determination"]},{"cards_removed":["hermit:Strike_Hermit"],"damage_healed":0,"gold_gain":0,"player_choice":"Removed Attack","damage_taken":0,"max_hp_gain":0,"max_hp_loss":0,"event_name":"Falling","floor":47,"gold_loss":0}],"is_beta":false,"boss_relics":[{"not_picked":["hubris:VirtuousBlindfold","vexMod:RockOfEvil","halation:PlatinumPhoenix"],"picked":"beaked:SacredDeck"},{"not_picked":["Runic Pyramid","Kintsugi","StuffTheSpire:ModemDavis"],"picked":"Busted Crown"}],"items_purged_floors":[],"is_endless":false,"potions_floor_spawned":[4,5,11,13,18,25,29,31,33,35,40,42,44,56],"ascension_level":5}}