{"host":"ig7tc0uedzltt2sr","time":1610059070,"event":{"mods":["BaseMod","Better Twitch Integration","Block Reminder","Colored Map","Colored Powertips","Communication Mod","Current Relic Mod","GifTheSpireLib","HexUI Lib","Minty Spire (QoL Compilation)","Quick Restart","Random Character Button","Rare Cards Sparkle","Relic Sorter","Relic Stats","Slay the Relics Exporter","StSLib","SuperFastMode","Synergy Search","Twitch Decklist","Twitch Utils","everything is the same but u backflip on backflip","slay the spire mod where everything is the same but ironclad has a cowboy hat"],"gold_per_floor":[110,110,120,136,136,136,136,149,149,149,149,149,165,176,176,176,176],"floor_reached":16,"playtime":77,"items_purged":[],"score":92,"play_id":"032a536f-b291-4d4b-b001-942ed1250921","local_time":"20210107143750","is_ascension_mode":false,"campfire_choices":[{"floor":6,"key":"RECALL"},{"floor":10,"key":"REST"},{"floor":12,"key":"REST"},{"floor":15,"key":"REST"}],"circlet_count":0,"master_deck":["Strike_R","Strike_R","Strike_R","Strike_R","Strike_R","Defend_R","Defend_R","Defend_R","Defend_R","Bash","Clash","Flame Barrier","Hemokinesis","Heavy Blade","Searing Blow","Bludgeon"],"relics":["Burning Blood","NeowsBlessing"],"acts_visited":["Exordium"],"potions_floor_usage":[],"damage_taken":[{"damage":0,"enemies":"Jaw Worm","floor":1,"turns":1},{"damage":0,"enemies":"Small Slimes","floor":3,"turns":1},{"damage":0,"enemies":"Cultist","floor":4,"turns":1},{"damage":17,"enemies":"Gremlin Gang","floor":8,"turns":5},{"damage":10,"enemies":"3 Louse","floor":13,"turns":7},{"damage":10,"enemies":"Lots of Slimes","floor":14,"turns":6},{"damage":80,"enemies":"The Guardian","floor":16,"turns":8}],"seed_played":"-4932706923499740770","potions_obtained":[{"floor":3,"key":"PowerPotion"},{"floor":14,"key":"DistilledChaos"}],"is_trial":false,"path_per_floor":["M","?","M","M","?","R","?","M","T","R","?","R","M","M","R","B"],"character_chosen":"IRONCLAD","items_purchased":[],"campfire_rested":3,"item_purchase_floors":[],"current_hp_per_floor":[80,77,80,80,80,80,80,69,69,80,80,80,76,72,80,0,0],"gold":176,"neow_bonus":"THREE_ENEMY_KILL","is_daily":false,"chose_seed":false,"campfire_upgraded":0,"win_rate":0.0,"timestamp":1610059070,"path_taken":["M","?","M","M","?","R","?","M","T","R","?","R","M","M","R","BOSS"],"items_purchased_type":[],"build_version":"2020-12-22","purchased_purges":0,"victory":false,"max_hp_per_floor":[80,80,80,80,80,80,80,80,80,80,80,80,80,80,80,80,80],"relic_stats":{"counters":[7,29],"obtain_stats":[{"NeowsBlessing":0,"Burning Blood":0},{"NeowsBlessing":0,"Burning Blood":0},{"NeowsBlessing":0,"Burning Blood":0}],"Burning Blood":21},"card_choices":[{"not_picked":["Thunderclap","Heavy Blade"],"picked":"Clash","floor":1},{"not_picked":["Burning Pact","Whirlwind"],"picked":"Flame Barrier","floor":3},{"not_picked":["Body Slam","Warcry"],"picked":"Hemokinesis","floor":4},{"not_picked":["Havoc","Entrench"],"picked":"Heavy Blade","floor":8},{"not_picked":["Warcry","Shockwave"],"picked":"Searing Blow","floor":13},{"not_picked":["Pummel","Pommel Strike"],"picked":"Bludgeon","floor":14}],"player_experience":1458570,"relics_obtained":[],"event_choices":[{"damage_healed":0,"gold_gain":0,"player_choice":"Fled","damage_taken":3,"max_hp_gain":0,"max_hp_loss":0,"event_name":"Scrap Ooze","floor":2,"gold_loss":0},{"damage_healed":0,"gold_gain":0,"player_choice":"Ignored","damage_taken":0,"max_hp_gain":0,"max_hp_loss":0,"event_name":"Liars Game","floor":5,"gold_loss":0},{"damage_healed":0,"gold_gain":0,"player_choice":"Leave","damage_taken":0,"max_hp_gain":0,"max_hp_loss":0,"event_name":"The Cleric","floor":7,"gold_loss":0},{"damage_healed":0,"gold_gain":0,"player_choice":"Searched \u00270\u0027 times","damage_taken":0,"max_hp_gain":0,"max_hp_loss":0,"event_name":"Dead Adventurer","floor":11,"gold_loss":0}],"is_beta":false,"boss_relics":[],"items_purged_floors":[],"is_endless":false,"potions_floor_spawned":[3,14],"killed_by":"The Guardian","ascension_level":0}}