{"host":"vjxpm20xjjgw99r7","time":1610020903,"event":{"mods":["AchievementEnabler","BaseMod","Colored Map","Minty Spire (QoL Compilation)","Quick Restart","SuperFastMode"],"gold_per_floor":[215,227,227,112,127,157,157,191,191,203,220,220,235,245,245,349,349,349],"floor_reached":17,"playtime":1120,"items_purged":["Defend_B"],"score":177,"play_id":"b803e02a-93f3-4bb0-88d7-c3668a6f9c4b","local_time":"20210107210143","is_ascension_mode":true,"campfire_choices":[{"data":"Defragment","floor":7,"key":"SMITH"},{"floor":12,"key":"REST"},{"floor":15,"key":"REST"}],"circlet_count":0,"master_deck":["Strike_B","Defend_B","Defend_B","Zap","Dualcast","Conserve Battery","Streamline","Buffer","Defragment+1","Redo","Coolheaded","Ball Lightning","Go for the Eyes","Turbo","Lockon","Thunder Strike","Buffer+1","Turbo+1","Stack+1"],"relics":["Cracked Core","Pantograph","Question Card","Matryoshka","Astrolabe"],"acts_visited":["Exordium","TheCity"],"potions_floor_usage":[6,10,11],"damage_taken":[{"damage":11,"enemies":"2 Louse","floor":1,"turns":3},{"damage":1,"enemies":"Cultist","floor":2,"turns":4},{"damage":5,"enemies":"Small Slimes","floor":5,"turns":3},{"damage":13,"enemies":"Lagavulin","floor":6,"turns":7},{"damage":33,"enemies":"Gremlin Nob","floor":8,"turns":5},{"damage":2,"enemies":"Blue Slaver","floor":10,"turns":3},{"damage":0,"enemies":"Exordium Thugs","floor":11,"turns":3},{"damage":0,"enemies":"3 Louse","floor":13,"turns":3},{"damage":16,"enemies":"Gremlin Gang","floor":14,"turns":5},{"damage":21,"enemies":"Slime Boss","floor":16,"turns":9}],"seed_played":"-8505285216699192629","potions_obtained":[{"floor":2,"key":"Swift Potion"},{"floor":8,"key":"ColorlessPotion"},{"floor":10,"key":"EssenceOfSteel"},{"floor":13,"key":"EssenceOfSteel"},{"floor":14,"key":"Block Potion"}],"is_trial":false,"path_per_floor":["M","M","?","$","M","E","R","E","T","M","M","R","M","M","R","B",null],"character_chosen":"DEFECT","items_purchased":["Defragment"],"campfire_rested":2,"item_purchase_floors":[4],"current_hp_per_floor":[64,63,63,63,58,45,45,12,12,10,10,32,32,16,38,42,75,75],"gold":349,"neow_bonus":"HUNDRED_GOLD","is_daily":false,"chose_seed":false,"campfire_upgraded":1,"win_rate":0.0,"timestamp":1610020903,"path_taken":["M","M","?","$","M","E","R","E","T","M","M","R","M","M","R","BOSS"],"items_purchased_type":["Card"],"build_version":"2020-12-22","purchased_purges":1,"victory":false,"max_hp_per_floor":[75,75,75,75,75,75,75,75,75,75,75,75,75,75,75,75,75,75],"card_choices":[{"not_picked":["BootSequence","Chaos"],"picked":"Conserve Battery","floor":1},{"not_picked":["Hologram","Beam Cell"],"picked":"Streamline","floor":2},{"not_picked":["Compile Driver","Barrage"],"picked":"Redo","floor":5},{"not_picked":["Sweeping Beam","Multi-Cast"],"picked":"Coolheaded","floor":6},{"not_picked":["Go for the Eyes","Streamline"],"picked":"Ball Lightning","floor":8},{"not_picked":["Reinforced Body","Coolheaded","Defragment"],"picked":"Go for the Eyes","floor":10},{"not_picked":["Storm","Redo","Consume"],"picked":"Turbo","floor":11},{"not_picked":["Barrage","Heatsinks","Scrape","Darkness"],"picked":"SKIP","floor":13},{"not_picked":["Undo","Steam","Beam Cell"],"picked":"Lockon","floor":14},{"not_picked":["Amplify","All For One","Electrodynamics"],"picked":"Thunder Strike","floor":16}],"player_experience":55863,"relics_obtained":[{"floor":6,"key":"Pantograph"},{"floor":8,"key":"Question Card"},{"floor":9,"key":"Matryoshka"}],"event_choices":[{"damage_healed":0,"gold_gain":0,"cards_transformed":["Strike_B"],"player_choice":"Change","damage_taken":0,"max_hp_gain":0,"max_hp_loss":0,"event_name":"Living Wall","floor":3,"gold_loss":0,"cards_obtained":["Buffer"]}],"is_beta":false,"boss_relics":[{"not_picked":["Velvet Choker","Fusion Hammer"],"picked":"Astrolabe"}],"items_purged_floors":[4],"is_endless":false,"potions_floor_spawned":[2,8,10,13,14],"ascension_level":1}}