{"host":"t179ovrkr5k1gnfh","time":1610028405,"event":{"mods":["AchievementEnabler","BaseMod","Colored Map","Downfall","Minty Spire (QoL Compilation)","StSLib"],"gold_per_floor":[99,117,117,63,83,97,122,151,183,195,357,282,298,316,335,435,435,435,450,469,16,16,31,106,132,57,157,168,193,193,204,216,320,320,245,256,256,334,346,374,398,428,428,74,103,103,138,155,175,175,175,201,51,51,51],"floor_reached":56,"playtime":6680,"items_purged":["Defend_P","Strike_P+1","Eruption+1","Defend_P+1"],"score":1464,"play_id":"f8adae9f-1f1f-49c9-bcd8-10de6440a26c","local_time":"20210107150645","is_ascension_mode":true,"campfire_choices":[{"data":"Eruption","floor":1.0,"key":"SMITH"},{"floor":12.0,"key":"REST"},{"floor":18.0,"key":"RECALL"},{"data":"Perseverance","floor":26,"key":"SMITH"},{"floor":30,"key":"REST"},{"data":"TalkToTheHand","floor":35,"key":"SMITH"},{"floor":46,"key":"REST"},{"floor":54,"key":"DIG"}],"circlet_count":0,"master_deck":["Defend_P+1","Vigilance","SashWhip+1","Study+1","Consecrate+1","Sanctity","FollowUp+1","InnerPeace+1","DeusExMachina+1","Tantrum","ThirdEye+1","LessonLearned","ClearTheMind+1","ThirdEye+1","Perseverance+1","TalkToTheHand+1","Weave","Fasting2+1","EmptyMind+1","SandsOfTime+1","DevaForm+1","CutThroughFate+1","Omniscience","Adaptation","JustLucky"],"relics":["Sozu","Nunchaku","downfall:ShatteredFragment","downfall:HeartBlessingGreen","Empty Cage","Mango","Unceasing Top","downfall:HeartBlessingRed","Torii","Bottled Flame","Anchor","expansioncontent:StudyCardRelic","downfall:HeartBlessingBlue","Guardian:BottledAnomaly","Ornamental Fan","Juzu Bracelet","Toxic Egg 2","Melange","Shovel","Toy Ornithopter","White Beast Statue","Mercury Hourglass"],"acts_visited":["Exordium","TheCity","TheBeyond","TheEnding"],"potions_floor_usage":[],"damage_taken":[{"damage":13.0,"enemies":"Small Slimes","floor":2.0,"turns":3.0},{"damage":0.0,"enemies":"downfall:FleeingMerchant","floor":4.0,"turns":4.0},{"damage":0.0,"enemies":"Cultist","floor":5.0,"turns":3.0},{"damage":8.0,"enemies":"Jaw Worm","floor":6.0,"turns":3.0},{"damage":20.0,"enemies":"3 Sentries","floor":8.0,"turns":8.0},{"damage":10.0,"enemies":"Large Slime","floor":9.0,"turns":5.0},{"damage":0.0,"enemies":"Gremlin Gang","floor":13.0,"turns":3.0},{"damage":0.0,"enemies":"Blue Slaver","floor":14.0,"turns":2.0},{"damage":0.0,"enemies":"3 Louse","floor":15.0,"turns":2.0},{"damage":20.0,"enemies":"downfall:Ironclad","floor":16.0,"turns":5.0},{"damage":0.0,"enemies":"3 Byrds","floor":19.0,"turns":4.0},{"damage":8.0,"enemies":"Centurion and Healer","floor":20.0,"turns":6.0},{"damage":1.0,"enemies":"downfall:FleeingMerchant","floor":21.0,"turns":4.0},{"damage":4.0,"enemies":"3 Cultists","floor":23.0,"turns":5.0},{"damage":13.0,"enemies":"Book of Stabbing","floor":25.0,"turns":4.0},{"damage":15,"enemies":"downfall:Silent","floor":27,"turns":5},{"damage":0,"enemies":"Snake Plant","floor":28,"turns":5},{"damage":12,"enemies":"Slavers","floor":29,"turns":5},{"damage":0,"enemies":"Snecko","floor":31,"turns":5},{"damage":0,"enemies":"Sentry and Sphere","floor":32,"turns":4},{"damage":27,"enemies":"downfall:Watcher","floor":33,"turns":5},{"damage":0,"enemies":"3 Darklings","floor":36,"turns":4},{"damage":0,"enemies":"downfall:FleeingMerchant","floor":38,"turns":3},{"damage":0,"enemies":"3 Shapes","floor":39,"turns":3},{"damage":0,"enemies":"Reptomancer","floor":40,"turns":5},{"damage":1,"enemies":"Nemesis","floor":42,"turns":5},{"damage":18,"enemies":"Reptomancer","floor":45,"turns":6},{"damage":0,"enemies":"Nemesis","floor":47,"turns":3},{"damage":0,"enemies":"Sphere and 2 Shapes","floor":48,"turns":4},{"damage":0,"enemies":"Maw","floor":49,"turns":4},{"damage":5,"enemies":"downfall:Silent","floor":50,"turns":4},{"damage":9,"enemies":"downfall:CharBossMerchant","floor":52,"turns":5},{"damage":10,"enemies":"downfall:NeowBoss","floor":55,"turns":15}],"seed_played":"4226642991791325065","potions_obtained":[],"is_trial":false,"path_per_floor":["R","M","?","$","M","M","T","E","M","?","?","R","M","M","M","B",null,"R","M","M","$","?","M","T","E","R","?","M","E","R","M","M","B",null,"R","M","?","?","M","E","T","E","?","$","E","R","E","M","M","B",null,"E","$","R","B",null],"character_chosen":"WATCHER","items_purchased":["Study","Mango","Perseverance","Guardian:BottledAnomaly","Melange","Adaptation"],"campfire_rested":3,"item_purchase_floors":[4,21,21,38,44,44],"current_hp_per_floor":[72,59,59,59,59,51,51,31,21,9,9,30,30,30,30,10,72,72,72,64,77,77,73,73,60,60,45,45,33,58,58,58,31,86,96,96,96,96,96,96,96,95,95,95,77,96,96,96,96,91,96,87,87,87,77],"gold":51,"neow_bonus":"BOSS_RELIC","is_daily":false,"chose_seed":false,"campfire_upgraded":3,"win_rate":0.0,"timestamp":1610028405,"path_taken":["R","M","?","?","M","M","T","E","M","?","?","R","M","?","M","BOSS","R","M","M","$","?","M","T","E","R","?","M","E","R","M","M","BOSS","R","M","?","?","M","E","T","E","?","$","E","R","E","M","M","BOSS","E","$","R","BOSS"],"items_purchased_type":["Card","Relic","Card","Relic","Relic","Card"],"build_version":"2020-12-22","purchased_purges":4,"victory":true,"max_hp_per_floor":[72,72,72,72,72,72,72,72,72,72,72,72,72,72,72,72,72,72,72,72,86,86,86,86,86,86,86,86,86,86,86,86,86,86,96,96,96,96,96,96,96,96,96,96,96,96,96,96,96,96,96,96,96,96,96],"card_choices":[{"not_picked":["ClearTheMind","WaveOfTheHand"],"picked":"SashWhip","floor":2.0},{"not_picked":["Meditate","Vengeance"],"picked":"ReachHeaven","floor":4.0},{"not_picked":["Swivel","Evaluate"],"picked":"Consecrate","floor":5.0},{"not_picked":["Halt","FlyingSleeves"],"picked":"Sanctity","floor":6.0},{"not_picked":["CutThroughFate","Halt"],"picked":"FollowUp","floor":8.0},{"not_picked":["Protect","Halt"],"picked":"InnerPeace","floor":9.0},{"not_picked":["Protect","SashWhip"],"picked":"DeusExMachina","floor":13.0},{"not_picked":["ClearTheMind","JustLucky"],"picked":"Tantrum","floor":14.0},{"not_picked":["Judgement","Fasting2"],"picked":"ThirdEye","floor":15.0},{"not_picked":["Vault","Devotion"],"picked":"LessonLearned","floor":16.0},{"not_picked":["EmptyBody","Collect"],"picked":"ClearTheMind+1","floor":19.0},{"not_picked":["Protect","LikeWater+1","JustLucky"],"picked":"SKIP","floor":20.0},{"not_picked":["PathToVictory","FlyingSleeves"],"picked":"ThirdEye","floor":21.0},{"not_picked":["Prostrate+1","ConjureBlade"],"picked":"TalkToTheHand","floor":23.0},{"not_picked":["Protect","CrushJoints","BowlingBash"],"picked":"SKIP","floor":25.0},{"not_picked":["Protect","CrushJoints","BowlingBash"],"picked":"SKIP","floor":25.0},{"not_picked":["SashWhip","WindmillStrike"],"picked":"Weave","floor":27},{"not_picked":["Worship","Conclude"],"picked":"Fasting2+1","floor":28},{"not_picked":["JustLucky","ConjureBlade"],"picked":"EmptyMind","floor":29},{"not_picked":["FlurryOfBlows+1","Crescendo+1","ThirdEye+1"],"picked":"SKIP","floor":31},{"not_picked":["FlurryOfBlows","EmptyMind"],"picked":"SandsOfTime","floor":32},{"not_picked":["Devotion","Establishment"],"picked":"DevaForm","floor":33},{"not_picked":["SignatureMove+1","EmptyBody","ClearTheMind+1"],"picked":"SKIP","floor":36},{"not_picked":["Prostrate+1","PathToVictory+1"],"picked":"CutThroughFate","floor":38},{"not_picked":["SashWhip+1","Pray","WaveOfTheHand+1"],"picked":"SKIP","floor":39},{"not_picked":["CutThroughFate+1","EmptyBody"],"picked":"Omniscience","floor":40},{"not_picked":["FollowUp+1","CutThroughFate+1","ClearTheMind+1"],"picked":"SKIP","floor":42},{"not_picked":["Pray+1","Prostrate+1","LessonLearned"],"picked":"SKIP","floor":45},{"not_picked":["ReachHeaven+1","FlyingSleeves+1","EmptyMind+1"],"picked":"SKIP","floor":47},{"not_picked":["EmptyFist","EmptyBody+1","SignatureMove"],"picked":"SKIP","floor":48},{"not_picked":["Evaluate+1","Vengeance+1"],"picked":"JustLucky","floor":49},{"not_picked":["Brilliance","Adaptation+1","WaveOfTheHand+1"],"picked":"SKIP","floor":52}],"player_experience":212064,"relics_obtained":[{"floor":7.0,"key":"Nunchaku"},{"floor":8.0,"key":"MawBank"},{"floor":25.0,"key":"Unceasing Top"},{"floor":27,"key":"Torii"},{"floor":27,"key":"Bottled Flame"},{"floor":29,"key":"Anchor"},{"floor":40,"key":"Ornamental Fan"},{"floor":41,"key":"Juzu Bracelet"},{"floor":42,"key":"Toxic Egg 2"},{"floor":45,"key":"Shovel"},{"floor":47,"key":"Toy Ornithopter"},{"floor":52,"key":"White Beast Statue"},{"floor":54,"key":"Mercury Hourglass"}],"event_choices":[{"cards_removed":["Defend_P"],"damage_healed":0.0,"max_hp_gain":0.0,"max_hp_loss":0.0,"gold_gain":0.0,"event_name":"Bonfire Elementals","player_choice":"Offered Basic","floor":3.0,"gold_loss":0.0,"damage_taken":0.0},{"cards_removed":["ReachHeaven"],"damage_healed":0,"gold_gain":0,"player_choice":"Removed Attack","damage_taken":0,"max_hp_gain":0,"max_hp_loss":0,"event_name":"Falling","floor":43,"gold_loss":0}],"is_beta":false,"boss_relics":[{"not_picked":["Coffee Dripper","SlaversCollar"],"picked":"Empty Cage"},{"not_picked":["Black Star","Velvet Choker"],"picked":"expansioncontent:StudyCardRelic"}],"items_purged_floors":[21,38,44,53],"is_endless":false,"potions_floor_spawned":[6,8,16,19,23,28,32,33,39,42,48,49,52],"ascension_level":1}}