{"host":"dmdprxj8bosbz96f","time":1610062995,"event":{"mods":["AchievementEnabler","BaseMod","Colored Map","DeckTracker","Minty Spire (QoL Compilation)","Permanent Neow","Quick Restart","SuperFastMode","everything is the same but u backflip on backflip"],"gold_per_floor":[117,21,36,36,56,56,69,69,69,107,63,63,63,63,63],"floor_reached":14,"playtime":271,"items_purged":[],"score":110,"play_id":"d90f81d6-0ffb-4168-a85a-d344bb3eff05","local_time":"20210108084315","is_ascension_mode":true,"campfire_choices":[{"floor":6,"key":"REST"},{"floor":8,"key":"REST"},{"floor":13,"key":"REST"}],"circlet_count":0,"master_deck":["Strike_G","Strike_G","Strike_G","Strike_G","Strike_G","Defend_G","Defend_G","Defend_G","Defend_G","Defend_G","Survivor","Neutralize","A Thousand Cuts+1","PiercingWail","Backflip","Dagger Throw","PiercingWail","Eviscerate","Prepared","Blur","Cloak And Dagger"],"relics":["Ring of the Snake","Kunai","Paper Crane","CeramicFish"],"acts_visited":["Exordium"],"potions_floor_usage":[14],"damage_taken":[{"damage":1,"enemies":"Small Slimes","floor":1,"turns":4},{"damage":14,"enemies":"Cultist","floor":3,"turns":6},{"damage":8,"enemies":"2 Louse","floor":5,"turns":2},{"damage":0,"enemies":"2 Fungi Beasts","floor":7,"turns":4},{"damage":45,"enemies":"3 Sentries","floor":10,"turns":7},{"damage":38,"enemies":"Gremlin Nob","floor":14,"turns":5}],"seed_played":"-3160803486166629667","potions_obtained":[{"floor":3,"key":"CultistPotion"},{"floor":7,"key":"SpeedPotion"},{"floor":10,"key":"FairyPotion"}],"is_trial":false,"path_per_floor":["M","$","M","?","M","R","M","R","T","E","$","?","R","E"],"character_chosen":"THE_SILENT","items_purchased":["Backflip","Dagger Throw","Cloak And Dagger"],"campfire_rested":3,"item_purchase_floors":[2,2,11],"current_hp_per_floor":[48,48,34,34,26,47,47,68,68,23,23,23,44,6,6],"gold":63,"neow_bonus":"THREE_RARE_CARDS","is_daily":false,"chose_seed":false,"campfire_upgraded":0,"win_rate":0.0,"timestamp":1610062995,"path_taken":["M","$","M","?","M","R","?","R","T","E","?","?","R","E"],"items_purchased_type":["Card","Card","Card"],"build_version":"2020-12-22","purchased_purges":0,"victory":false,"max_hp_per_floor":[70,70,70,70,70,70,70,70,70,70,70,70,70,70,70],"card_choices":[{"not_picked":["After Image","Storm of Steel"],"picked":"A Thousand Cuts","floor":0},{"not_picked":["Finisher","Footwork"],"picked":"PiercingWail","floor":1},{"not_picked":["Heel Hook","Outmaneuver"],"picked":"PiercingWail","floor":3},{"not_picked":["Outmaneuver","Heel Hook"],"picked":"Eviscerate","floor":5},{"not_picked":["Backflip","Poisoned Stab"],"picked":"Prepared","floor":7},{"not_picked":["Flying Knee","Acrobatics"],"picked":"Blur","floor":10}],"player_experience":172012,"relics_obtained":[{"floor":9,"key":"Paper Crane"},{"floor":10,"key":"CeramicFish"}],"event_choices":[{"damage_healed":0,"gold_gain":0,"player_choice":"Gave Potion","damage_taken":0,"relics_obtained":["Kunai"],"max_hp_gain":0,"max_hp_loss":0,"event_name":"WeMeetAgain","floor":4,"gold_loss":0},{"damage_healed":0,"gold_gain":0,"player_choice":"Grow","damage_taken":0,"max_hp_gain":0,"max_hp_loss":0,"event_name":"Living Wall","floor":12,"gold_loss":0,"cards_upgraded":["A Thousand Cuts"]}],"is_beta":false,"boss_relics":[],"items_purged_floors":[],"is_endless":false,"potions_floor_spawned":[3,7,10],"killed_by":"Gremlin Nob","ascension_level":5}}