{"host":"ifrtxrfi0kt9ye6r","time":1610033040,"event":{"mods":["100% Spire Juice","Act Like it!","BaseMod","BetterRewards","Downfall","Gensokyo","Hubris","Infinite Spire","Koishi","Marisa£¨Ùöéë¡¡Øª×âÞÞ£©","Minty Spire (QoL Compilation)","Replay The Spire","StSLib","The Animator"],"gold_per_floor":[119,49,62,62,62,62,62,94,94,125,148,173,26,26,40,55,55,160,160,171,184,196,206,206,222,222],"floor_reached":25,"playtime":2378,"items_purged":["Koishi:BasicStrike","Koishi:BasicDefend"],"score":378,"play_id":"8f94c6ac-50b7-4487-8390-f047ff12b2da","local_time":"20210108002400","is_ascension_mode":true,"campfire_choices":[{"floor":9,"key":"RECALL"}],"circlet_count":0,"master_deck":["Koishi:BasicStrike","Koishi:BasicStrike","Koishi:BasicStrike","Koishi:BasicDefend","Koishi:BasicDefend+1","Koishi:BasicDefend","Koishi:Provoke","Koishi:HauntingSlash+1","Koishi:UnansweredLove","Gensokyo:CrescentMoonSlash+1","Koishi:DNAsFlaw","Koishi:PhilosophyOfTheDespised","Koishi:SpiritedAway","Koishi:Vanish","Koishi:DNAsFlaw","Koishi:GrowingPain","Koishi:Vanish"],"relics":["Koishi:ImaginaryFriend","Gensokyo:OccultBall","infinitespire:PuzzleCube","hubris:64BitClover","Replay:Baseball","Pen Nib","Philosopher\u0027s Stone","Replay:Bandana"],"acts_visited":["Gensokyo:Gensokyo","Gensokyo:Gensokyoer"],"potions_floor_usage":[12,25,25],"damage_taken":[{"damage":8,"enemies":"Gensokyo:3_Fairies","floor":1,"turns":8},{"damage":0,"enemies":"Gensokyo:2_Kodama","floor":3,"turns":5},{"damage":16,"enemies":"Gensokyo:Aya","floor":8,"turns":7},{"damage":1,"enemies":"Gensokyo:Cirno","floor":10,"turns":4},{"damage":4,"enemies":"Gensokyo:Mamizou","floor":12,"turns":8},{"damage":0,"enemies":"Gensokyo:Gryphon","floor":15,"turns":3},{"damage":11,"enemies":"Gensokyo:VengefulSpirit","floor":16,"turns":4},{"damage":33,"enemies":"Gensokyo:Yukari","floor":18,"turns":11},{"damage":3,"enemies":"Gensokyo:AngelMirror","floor":20,"turns":3},{"damage":8,"enemies":"Gensokyo:3_Dogs","floor":21,"turns":4},{"damage":25,"enemies":"Gensokyo:Slime_Group","floor":22,"turns":3},{"damage":2,"enemies":"Gensokyo:Chomper_and_Gloop","floor":23,"turns":4},{"damage":28,"enemies":"Nightmare","floor":25,"turns":7}],"seed_played":"6848022938425857863","potions_obtained":[{"floor":1,"key":"DistilledChaos"},{"floor":10,"key":"LifebloodPotion"},{"floor":15,"key":"Block Potion"},{"floor":20,"key":"Strength Potion"},{"floor":21,"key":"Toxic Potion"}],"is_trial":false,"path_per_floor":["M","?","M","?","?","PTL","PTL","E","R","E","T","E","$","$","M","M","R","B",null,"M","M","M","M","T","NM"],"character_chosen":"KOISHI","items_purchased":["Koishi:ConfinedInnocent","Koishi:SpiritedAway"],"campfire_rested":0,"item_purchase_floors":[0,13],"current_hp_per_floor":[53,53,57,57,48,48,48,40,40,39,39,39,39,39,41,32,50,23,60,57,53,28,28,28,0,0],"gold":222,"neow_bonus":"","is_daily":false,"chose_seed":false,"campfire_upgraded":0,"win_rate":0.0,"timestamp":1610033040,"path_taken":["M","?","?","?","?","PTL","PTL","E","R","E","T","E","?","$","M","?","R","BOSS","M","M","M","M","?","NM"],"items_purchased_type":["Card","Card"],"build_version":"2020-12-22","purchased_purges":2,"victory":false,"max_hp_per_floor":[60,60,60,60,60,60,60,60,60,60,60,60,60,60,60,60,60,60,60,60,60,60,60,60,60,60],"card_choices":[{"not_picked":["Koishi:StingingMind","Koishi:PhantomBarrier"],"picked":"Koishi:UnansweredLove","floor":1},{"not_picked":["Koishi:PredatoryInstincts","Koishi:SubterraneanRose","Koishi:BloodcurdlingScream"],"picked":"SKIP","floor":3},{"not_picked":["Koishi:RacingHeart","Koishi:MassHysteria"],"picked":"Koishi:DNAsFlaw","floor":8},{"not_picked":["Koishi:SubterraneanRose","Koishi:RacingHeart"],"picked":"Koishi:PhilosophyOfTheDespised","floor":10},{"not_picked":["Koishi:EmbryosDream","Koishi:MassHysteria","Koishi:RuptureMind"],"picked":"SKIP","floor":12},{"not_picked":["Koishi:GeneticsOfTheUnconscious","Koishi:MindNumbingTerror"],"picked":"Koishi:Vanish","floor":15},{"not_picked":["Koishi:SubconsciousSweep","Koishi:RacingHeart"],"picked":"Koishi:DNAsFlaw","floor":16},{"not_picked":["Koishi:MindStellarRelief","Koishi:Heartbroken"],"picked":"Koishi:GrowingPain","floor":18},{"not_picked":["Koishi:JumpScare+1","Koishi:LastRemote","Koishi:StingingMind"],"picked":"SKIP","floor":20},{"not_picked":["Koishi:JumpScare+1","Koishi:LastRemote","Koishi:StingingMind"],"picked":"SKIP","floor":20},{"not_picked":["Koishi:TraumaticStroke","Koishi:IdleWhim","Koishi:LastRemote"],"picked":"SKIP","floor":21},{"not_picked":["Koishi:DreadfulBlow","Koishi:RuptureMind","Koishi:CatchAndRose+1"],"picked":"SKIP","floor":22},{"not_picked":["Koishi:Prune","Koishi:SprinkleStarAndHeart"],"picked":"Koishi:Vanish","floor":23}],"player_experience":271898,"relics_obtained":[{"floor":8,"key":"Gensokyo:OccultBall"},{"floor":8,"key":"infinitespire:PuzzleCube"},{"floor":10,"key":"hubris:64BitClover"},{"floor":11,"key":"Replay:Baseball"},{"floor":12,"key":"Pen Nib"},{"floor":18,"key":"Gensokyo:OccultBall"},{"floor":23,"key":"Replay:Bandana"}],"event_choices":[],"is_beta":false,"boss_relics":[{"not_picked":["hubris:HollowSoul","Coffee Dripper"],"picked":"Philosopher\u0027s Stone"}],"items_purged_floors":[0,13],"is_endless":false,"potions_floor_spawned":[1,10,15,20,21],"killed_by":"Nightmare","ascension_level":2}}