{"host":"3hht5vm6iswgqu4y","time":1610053222,"event":{"mods":["BaseMod","Curses Come First","Hermit","Minty Spire (QoL Compilation)","Relic Stats","StSLib"],"gold_per_floor":[114,114,133,152,152,152,152],"floor_reached":6,"playtime":7810,"items_purged":[],"score":36,"play_id":"c0f08a78-878d-41cb-b030-fad3a4fbe59b","local_time":"20210107160022","daily_mods":["SealedDeck","Green Cards","Lethality"],"is_ascension_mode":false,"campfire_choices":[],"circlet_count":0,"master_deck":["hermit:LoneWolf","hermit:ItchyTrigger","hermit:Headshot","hermit:Dive","hermit:LowProfile","hermit:Horror","hermit:Vantage","hermit:BigShot","hermit:DeadMansHand","hermit:BodyArmor","hermit:Grudge","Injury","hermit:Combo","hermit:Vantage"],"relics":["hermit:Momento","Golden Idol","hermit:Spyglass"],"acts_visited":["Exordium"],"potions_floor_usage":[],"damage_taken":[{"damage":4,"enemies":"Jaw Worm","floor":1,"turns":3},{"damage":0,"enemies":"2 Louse","floor":3,"turns":2},{"damage":12,"enemies":"Cultist","floor":4,"turns":4},{"damage":36,"enemies":"Gremlin Nob","floor":6,"turns":3}],"seed_played":"8350349167999303424","potions_obtained":[{"floor":3,"key":"Fire Potion"}],"is_trial":false,"path_per_floor":["M","?","M","M","?","E"],"character_chosen":"HERMIT","items_purchased":[],"campfire_rested":0,"item_purchase_floors":[],"current_hp_per_floor":[71,71,71,59,34,0,0],"gold":152,"neow_bonus":"","is_daily":true,"chose_seed":false,"campfire_upgraded":0,"win_rate":0.0,"timestamp":1610053222,"path_taken":["M","?","M","M","?","E"],"items_purchased_type":[],"build_version":"2020-12-22","purchased_purges":0,"victory":false,"max_hp_per_floor":[75,75,75,75,75,75,75],"relic_stats":{"counters":[4,12],"Golden Idol":8,"obtain_stats":[{"Golden Idol":2,"hermit:Momento":0,"hermit:Spyglass":5},{"Golden Idol":1,"hermit:Momento":0,"hermit:Spyglass":3},{"Golden Idol":3,"hermit:Momento":0,"hermit:Spyglass":9}]},"card_choices":[{"not_picked":["hermit:ItchyTrigger","hermit:Snipe"],"picked":"hermit:Grudge","floor":1},{"not_picked":["hermit:ShadowCloak","hermit:Quickdraw"],"picked":"hermit:Combo","floor":3},{"not_picked":["hermit:Midnight","hermit:Headshot"],"picked":"hermit:Vantage","floor":4}],"player_experience":810206,"relics_obtained":[],"event_choices":[{"damage_healed":0,"gold_gain":0,"player_choice":"Take Wound","damage_taken":0,"relics_obtained":["Golden Idol"],"max_hp_gain":0,"max_hp_loss":0,"event_name":"Golden Idol","floor":2,"gold_loss":0,"cards_obtained":["Injury"]},{"damage_healed":0,"gold_gain":0,"player_choice":"Success","damage_taken":25,"relics_obtained":["hermit:Spyglass"],"max_hp_gain":0,"max_hp_loss":0,"event_name":"Scrap Ooze","floor":5,"gold_loss":0}],"is_beta":false,"boss_relics":[],"items_purged_floors":[],"is_endless":false,"potions_floor_spawned":[3],"killed_by":"Gremlin Nob","ascension_level":0}}