{"host":"r6da5kb9dzaaglw2","time":1610009006,"event":{"mods":["AchievementEnabler","BaseMod","Colored Powertips","Duelist Mod","GifTheSpireLib","Minty Spire (QoL Compilation)","StSLib"],"gold_per_floor":[137,153,54,54,107,138,152,152,179,193,118,135,135,160,160,255,255,266,266,284,301,301,327,344,244,314,344,364,364,376,407,407,507,507,507,507],"floor_reached":35,"playtime":3778,"items_purged":["Regret","theDuelist:ToonWorld"],"score":515,"play_id":"80930b14-2e19-4b8c-84b2-ce6c9b2e9690","local_time":"20210107094326","is_ascension_mode":false,"campfire_choices":[{"data":"theDuelist:Polymerization","floor":8.0,"key":"SMITH"},{"data":"theDuelist:ToonKingdom","floor":13,"key":"SMITH"},{"floor":15,"key":"RECALL"},{"data":"theDuelist:ShadowToon","floor":32,"key":"SMITH"}],"circlet_count":0,"master_deck":["theDuelist:ToonCannonSoldier","Madness","theDuelist:ToonBarrelDragon","theDuelist:ToonAncientGear","theDuelist:ToonAncientGear","theDuelist:ShadowToon+1","theDuelist:Polymerization+1","theDuelist:ToonSummonedSkull","theDuelist:ToonMermaid","theDuelist:ToonAncientGear","theDuelist:ToonKingdom+1","theDuelist:ToonDarkMagicianGirl","theDuelist:MangaRyuRan","Necronomicurse","theDuelist:ToonAncientGear+1","theDuelist:ToonMaskedSorcerer","theDuelist:ToonCannonSoldier","theDuelist:WingedKuribohLv10","theDuelist:ToonMermaid","theDuelist:HeartUnderdog","theDuelist:ToonAncientGear","theDuelist:BlueEyesToon","theDuelist:ToonSummonedSkull"],"relics":["theDuelist:MillenniumPuzzle","theDuelist:CardPoolRelic","theDuelist:CardPoolBasicRelic","theDuelist:BoosterPackPoolRelic","theDuelist:CardPoolAddRelic","theDuelist:CardPoolMinusRelic","theDuelist:CardPoolSaveRelic","theDuelist:CardPoolOptionsRelic","NeowsBlessing","Art of War","Bird Faced Urn","Prayer Wheel","theDuelist:ResummonBranch","Bag of Marbles","Toy Ornithopter","theDuelist:HauntedRelic","Necronomicon","theDuelist:ZoneToken","Sundial","theDuelist:SolderToken","Ginger","Pandora\u0027s Box"],"acts_visited":["Exordium","TheCity","TheBeyond"],"potions_floor_usage":[23,24],"damage_taken":[{"damage":0.0,"enemies":"Cultist","floor":1.0,"turns":1.0},{"damage":0.0,"enemies":"2 Louse","floor":2.0,"turns":1.0},{"damage":0.0,"enemies":"2 Louse","floor":5.0,"turns":1.0},{"damage":29.0,"enemies":"Lagavulin","floor":6.0,"turns":6.0},{"damage":3.0,"enemies":"Jaw Worm","floor":7.0,"turns":2.0},{"damage":1.0,"enemies":"Blue Slaver","floor":10.0,"turns":3.0},{"damage":5.0,"enemies":"Large Slime","floor":12.0,"turns":5.0},{"damage":0,"enemies":"Hexaghost","floor":16,"turns":5},{"damage":0,"enemies":"Spheric Guardian","floor":18,"turns":1},{"damage":8,"enemies":"Shell Parasite","floor":20,"turns":4},{"damage":15,"enemies":"Gremlin Leader","floor":23,"turns":3},{"damage":3,"enemies":"Snecko","floor":24,"turns":3},{"damage":25,"enemies":"theDuelist:KaibaA2","floor":27,"turns":5},{"damage":0,"enemies":"Snake Plant","floor":28,"turns":2},{"damage":1,"enemies":"Cultist and Chosen","floor":30,"turns":4},{"damage":30,"enemies":"Gremlin Leader","floor":31,"turns":5},{"damage":5,"enemies":"Champ","floor":33,"turns":1},{"damage":32,"enemies":"3 Darklings","floor":35,"turns":3}],"seed_played":"-7702477323629100723","potions_obtained":[{"floor":5.0,"key":"theDuelist:SealedPackC"},{"floor":6.0,"key":"theDuelist:SealedPackB"},{"floor":12,"key":"theDuelist:WhiteBottle"},{"floor":20,"key":"theDuelist:BigOrbBottle"},{"floor":23,"key":"theDuelist:SummonFuryPotion"},{"floor":30,"key":"Explosive Potion"},{"floor":33,"key":"theDuelist:WaterBottle"}],"is_trial":false,"path_per_floor":["M","M","$","?","?","E","M","R","T","M","$","M","R","T","R","B",null,"M","?","M","?","?","E","M","$","T","E","M","?","M","E","R","B",null,"M"],"character_chosen":"THE_DUELIST","items_purchased":["theDuelist:ShadowToon","theDuelist:ToonBarrelDragon"],"campfire_rested":0,"item_purchase_floors":[3,3],"current_hp_per_floor":[80,80,80,80,80,51,48,48,48,51,51,52,52,52,52,64,80,80,64,62,62,62,60,72,72,72,55,62,62,63,44,44,49,80,52,52],"gold":507,"neow_bonus":"THREE_ENEMY_KILL","is_daily":false,"chose_seed":false,"campfire_upgraded":3,"win_rate":0.0,"timestamp":1610009006,"path_taken":["M","M","$","?","?","E","M","R","T","M","?","M","R","?","R","BOSS","M","?","M","?","?","E","M","$","T","E","M","?","M","E","R","BOSS","M"],"items_purchased_type":["Card","Card"],"build_version":"2020-12-22","purchased_purges":2,"victory":false,"max_hp_per_floor":[80,80,80,80,80,80,80,80,80,80,80,80,80,80,80,80,80,80,80,80,80,80,80,80,80,80,80,80,80,80,80,80,80,80,80,80],"card_choices":[{"not_picked":["theDuelist:AttackTheMoon","theDuelist:GraniteLoyalist","theDuelist:Hinotama","theDuelist:LightningVortex","theDuelist:LightningRodLord"],"picked":"SKIP","floor":1.0},{"not_picked":["theDuelist:BattleguardKing","theDuelist:GaiaMidNightSun","theDuelist:LightningVortex","theDuelist:WormWarlord","theDuelist:SolemnStrike"],"picked":"SKIP","floor":2.0},{"not_picked":["theDuelist:ToonDarkMagician","theDuelist:ToonDefense","theDuelist:BlueEyesToon","theDuelist:ToonWorld"],"picked":"theDuelist:ToonCannonSoldier","floor":5.0},{"not_picked":["Jack Of All Trades","Panache","Swift Strike"],"picked":"Madness","floor":6.0},{"not_picked":["theDuelist:ToonMermaid","theDuelist:FlyingSaucer","theDuelist:CheerfulCoffin","theDuelist:ToonDefense"],"picked":"theDuelist:ToonAncientGear","floor":7.0},{"not_picked":["theDuelist:FuryFire","theDuelist:WormApocalypse","theDuelist:RockSunrise","theDuelist:BigKoala"],"picked":"theDuelist:Polymerization","floor":7.0},{"not_picked":["theDuelist:ToonMermaid","theDuelist:CheerfulCoffin","theDuelist:RedEyesToon","theDuelist:SpellShatteringArrow"],"picked":"theDuelist:ToonAncientGear","floor":10.0},{"not_picked":["theDuelist:DokiDoki","theDuelist:DummyGolem","theDuelist:EarthEffigy","theDuelist:GemElephant","theDuelist:MillenniumGolem"],"picked":"SKIP","floor":10.0},{"not_picked":["theDuelist:MangaRyuRan","theDuelist:ToonMermaid","theDuelist:FlyingSaucer","theDuelist:CheerfulCoffin"],"picked":"theDuelist:ToonKingdom","floor":12},{"not_picked":["theDuelist:ToonDarkMagician","theDuelist:ToonGeminiElf","theDuelist:ToonGoblin","theDuelist:HeartUnderdog"],"picked":"theDuelist:ToonDarkMagicianGirl","floor":12},{"not_picked":["theDuelist:ToonMermaid","theDuelist:ToonBarrelDragon","theDuelist:SpellShatteringArrow","theDuelist:CheerfulCoffin"],"picked":"theDuelist:ToonAncientGear","floor":18},{"not_picked":["theDuelist:SpellShatteringArrow+1","theDuelist:CheerfulCoffin","theDuelist:FlyingSaucer","theDuelist:ToonBarrelDragon","theDuelist:ToonBriefcase"],"picked":"SKIP","floor":18},{"not_picked":["theDuelist:FuryFire+1","theDuelist:LightningVortex","theDuelist:PowerGiant","theDuelist:RainbowOverdragon","theDuelist:Raigeki"],"picked":"SKIP","floor":20},{"not_picked":["theDuelist:ToonMermaid","theDuelist:CheerfulCoffin","theDuelist:MangaRyuRan","theDuelist:RedEyesToon","theDuelist:ToonDarkMagician"],"picked":"SKIP","floor":20},{"not_picked":["theDuelist:RedEyesToon+1","theDuelist:FlyingSaucer","theDuelist:CheerfulCoffin","theDuelist:ToonBarrelDragon"],"picked":"theDuelist:ToonAncientGear+1","floor":23},{"not_picked":["theDuelist:RedEyesToon","theDuelist:ToonBarrelDragon","theDuelist:FlyingSaucer","theDuelist:ToonAncientGear"],"picked":"theDuelist:ToonMaskedSorcerer","floor":24},{"not_picked":["theDuelist:BigFire","theDuelist:GilfordLegend","theDuelist:MillenniumGolem","theDuelist:WormKing","theDuelist:RainbowOverdragon+1"],"picked":"SKIP","floor":24},{"not_picked":["theDuelist:ToonMermaid","theDuelist:CheerfulCoffin","theDuelist:ToonAncientGear","theDuelist:SpellShatteringArrow","theDuelist:MangaRyuRan+1"],"picked":"SKIP","floor":27},{"not_picked":["theDuelist:RedEyesToon","theDuelist:ToonAncientGear","theDuelist:ToonMermaid+1","theDuelist:FlyingSaucer","theDuelist:TributeDoomed+1"],"picked":"SKIP","floor":28},{"not_picked":["theDuelist:SpellShatteringArrow","theDuelist:MangaRyuRan","theDuelist:ComicHand","theDuelist:RedEyesToon","theDuelist:ToonMaskedSorcerer+1"],"picked":"SKIP","floor":28},{"not_picked":["theDuelist:ToonSummonedSkull","theDuelist:ToonAncientGear","theDuelist:FlyingSaucer","theDuelist:ToonMagic"],"picked":"theDuelist:ToonCannonSoldier","floor":30},{"not_picked":["theDuelist:ToonCannonSoldier","theDuelist:ToonSummonedSkull","theDuelist:MangaRyuRan","theDuelist:RedEyesToon","theDuelist:MonsterEgg+1"],"picked":"SKIP","floor":30},{"not_picked":["theDuelist:AttackTheMoon+1","theDuelist:DestroyerGolem","theDuelist:GaiaMidNightSun","theDuelist:LightningRodLord","theDuelist:MudragonSwamp"],"picked":"SKIP","floor":31},{"not_picked":["theDuelist:Blockman","theDuelist:Mathematician","theDuelist:Raigeki","theDuelist:RainbowJar"],"picked":"theDuelist:WingedKuribohLv10","floor":33}],"player_experience":458238,"relics_obtained":[{"floor":5.0,"key":"Bird Faced Urn"},{"floor":5.0,"key":"Prayer Wheel"},{"floor":5.0,"key":"theDuelist:ResummonBranch"},{"floor":6.0,"key":"Bag of Marbles"},{"floor":9.0,"key":"Toy Ornithopter"},{"floor":19,"key":"Necronomicon"},{"floor":23,"key":"theDuelist:ZoneToken"},{"floor":26,"key":"Sundial"},{"floor":27,"key":"theDuelist:SolderToken"},{"floor":31,"key":"Ginger"}],"event_choices":[{"damage_healed":0.0,"max_hp_gain":0.0,"max_hp_loss":0.0,"gold_gain":0.0,"event_name":"Big Fish","player_choice":"Box","floor":4.0,"gold_loss":0.0,"damage_taken":0.0,"relics_obtained":["Art of War"],"cards_obtained":["Regret"]},{"damage_healed":0.0,"max_hp_gain":0.0,"max_hp_loss":0.0,"gold_gain":0.0,"event_name":"Battle City","player_choice":"Fight","duelist":true,"floor":5.0,"gold_loss":0.0,"damage_taken":0.0},{"damage_healed":0,"gold_gain":0,"player_choice":"Obtained Book","damage_taken":16,"max_hp_gain":0,"max_hp_loss":0,"event_name":"Cursed Tome","floor":19,"gold_loss":0},{"damage_healed":0,"gold_gain":0,"player_choice":"Sold Toon Ancient Gear for 17 Gold.","duelist":true,"damage_taken":0,"max_hp_gain":0,"max_hp_loss":0,"event_name":"Card Trader","floor":21,"gold_loss":0},{"damage_healed":0,"gold_gain":0,"player_choice":"Ignored","damage_taken":0,"max_hp_gain":0,"max_hp_loss":0,"event_name":"Ghosts","floor":22,"gold_loss":0},{"damage_healed":0,"gold_gain":0,"player_choice":"Leave","duelist":true,"damage_taken":0,"max_hp_gain":0,"max_hp_loss":0,"event_name":"Tomb of the Nameless","floor":29,"gold_loss":0}],"is_beta":false,"boss_relics":[{"not_picked":["SacredBark","Fusion Hammer"],"picked":"theDuelist:HauntedRelic"},{"not_picked":["Tiny House","Mark of Pain"],"picked":"Pandora\u0027s Box"}],"items_purged_floors":[11,25],"is_endless":false,"potions_floor_spawned":[5,6,12,16,20,23,30,33],"killed_by":"3 Darklings","ascension_level":0}}