{"host":"qdfumeom6htv8yxl","time":1610037620,"event":{"mods":["AchievementEnabler","BaseMod","Block Reminder","Minty Spire (QoL Compilation)","Quick Restart","Relic Stats"],"gold_per_floor":[113,133,58,75,87,87,87,87,141,32,32,32,32,32],"floor_reached":13,"playtime":681,"items_purged":["Clumsy"],"score":139,"play_id":"d78f24c5-4c3d-4720-9eeb-a6d0d28bf10c","local_time":"20210107104020","is_ascension_mode":true,"campfire_choices":[{"data":"Neutralize","floor":6,"key":"SMITH"},{"floor":11,"key":"REST"}],"circlet_count":0,"master_deck":["AscendersBane","Strike_G","Strike_G","Defend_G","Defend_G","Defend_G","Defend_G","Defend_G","Survivor","Neutralize+1","Escape Plan","Reflex","Backflip","Backstab","Underhanded Strike","Tactician","Cloak And Dagger","Dagger Throw","Dodge and Roll"],"relics":["Ring of the Snake","Orichalcum","Strawberry"],"acts_visited":[],"potions_floor_usage":[5],"damage_taken":[{"damage":5.0,"enemies":"Jaw Worm","floor":1.0,"turns":8.0},{"damage":4.0,"enemies":"Small Slimes","floor":2.0,"turns":6.0},{"damage":0.0,"enemies":"2 Louse","floor":4.0,"turns":5.0},{"damage":19,"enemies":"Gremlin Gang","floor":5,"turns":7},{"damage":18,"enemies":"Gremlin Nob","floor":13,"turns":4}],"seed_played":"5395622964309408018","potions_obtained":[{"floor":1.0,"key":"Ancient Potion"},{"floor":2.0,"key":"EssenceOfSteel"}],"is_trial":false,"path_per_floor":["M","M","$","M","M","R","?","?","T","$","R","?","E"],"character_chosen":"THE_SILENT","items_purchased":["Dagger Throw","Dodge and Roll"],"campfire_rested":1,"item_purchase_floors":[10,10],"current_hp_per_floor":[54,50,50,50,31,31,31,20,27,27,48,48,30,30],"gold":32,"neow_bonus":"TRANSFORM_TWO_CARDS","is_daily":false,"chose_seed":false,"campfire_upgraded":1,"win_rate":0.0,"timestamp":1610037620,"path_taken":["M","M","$","M","M","R","?","?","T","$","R","?","E"],"items_purchased_type":["Card","Card"],"build_version":"2020-12-22","purchased_purges":1,"victory":false,"max_hp_per_floor":[66,66,66,66,66,66,66,66,73,73,73,73,73,73],"relic_stats":{"counters":[5,30],"Orichalcum":[0],"obtain_stats":[{"Strawberry":9,"Orichalcum":8,"Ring of the Snake":0},{"Strawberry":4,"Orichalcum":4,"Ring of the Snake":0},{"Strawberry":26,"Orichalcum":26,"Ring of the Snake":0}],"Ring of the Snake":[10]},"card_choices":[{"not_picked":["Expertise","Choke"],"picked":"Backflip","floor":1.0},{"not_picked":["Concentrate","Quick Slash"],"picked":"Backstab","floor":2.0},{"not_picked":["Well Laid Plans","Outmaneuver"],"picked":"Underhanded Strike","floor":4.0},{"not_picked":["Terror","Finisher"],"picked":"Tactician","floor":5}],"player_experience":1714918,"relics_obtained":[{"floor":9,"key":"Strawberry"}],"event_choices":[{"damage_healed":0,"gold_gain":0,"cards_transformed":["Strike_G"],"player_choice":"Change","damage_taken":0,"max_hp_gain":0,"max_hp_loss":0,"event_name":"Living Wall","floor":7,"gold_loss":0,"cards_obtained":["Cloak And Dagger"]},{"damage_healed":0,"gold_gain":0,"player_choice":"Success","damage_taken":11,"relics_obtained":["Orichalcum"],"max_hp_gain":0,"max_hp_loss":0,"event_name":"Scrap Ooze","floor":8,"gold_loss":0},{"damage_healed":0,"gold_gain":0,"player_choice":"Ignored","damage_taken":0,"max_hp_gain":0,"max_hp_loss":0,"event_name":"Liars Game","floor":12,"gold_loss":0}],"is_beta":false,"boss_relics":[],"items_purged_floors":[3],"is_endless":false,"potions_floor_spawned":[1,2],"killed_by":"Gremlin Nob","ascension_level":18}}