{"host":"uv231blk40vjdojr","time":1610021534,"event":{"mods":["BaseMod","Minty Spire (QoL Compilation)","Relic Stats"],"gold_per_floor":[114,133,133,148,174,207,207,227,227,238,238,264,275,307,307,385,385,396,396,23,34,34,69,69,99,173,173,173,173,187,222,234,246,246],"floor_reached":33,"playtime":1622,"items_purged":["Strike_G"],"score":734,"play_id":"9604d67f-ddf8-4671-80ca-d8902e3446d0","local_time":"20210107131214","is_ascension_mode":true,"campfire_choices":[{"floor":7.0,"key":"REST"},{"data":"Blade Dance","floor":11.0,"key":"SMITH"},{"data":"Die Die Die","floor":15,"key":"SMITH"},{"floor":24,"key":"REST"},{"data":"Leg Sweep","floor":28,"key":"SMITH"},{"data":"Backflip","floor":32,"key":"SMITH"}],"circlet_count":0,"master_deck":["AscendersBane","Defend_G+1","Defend_G","Defend_G+1","Defend_G","Defend_G","Survivor","Neutralize+1","Quick Slash","Leg Sweep+1","Quick Slash","Die Die Die+1","Blade Dance+1","Terror","Venomology","Bite","Bite","Bite","Bite","Bite","Backflip+1"],"relics":["Ring of the Snake","Whetstone","Smiling Mask","Vajra","Pear","War Paint","Bronze Scales","Busted Crown","Enchiridion","Nunchaku","Toolbox","Mummified Hand","HornCleat","White Beast Statue","MawBank"],"acts_visited":["Exordium","TheCity"],"potions_floor_usage":[14,16,18,23,23,25,31,33,33],"damage_taken":[{"damage":1.0,"enemies":"Small Slimes","floor":1.0,"turns":3.0},{"damage":0.0,"enemies":"Cultist","floor":2.0,"turns":4.0},{"damage":2.0,"enemies":"2 Louse","floor":4.0,"turns":4.0},{"damage":58.0,"enemies":"Lagavulin","floor":6.0,"turns":10.0},{"damage":0.0,"enemies":"2 Fungi Beasts","floor":8.0,"turns":3.0},{"damage":14.0,"enemies":"Large Slime","floor":10.0,"turns":6.0},{"damage":0.0,"enemies":"Gremlin Nob","floor":12.0,"turns":3.0},{"damage":0.0,"enemies":"Lots of Slimes","floor":13.0,"turns":2.0},{"damage":6,"enemies":"3 Sentries","floor":14,"turns":7},{"damage":7,"enemies":"Slime Boss","floor":16,"turns":7},{"damage":1,"enemies":"2 Thieves","floor":18,"turns":2},{"damage":0,"enemies":"Spheric Guardian","floor":21,"turns":3},{"damage":20,"enemies":"Gremlin Leader","floor":23,"turns":5},{"damage":0,"enemies":"Book of Stabbing","floor":25,"turns":3},{"damage":3,"enemies":"Centurion and Healer","floor":30,"turns":4},{"damage":9,"enemies":"Slavers","floor":31,"turns":5},{"damage":73,"enemies":"Automaton","floor":33,"turns":8}],"seed_played":"2219447081975286405","potions_obtained":[{"floor":2.0,"key":"Regen Potion"},{"floor":3.0,"key":"Weak Potion"},{"floor":6.0,"key":"SmokeBomb"},{"floor":8.0,"key":"Strength Potion"},{"floor":13.0,"key":"Regen Potion"},{"floor":16,"key":"CunningPotion"},{"floor":18,"key":"EssenceOfSteel"},{"floor":31,"key":"DistilledChaos"}],"is_trial":false,"path_per_floor":["M","M","?","M","T","E","R","M","T","M","R","E","M","E","R","B",null,"M","?","$","M","?","E","R","E","T","?","R","?","M","E","R","B"],"character_chosen":"THE_SILENT","items_purchased":["Nunchaku","Toolbox"],"campfire_rested":2,"item_purchase_floors":[20,20],"current_hp_per_floor":[58,58,58,56,56,13,32,32,42,28,28,28,28,37,37,30,65,64,43,43,43,58,38,60,60,60,53,53,53,53,50,50,0,0],"gold":246,"neow_bonus":"RANDOM_COMMON_RELIC","is_daily":false,"chose_seed":false,"campfire_upgraded":4,"win_rate":0.0,"timestamp":1610021534,"path_taken":["M","M","?","?","?","E","R","M","T","M","R","E","M","E","R","BOSS","M","?","$","M","?","E","R","E","T","?","R","?","M","E","R","BOSS"],"items_purchased_type":["Relic","Relic"],"build_version":"2020-12-22","purchased_purges":1,"victory":false,"max_hp_per_floor":[66,66,66,66,66,66,66,66,76,76,76,76,76,76,76,76,76,76,76,76,76,76,76,76,76,76,53,53,53,53,53,53,53,53],"relic_stats":{"Nunchaku":[10],"Busted Crown":12,"counters":[17,79],"Mummified Hand":[8],"Bronze Scales":[85],"Whetstone":["Neutralize","Strike_G"],"War Paint":["Defend_G","Defend_G"],"Smiling Mask":25,"MawBank":24,"obtain_stats":[{"Pear":9,"Vajra":6,"Enchiridion":19,"Whetstone":0,"War Paint":12,"Smiling Mask":5,"MawBank":31,"White Beast Statue":26,"Nunchaku":20,"Busted Crown":17,"HornCleat":25,"Mummified Hand":23,"Bronze Scales":14,"Toolbox":20,"Ring of the Snake":0},{"Pear":5,"Vajra":4,"Enchiridion":11,"Whetstone":0,"War Paint":7,"Smiling Mask":3,"MawBank":16,"White Beast Statue":14,"Nunchaku":11,"Busted Crown":10,"HornCleat":14,"Mummified Hand":13,"Bronze Scales":9,"Toolbox":11,"Ring of the Snake":0},{"Pear":24,"Vajra":21,"Enchiridion":51,"Whetstone":0,"War Paint":33,"Smiling Mask":11,"MawBank":71,"White Beast Statue":62,"Nunchaku":51,"Busted Crown":49,"HornCleat":62,"Mummified Hand":59,"Bronze Scales":42,"Toolbox":51,"Ring of the Snake":0}],"Ring of the Snake":[34]},"card_choices":[{"not_picked":["Cloak And Dagger","Well Laid Plans"],"picked":"Quick Slash","floor":1.0},{"not_picked":["Underhanded Strike","Prepared"],"picked":"Leg Sweep","floor":2.0},{"not_picked":["Cloak And Dagger","Tactician"],"picked":"Quick Slash","floor":4.0},{"not_picked":["Endless Agony","Outmaneuver"],"picked":"Die Die Die","floor":6.0},{"not_picked":["Outmaneuver","Quick Slash","PiercingWail"],"picked":"SKIP","floor":8.0},{"not_picked":["Deflect","Heel Hook"],"picked":"Blade Dance","floor":10.0},{"not_picked":["Backstab","Cloak And Dagger"],"picked":"Terror","floor":12.0},{"not_picked":["Sucker Punch","Quick Slash","Acrobatics"],"picked":"SKIP","floor":13.0},{"not_picked":["Dagger Throw","PiercingWail","Eviscerate"],"picked":"SKIP","floor":14},{"not_picked":["Night Terror","Malaise"],"picked":"Venomology","floor":16},{"not_picked":["PiercingWail+1"],"picked":"SKIP","floor":18},{"not_picked":["Flying Knee"],"picked":"SKIP","floor":21},{"not_picked":["Sucker Punch"],"picked":"SKIP","floor":23},{"not_picked":["Flying Knee"],"picked":"SKIP","floor":25},{"not_picked":["Deflect"],"picked":"SKIP","floor":30},{"not_picked":[],"picked":"Backflip","floor":31}],"player_experience":595653,"relics_obtained":[{"floor":5.0,"key":"Smiling Mask"},{"floor":6.0,"key":"Vajra"},{"floor":9.0,"key":"Pear"},{"floor":12.0,"key":"War Paint"},{"floor":14,"key":"Bronze Scales"},{"floor":19,"key":"Enchiridion"},{"floor":23,"key":"Mummified Hand"},{"floor":25,"key":"HornCleat"},{"floor":26,"key":"White Beast Statue"},{"floor":31,"key":"MawBank"}],"event_choices":[{"damage_healed":0.0,"max_hp_gain":0.0,"max_hp_loss":0.0,"gold_gain":0.0,"event_name":"Lab","player_choice":"Got Potions","floor":3.0,"gold_loss":0.0,"damage_taken":0.0},{"damage_healed":0,"gold_gain":0,"player_choice":"Obtained Book","damage_taken":21,"max_hp_gain":0,"max_hp_loss":0,"event_name":"Cursed Tome","floor":19,"gold_loss":0},{"damage_healed":15,"gold_gain":0,"player_choice":"Heal","damage_taken":0,"max_hp_gain":0,"max_hp_loss":0,"event_name":"The Library","floor":22,"gold_loss":0},{"damage_healed":0,"gold_gain":0,"player_choice":"Became a vampire","damage_taken":0,"max_hp_gain":0,"max_hp_loss":23,"event_name":"Vampires","floor":27,"gold_loss":0,"cards_obtained":["Bite","Bite","Bite","Bite","Bite"]},{"damage_healed":0,"gold_gain":0,"player_choice":"Ignored","damage_taken":0,"max_hp_gain":0,"max_hp_loss":0,"event_name":"Ghosts","floor":29,"gold_loss":0}],"is_beta":false,"boss_relics":[{"not_picked":["Velvet Choker","Empty Cage"],"picked":"Busted Crown"}],"items_purged_floors":[20],"is_endless":false,"potions_floor_spawned":[2,6,8,13,16,18,30,31],"killed_by":"Automaton","ascension_level":18}}