{"host":"qekv59dthhdg54sz","time":1610003771,"event":{"mods":["AchievementEnabler","BaseMod","Colored Map","DeckTracker","KOR Keyword Fix","Minty Spire (QoL Compilation)","Rare Cards Sparkle","StSLib","SuperFastMode"],"gold_per_floor":[116,116,139,158,171,171,171,15,41,65,65,65,103,118,143,143,239,239,263,278,278,278],"floor_reached":21,"playtime":726,"items_purged":["Strike_G"],"score":366,"play_id":"087ca8cc-b2de-47d9-b42a-b1983e44cf72","local_time":"20210107161611","is_ascension_mode":true,"campfire_choices":[{"data":"Acrobatics","floor":6.0,"key":"SMITH"},{"floor":12.0,"key":"REST"},{"floor":16.0,"key":"REST"}],"circlet_count":0,"master_deck":["AscendersBane","Strike_G","Strike_G","Strike_G","Strike_G","Defend_G","Defend_G","Defend_G","Defend_G","Defend_G","Survivor","Neutralize","The Bomb","Dagger Spray","Venomology","Acrobatics+1","Well Laid Plans","PiercingWail","Footwork","After Image","Reflex"],"relics":["Ring of the Snake","Golden Idol","Oddly Smooth Stone","Bag of Marbles","The Courier","HoveringKite"],"acts_visited":["Exordium","TheCity"],"potions_floor_usage":[17,17,20,21],"damage_taken":[{"damage":1.0,"enemies":"2 Louse","floor":1.0,"turns":4.0},{"damage":5.0,"enemies":"Small Slimes","floor":3.0,"turns":5.0},{"damage":7.0,"enemies":"Jaw Worm","floor":4.0,"turns":3.0},{"damage":6.0,"enemies":"Looter","floor":5.0,"turns":3.0},{"damage":0.0,"enemies":"Blue Slaver","floor":10.0,"turns":3.0},{"damage":12.0,"enemies":"3 Sentries","floor":13.0,"turns":4.0},{"damage":3.0,"enemies":"Large Slime","floor":14.0,"turns":5.0},{"damage":0.0,"enemies":"Blue Slaver","floor":15.0,"turns":4.0},{"damage":9,"enemies":"The Guardian","floor":17,"turns":17},{"damage":12,"enemies":"Spheric Guardian","floor":19,"turns":9},{"damage":17,"enemies":"2 Thieves","floor":20,"turns":4},{"damage":6,"enemies":"Cultist and Chosen","floor":21,"turns":3}],"seed_played":"7885946832605664939","potions_obtained":[{"floor":1.0,"key":"Energy Potion"},{"floor":4.0,"key":"SteroidPotion"},{"floor":13.0,"key":"Energy Potion"},{"floor":14.0,"key":"GamblersBrew"}],"is_trial":false,"path_per_floor":["M","?","M","M","M","R","?","$","T","M","M","R","E","M","M","R","B",null,"M","M","M"],"character_chosen":"THE_SILENT","items_purchased":["Well Laid Plans"],"campfire_rested":2,"item_purchase_floors":[8],"current_hp_per_floor":[43,43,38,31,25,25,7,7,7,7,7,25,13,10,10,28,19,50,38,21,15,15],"gold":278,"neow_bonus":"RANDOM_COLORLESS_2","is_daily":false,"chose_seed":false,"campfire_upgraded":1,"win_rate":0.0,"timestamp":1610003771,"path_taken":["M","?","M","M","M","R","?","$","T","M","M","R","E","M","M","R","BOSS","M","M","M"],"items_purchased_type":["Card"],"build_version":"2020-12-22","purchased_purges":1,"victory":false,"max_hp_per_floor":[66,60,60,60,60,60,60,60,60,60,60,60,60,60,60,60,60,60,60,60,60,60],"card_choices":[{"not_picked":["Sadistic Nature","Mayhem"],"picked":"The Bomb","floor":0.0},{"not_picked":["PiercingWail","Bane","Dodge and Roll"],"picked":"SKIP","floor":1.0},{"not_picked":["Underhanded Strike","Backflip"],"picked":"Dagger Spray","floor":3.0},{"not_picked":["All Out Attack","Footwork"],"picked":"Venomology","floor":4.0},{"not_picked":["Bane","Finisher"],"picked":"Acrobatics","floor":5.0},{"not_picked":["Dodge and Roll","Sucker Punch","Acrobatics"],"picked":"SKIP","floor":10.0},{"not_picked":["Skewer","Dagger Throw"],"picked":"PiercingWail","floor":13.0},{"not_picked":["Acrobatics","Infinite Blades"],"picked":"Footwork","floor":14.0},{"not_picked":["Deadly Poison","Blade Dance","Sucker Punch"],"picked":"SKIP","floor":15.0},{"not_picked":["Die Die Die","Grand Finale"],"picked":"After Image","floor":17},{"not_picked":["Finisher","All Out Attack","Quick Slash+1"],"picked":"SKIP","floor":19},{"not_picked":["Dodge and Roll","Caltrops"],"picked":"Reflex","floor":20}],"player_experience":761694,"relics_obtained":[{"floor":9.0,"key":"Bag of Marbles"},{"floor":13.0,"key":"The Courier"}],"event_choices":[{"damage_healed":0.0,"max_hp_gain":0.0,"max_hp_loss":6.0,"gold_gain":0.0,"event_name":"Golden Idol","player_choice":"Lose Max HP","floor":2.0,"gold_loss":0.0,"damage_taken":0.0,"relics_obtained":["Golden Idol"]},{"damage_healed":0.0,"max_hp_gain":0.0,"max_hp_loss":0.0,"gold_gain":0.0,"event_name":"Scrap Ooze","player_choice":"Success","floor":7.0,"gold_loss":0.0,"damage_taken":18.0,"relics_obtained":["Oddly Smooth Stone"]}],"is_beta":false,"boss_relics":[{"not_picked":["Calling Bell","Ectoplasm"],"picked":"HoveringKite"}],"items_purged_floors":[8],"is_endless":false,"potions_floor_spawned":[1,4,13,14,15],"killed_by":"Cultist and Chosen","ascension_level":20}}