{"host":"g01l53quoe6lrer0","time":1610047133,"event":{"mods":["2.2 Compatiblity","AchievementEnabler","BaseMod","Colored Map","Highlight Path","Keyboard Shortcuts","Minty Spire (QoL Compilation)","Permanent Neow","StSLib","SuperFastMode","everything is the same but u backflip on backflip"],"gold_per_floor":[115,40,52,52,72,72,97,97,124,205,205,223,173,200,200,303,303,316,241,241,241,241,276,176,190,190,190,190,190,237,248,248,344,344,359,371,246,246,263,294,294,368,395,413,413,423,423,79,79,79],"floor_reached":51,"playtime":1613,"items_purged":["Defend_P","WheelKick","Swivel","DeceiveReality"],"score":1275,"play_id":"e1a54296-d907-4ab0-9cc3-44c272dc0d93","local_time":"20210108041853","is_ascension_mode":true,"campfire_choices":[{"data":"Eruption","floor":6.0,"key":"SMITH"},{"data":"BattleHymn","floor":8.0,"key":"SMITH"},{"floor":11.0,"key":"REST"},{"floor":15.0,"key":"REST"},{"data":"Scrawl","floor":28.0,"key":"SMITH"},{"floor":32.0,"key":"REST"},{"data":"FearNoEvil","floor":49.0,"key":"SMITH"}],"circlet_count":0,"master_deck":["Eruption+1","Vigilance","BattleHymn+1","Adaptation+1","Scrawl+1","FearNoEvil+1","MentalFortress+1","WheelKick"],"relics":["PureWater","Dead Branch","Anchor","Juzu Bracelet","Matryoshka","Frozen Egg 2","Pandora\u0027s Box","Unceasing Top","White Beast Statue","Kunai","Letter Opener","Singing Bowl","Toy Ornithopter","VioletLotus","Shuriken","Blue Candle","Boot","Frozen Eye"],"acts_visited":["Exordium","TheCity","TheBeyond"],"potions_floor_usage":[50,50],"damage_taken":[{"damage":8.0,"enemies":"Jaw Worm","floor":1.0,"turns":5.0},{"damage":0.0,"enemies":"Cultist","floor":3.0,"turns":2.0},{"damage":0.0,"enemies":"Small Slimes","floor":5.0,"turns":3.0},{"damage":16.0,"enemies":"Gremlin Nob","floor":7.0,"turns":3.0},{"damage":4.0,"enemies":"3 Louse","floor":12.0,"turns":3.0},{"damage":30.0,"enemies":"Lagavulin","floor":14.0,"turns":3.0},{"damage":0.0,"enemies":"Slime Boss","floor":16.0,"turns":4.0},{"damage":0.0,"enemies":"Chosen","floor":18.0,"turns":2.0},{"damage":0.0,"enemies":"Gremlin Leader","floor":23.0,"turns":2.0},{"damage":0.0,"enemies":"Spheric Guardian","floor":25.0,"turns":2.0},{"damage":11.0,"enemies":"Colosseum Slavers","floor":27.0,"turns":3.0},{"damage":0.0,"enemies":"Centurion and Healer","floor":31.0,"turns":2.0},{"damage":10.0,"enemies":"Automaton","floor":33.0,"turns":4.0},{"damage":0.0,"enemies":"3 Darklings","floor":35.0,"turns":1.0},{"damage":12.0,"enemies":"3 Shapes","floor":36.0,"turns":2.0},{"damage":0.0,"enemies":"3 Darklings","floor":39.0,"turns":2.0},{"damage":0.0,"enemies":"Reptomancer","floor":40.0,"turns":2.0},{"damage":0.0,"enemies":"Maw","floor":44.0,"turns":2.0},{"damage":0.0,"enemies":"Writhing Mass","floor":46.0,"turns":1.0},{"damage":0.0,"enemies":"Spire Growth","floor":47.0,"turns":1.0},{"damage":37,"enemies":"Time Eater","floor":50,"turns":9}],"seed_played":"868515741497517638","potions_obtained":[{"floor":7.0,"key":"Weak Potion"},{"floor":12.0,"key":"Weak Potion"},{"floor":14.0,"key":"Energy Potion"},{"floor":31.0,"key":"ColorlessPotion"},{"floor":33.0,"key":"Strength Potion"},{"floor":36.0,"key":"Block Potion"},{"floor":39.0,"key":"ColorlessPotion"},{"floor":40.0,"key":"SmokeBomb"}],"is_trial":false,"path_per_floor":["M","$","M","?","M","R","E","R","T","T","R","M","?","E","R","B",null,"M","?","?","?","?","E","$","M","T","?","R","T","T","M","R","B",null,"M","M","$","?","M","E","?","T","T","M","?","M","M","$","R","B",null],"character_chosen":"WATCHER","items_purchased":["Dexterity Potion","Frozen Eye"],"campfire_rested":3,"item_purchase_floors":[48,48],"current_hp_per_floor":[57,57,57,57,57,57,41,41,41,41,60,56,56,26,45,45,60,60,60,60,60,65,65,65,65,65,54,54,54,54,56,67,57,65,67,57,57,57,64,66,66,66,66,68,68,70,75,75,75,38],"gold":79,"neow_bonus":"ONE_RARE_RELIC","is_daily":false,"chose_seed":false,"campfire_upgraded":4,"win_rate":0.0,"timestamp":1610047133,"path_taken":["M","$","M","?","M","R","E","R","T","?","R","M","?","E","R","BOSS","M","?","?","?","?","E","$","M","T","?","R","?","?","M","R","BOSS","M","M","$","?","M","E","?","?","T","M","?","M","M","$","R","BOSS"],"items_purchased_type":["Potion","Relic"],"build_version":"2020-12-22","purchased_purges":4,"victory":true,"max_hp_per_floor":[65,65,65,65,65,65,65,65,65,65,65,65,65,65,65,65,65,65,65,65,65,65,65,65,65,65,65,65,65,65,67,67,67,67,69,71,71,71,73,75,71,71,71,73,73,75,75,75,75,75],"card_choices":[{"not_picked":["Evaluate","CutThroughFate","Collect"],"picked":"SKIP","floor":1.0},{"not_picked":["Wallop","FlyingSleeves","BowlingBash"],"picked":"SKIP","floor":3.0},{"not_picked":["SashWhip","FollowUp"],"picked":"BattleHymn","floor":5.0},{"not_picked":["Nirvana","EmptyMind"],"picked":"Swivel","floor":7.0},{"not_picked":["EmptyMind","FollowUp","BowlingBash"],"picked":"SKIP","floor":12.0},{"not_picked":["Crescendo","JustLucky"],"picked":"Adaptation+1","floor":14.0},{"not_picked":["DevaForm+1","Ragnarok"],"picked":"Scrawl","floor":16.0},{"not_picked":["ThirdEye","Halt","Conclude+1"],"picked":"SKIP","floor":18.0},{"not_picked":["Weave","FollowUp","MasterReality+1"],"picked":"SKIP","floor":23.0},{"not_picked":["Perseverance+1","FlyingSleeves+1","Fasting2+1"],"picked":"SKIP","floor":25.0},{"not_picked":["Fasting2+1","FollowUp","FearNoEvil"],"picked":"Singing Bowl","floor":31.0},{"not_picked":["EmptyMind+1","Adaptation+1","Vengeance"],"picked":"Singing Bowl","floor":35.0},{"not_picked":["Evaluate+1","Prostrate+1","ThirdEye+1"],"picked":"Singing Bowl","floor":36.0},{"not_picked":["CrushJoints+1","Vengeance","Prostrate"],"picked":"Singing Bowl","floor":39.0},{"not_picked":["Wireheading+1","FlurryOfBlows+1","Protect+1"],"picked":"Singing Bowl","floor":40.0},{"not_picked":["ThirdEye+1","Fasting2+1","Halt+1"],"picked":"Singing Bowl","floor":44.0},{"not_picked":["SandsOfTime+1","PathToVictory+1","Consecrate"],"picked":"Singing Bowl","floor":46.0}],"player_experience":72235,"relics_obtained":[{"floor":7.0,"key":"Anchor"},{"floor":9.0,"key":"Juzu Bracelet"},{"floor":10.0,"key":"Matryoshka"},{"floor":14.0,"key":"Frozen Egg 2"},{"floor":23.0,"key":"Unceasing Top"},{"floor":26.0,"key":"White Beast Statue"},{"floor":26.0,"key":"Kunai"},{"floor":29.0,"key":"Letter Opener"},{"floor":29.0,"key":"Singing Bowl"},{"floor":30.0,"key":"Toy Ornithopter"},{"floor":40.0,"key":"Shuriken"},{"floor":42.0,"key":"Blue Candle"},{"floor":43.0,"key":"Boot"}],"event_choices":[{"damage_healed":0.0,"max_hp_gain":0.0,"max_hp_loss":0.0,"gold_gain":0.0,"event_name":"Liars Game","player_choice":"Ignored","floor":4.0,"gold_loss":0.0,"damage_taken":0.0},{"cards_removed":["Defend_P"],"damage_healed":0.0,"max_hp_gain":0.0,"max_hp_loss":0.0,"gold_gain":0.0,"event_name":"The Cleric","player_choice":"Card Removal","floor":13.0,"gold_loss":50.0,"damage_taken":0.0},{"cards_removed":["JustLucky"],"damage_healed":0.0,"max_hp_gain":0.0,"max_hp_loss":0.0,"gold_gain":0.0,"event_name":"Beggar","player_choice":"Gave Gold","floor":19.0,"gold_loss":75.0,"damage_taken":0.0},{"damage_healed":0.0,"max_hp_gain":0.0,"max_hp_loss":0.0,"gold_gain":0.0,"cards_transformed":["SignatureMove","Perseverance"],"event_name":"Drug Dealer","player_choice":"Became Test Subject","floor":20.0,"gold_loss":0.0,"damage_taken":0.0,"cards_obtained":["MentalFortress","WheelKick"]},{"damage_healed":0.0,"max_hp_gain":0.0,"max_hp_loss":0.0,"gold_gain":0.0,"event_name":"Ghosts","player_choice":"Ignored","floor":21.0,"gold_loss":0.0,"damage_taken":0.0},{"damage_healed":21.0,"max_hp_gain":0.0,"max_hp_loss":0.0,"gold_gain":0.0,"event_name":"The Library","player_choice":"Heal","floor":22.0,"gold_loss":0.0,"damage_taken":0.0},{"damage_healed":0.0,"max_hp_gain":0.0,"max_hp_loss":0.0,"gold_gain":0.0,"event_name":"Colosseum","player_choice":"Fight","floor":27.0,"gold_loss":0.0,"damage_taken":0.0},{"damage_healed":0.0,"max_hp_gain":0.0,"max_hp_loss":0.0,"gold_gain":0.0,"event_name":"Colosseum","player_choice":"Fled From Nobs","floor":27.0,"gold_loss":0.0,"damage_taken":0.0},{"damage_healed":0.0,"max_hp_gain":0.0,"max_hp_loss":0.0,"gold_gain":0.0,"event_name":"Mysterious Sphere","player_choice":"Ignored","floor":38.0,"gold_loss":0.0,"damage_taken":0.0},{"damage_healed":0.0,"max_hp_gain":0.0,"max_hp_loss":4.0,"gold_gain":0.0,"event_name":"Winding Halls","player_choice":"Max HP","floor":41.0,"gold_loss":0.0,"damage_taken":0.0},{"damage_healed":0.0,"max_hp_gain":0.0,"max_hp_loss":0.0,"gold_gain":0.0,"event_name":"SensoryStone","player_choice":"Memory 1","floor":45.0,"gold_loss":0.0,"damage_taken":0.0}],"is_beta":false,"boss_relics":[{"not_picked":["Black Star","Calling Bell"],"picked":"Pandora\u0027s Box"},{"not_picked":["Runic Dome","Fusion Hammer"],"picked":"VioletLotus"}],"items_purged_floors":[2,24,37,48],"is_endless":false,"potions_floor_spawned":[7,12,14,27,31,33,35,36,39,40,44,46,47],"ascension_level":9}}