{"host":"9l1knhxfturzliqa","time":1610017166,"event":{"mods":["BaseMod","Colored Map","Colored Powertips","DeckTracker","Highlight Path","Keyboard Shortcuts","Minty Spire (QoL Compilation)","Random Character Button"],"gold_per_floor":[109,109,109,127,145,145,172,172,226,246,256,256,256,275,275,275,275],"floor_reached":16,"playtime":596,"items_purged":[],"score":158,"play_id":"115d0278-e943-483a-a707-d35b1e182a0e","local_time":"20210107195926","is_ascension_mode":true,"campfire_choices":[{"data":"Dagger Spray","floor":6.0,"key":"SMITH"},{"data":"Setup","floor":8.0,"key":"SMITH"},{"data":"Terror","floor":12.0,"key":"SMITH"},{"floor":15.0,"key":"REST"}],"circlet_count":0,"master_deck":["AscendersBane","Strike_G","Strike_G","Strike_G","Defend_G+1","Defend_G","Defend_G","Defend_G","Survivor","Neutralize","Dagger Spray+1","Dagger Throw","Cloak And Dagger","Setup+1","Well Laid Plans+1","Terror+1","PiercingWail"],"relics":["Ring of the Snake","Smiling Mask","Strawberry"],"acts_visited":["Exordium"],"potions_floor_usage":[16,16],"damage_taken":[{"damage":0.0,"enemies":"Small Slimes","floor":1.0,"turns":4.0},{"damage":2.0,"enemies":"2 Louse","floor":4.0,"turns":2.0},{"damage":0.0,"enemies":"Cultist","floor":5.0,"turns":3.0},{"damage":29.0,"enemies":"Lagavulin","floor":7.0,"turns":7.0},{"damage":0.0,"enemies":"Exordium Wildlife","floor":10.0,"turns":3.0},{"damage":17.0,"enemies":"Exordium Thugs","floor":11.0,"turns":5.0},{"damage":8.0,"enemies":"Looter","floor":14.0,"turns":3.0},{"damage":43,"enemies":"Slime Boss","floor":16,"turns":9}],"seed_played":"-4796735338286080429","potions_obtained":[{"floor":5.0,"key":"Poison Potion"},{"floor":7.0,"key":"Ancient Potion"},{"floor":10.0,"key":"LiquidBronze"}],"is_trial":false,"path_per_floor":["M","?","?","M","M","R","E","R","T","M","M","R","?","M","R","B"],"character_chosen":"THE_SILENT","items_purchased":[],"campfire_rested":1,"item_purchase_floors":[],"current_hp_per_floor":[45,68,68,66,66,66,37,37,44,44,27,27,12,4,27,0,0],"gold":275,"neow_bonus":"REMOVE_TWO","is_daily":false,"chose_seed":false,"campfire_upgraded":3,"win_rate":0.0,"timestamp":1610017166,"path_taken":["M","?","?","M","?","R","E","R","T","M","M","R","?","M","R","BOSS"],"items_purchased_type":[],"build_version":"2020-12-22","purchased_purges":0,"victory":false,"max_hp_per_floor":[70,70,70,70,70,70,70,70,77,77,77,77,77,77,77,77,77],"card_choices":[{"not_picked":["Quick Slash","Catalyst"],"picked":"Dagger Spray","floor":1.0},{"not_picked":["Dagger Spray","Deflect"],"picked":"Dagger Throw","floor":4.0},{"not_picked":["Expertise","Outmaneuver"],"picked":"Cloak And Dagger","floor":5.0},{"not_picked":["Predator","Flying Knee"],"picked":"Setup","floor":7.0},{"not_picked":["Dagger Spray","Reflex"],"picked":"Well Laid Plans","floor":10.0},{"not_picked":["Flechettes","Distraction"],"picked":"Terror","floor":11.0},{"not_picked":["Accuracy","Finisher"],"picked":"PiercingWail","floor":14.0}],"player_experience":367960,"relics_obtained":[{"floor":7.0,"key":"Smiling Mask"},{"floor":9.0,"key":"Strawberry"}],"event_choices":[{"damage_healed":23.0,"max_hp_gain":0.0,"max_hp_loss":0.0,"gold_gain":0.0,"event_name":"Big Fish","player_choice":"Banana","floor":2.0,"gold_loss":0.0,"damage_taken":0.0},{"cards_removed":["Defend_G"],"damage_healed":0.0,"max_hp_gain":0.0,"max_hp_loss":0.0,"gold_gain":0.0,"event_name":"Wheel of Change","player_choice":"Card Removal","floor":3.0,"gold_loss":0.0,"damage_taken":0.0},{"damage_healed":0.0,"max_hp_gain":0.0,"max_hp_loss":0.0,"gold_gain":0.0,"event_name":"Shining Light","player_choice":"Entered Light","floor":13.0,"gold_loss":0.0,"damage_taken":15.0,"cards_upgraded":["Well Laid Plans","Defend_G"]}],"is_beta":false,"boss_relics":[],"items_purged_floors":[],"is_endless":false,"potions_floor_spawned":[5,7,10],"killed_by":"Slime Boss","ascension_level":11}}