{"host":"ct28ocsd8g8yr2ah","time":1610040872,"event":{"mods":["BaseMod","Better Third Choice","Hermit","Marisa????????","Minty Spire (QoL Compilation)","Remilia??????","StSLib","The Animator","The Gatherer","The Servant 0.9.4","Waifu the Spire"],"gold_per_floor":[114,114,133,133,153,153,2,15,96,96,109,56,75,90,90,200,200,214,66,100,199,199,233,253,71,71,98,98,115,133,133,133,233,233,254,254,267,267,489,513,529,545,570,570,30,49,49,49,49,54],"floor_reached":51,"playtime":1894,"items_purged":[],"score":754,"play_id":"e553be65-16f6-4195-adb1-f62fafb2be37","local_time":"20210107223432","is_ascension_mode":false,"campfire_choices":[{"floor":6,"key":"REST"},{"data":"hermit:Midnight","floor":15,"key":"SMITH"},{"floor":28,"key":"REST"},{"floor":32,"key":"REST"},{"floor":44,"key":"REST"},{"data":"hermit:OverwhelmingPower","floor":47,"key":"SMITH"},{"data":"hermit:FatalDesire","floor":49,"key":"SMITH"}],"circlet_count":0,"master_deck":["hermit:Defend_Hermit+1","hermit:Defend_Hermit","hermit:Defend_Hermit","hermit:Snapshot+1","hermit:Covet","hermit:Quickdraw","hermit:Horror","hermit:Grudge+1","hermit:Snapshot+1","hermit:Scavenge","hermit:Midnight+1","hermit:Misfire","hermit:Spite","hermit:FatalDesire+1","hermit:FinalCanter+1","hermit:TakeAim+1","hermit:ItchyTrigger+1","hermit:Grudge","Shame","hermit:Midnight","hermit:Brawl","hermit:Manifest","hermit:OverwhelmingPower+1","CurseOfTheBell","hermit:Grudge+1"],"relics":["hermit:Momento","DollysMirror","Pear","Astrolabe","Regal Pillow","Red Mask","Tiny Chest","Mummified Hand","Chemical X","Strawberry","Boot","Question Card","Calling Bell","Nunchaku","AntiCross","Gambling Chip","Pantograph","Centennial Puzzle","Mercury Hourglass","OrangePellets","Potion Belt"],"acts_visited":["Exordium","TheCity","TheBeyond"],"potions_floor_usage":[16,23,23,24,33,40,40,40],"damage_taken":[{"damage":1,"enemies":"2 Louse","floor":1,"turns":3},{"damage":0,"enemies":"Cultist","floor":3,"turns":2},{"damage":3,"enemies":"Jaw Worm","floor":5,"turns":2},{"damage":1,"enemies":"Exordium Thugs","floor":8,"turns":2},{"damage":0,"enemies":"Blue Slaver","floor":11,"turns":3},{"damage":0,"enemies":"2 Fungi Beasts","floor":13,"turns":2},{"damage":0,"enemies":"Exordium Wildlife","floor":14,"turns":2},{"damage":44,"enemies":"Hexaghost","floor":16,"turns":9},{"damage":6,"enemies":"Chosen","floor":18,"turns":2},{"damage":0,"enemies":"Masked Bandits","floor":20,"turns":2},{"damage":41,"enemies":"Book of Stabbing","floor":23,"turns":5},{"damage":8,"enemies":"3 Byrds","floor":24,"turns":3},{"damage":19,"enemies":"Gremlin Leader","floor":27,"turns":5},{"damage":15,"enemies":"Centurion and Healer","floor":29,"turns":6},{"damage":18,"enemies":"Shelled Parasite and Fungi","floor":30,"turns":3},{"damage":61,"enemies":"Collector","floor":33,"turns":10},{"damage":25,"enemies":"3 Darklings","floor":35,"turns":3},{"damage":4,"enemies":"Orb Walker","floor":37,"turns":3},{"damage":7,"enemies":"Maw","floor":40,"turns":5},{"damage":0,"enemies":"3 Darklings","floor":41,"turns":2},{"damage":0,"enemies":"Sphere and 2 Shapes","floor":42,"turns":3},{"damage":8,"enemies":"Transient","floor":46,"turns":5},{"damage":68,"enemies":"Time Eater","floor":50,"turns":6}],"seed_played":"-1608054249319759909","potions_obtained":[{"floor":8,"key":"SpeedPotion"},{"floor":13,"key":"BlessingOfTheForge"},{"floor":14,"key":"Block Potion"},{"floor":18,"key":"Block Potion"},{"floor":24,"key":"SpeedPotion"},{"floor":33,"key":"Swift Potion"},{"floor":37,"key":"EntropicBrew"},{"floor":41,"key":"SteroidPotion"},{"floor":46,"key":"SpeedPotion"}],"is_trial":false,"path_per_floor":["M","?","M","?","M","R","$","M","T","?","M","$","M","M","R","B",null,"M","$","?","?","?","E","M","$","T","E","R","M","M","T","R","B",null,"M","?","M","T","?","M","M","M","T","R","$","M","R","?","R","B",null],"character_chosen":"HERMIT","items_purchased":["DollysMirror","hermit:Misfire","Regal Pillow","hermit:Brawl","Chemical X","Mercury Hourglass","OrangePellets","Potion Belt"],"campfire_rested":4,"item_purchase_floors":[7,12,19,25,25,45,45,45],"current_hp_per_floor":[53,38,38,38,35,57,57,56,66,66,66,66,66,66,66,22,85,79,79,79,79,79,38,30,30,37,18,60,45,27,27,69,8,92,67,67,63,63,63,56,56,56,56,92,92,84,84,84,84,24],"gold":54,"neow_bonus":"REMOVE_TWO","is_daily":false,"chose_seed":false,"campfire_upgraded":3,"win_rate":0.0,"timestamp":1610040872,"path_taken":["M","?","M","?","?","R","$","M","T","?","M","?","M","M","R","BOSS","M","$","?","?","?","E","M","$","T","E","R","M","?","?","R","BOSS","M","?","M","?","?","M","M","M","T","R","$","?","R","?","R","BOSS"],"items_purchased_type":["Relic","Card","Relic","Card","Relic","Relic","Relic","Relic"],"build_version":"2020-12-22","purchased_purges":0,"victory":true,"max_hp_per_floor":[75,75,75,75,75,75,75,75,85,85,85,85,85,85,85,85,85,85,85,85,85,85,85,85,85,92,92,92,92,92,92,92,92,92,92,92,92,92,92,92,92,92,92,92,92,92,92,92,92,92],"card_choices":[{"not_picked":["hermit:HoleUp","hermit:Manifest"],"picked":"hermit:Quickdraw","floor":1},{"not_picked":["hermit:FullyLoaded","hermit:LuckOfTheDraw"],"picked":"hermit:Horror","floor":3},{"not_picked":["hermit:ItchyTrigger","hermit:NoHoldsBarred"],"picked":"hermit:Grudge","floor":5},{"not_picked":["hermit:CalledShot","hermit:NoHoldsBarred"],"picked":"hermit:Scavenge","floor":8},{"not_picked":["hermit:ItchyTrigger","hermit:BodyArmor"],"picked":"hermit:Midnight","floor":11},{"not_picked":["hermit:CursedWeapon","hermit:Feint"],"picked":"hermit:Spite","floor":13},{"not_picked":["hermit:Shortfuse","hermit:TrackingShot","hermit:CursedWeapon"],"picked":"SKIP","floor":14},{"not_picked":["hermit:Reprieve","hermit:FinalCanter"],"picked":"hermit:FatalDesire","floor":16},{"not_picked":["hermit:Maintenance","hermit:Cheat+1"],"picked":"hermit:Grudge","floor":18},{"not_picked":["hermit:Feint","hermit:GhostlyPresence"],"picked":"hermit:Midnight","floor":23},{"not_picked":["hermit:Roulette+1","hermit:FlashPowder","hermit:HighCaliber+1"],"picked":"SKIP","floor":24},{"not_picked":["hermit:CalledShot+1","hermit:Shortfuse"],"picked":"hermit:Manifest","floor":27},{"not_picked":["hermit:Shortfuse","hermit:TakeAim","hermit:ItchyTrigger"],"picked":"SKIP","floor":29},{"not_picked":["hermit:CalledShot","hermit:PistolWhip+1","hermit:ShadowCloak"],"picked":"SKIP","floor":30},{"not_picked":["hermit:HighNoon","hermit:BlackWind","hermit:Roughhouse"],"picked":"hermit:OverwhelmingPower","floor":33},{"not_picked":["hermit:WideOpen+1","hermit:Showdown","hermit:Desperado","hermit:Manifest"],"picked":"SKIP","floor":35},{"not_picked":["hermit:HighCaliber+1","hermit:FlashPowder","hermit:Horror+1","hermit:GhostlyPresence+1"],"picked":"SKIP","floor":37},{"not_picked":["hermit:ItchyTrigger","hermit:Determination","hermit:BodyArmor+1","hermit:CursedWeapon+1"],"picked":"SKIP","floor":40},{"not_picked":["hermit:Gestalt+1","hermit:DeadMansHand","hermit:Dive+1","hermit:ItchyTrigger"],"picked":"SKIP","floor":41},{"not_picked":["hermit:Cheat","hermit:CursedWeapon","hermit:Ricochet+1","hermit:Feint+1"],"picked":"SKIP","floor":42},{"not_picked":["hermit:Feint+1","hermit:Determination","hermit:Maintenance+1","hermit:TrackingShot+1"],"picked":"SKIP","floor":46}],"player_experience":475191,"relics_obtained":[{"floor":9,"key":"Pear"},{"floor":20,"key":"Red Mask"},{"floor":23,"key":"Mummified Hand"},{"floor":26,"key":"Strawberry"},{"floor":27,"key":"Boot"},{"floor":31,"key":"Question Card"},{"floor":34,"key":"Nunchaku"},{"floor":34,"key":"AntiCross"},{"floor":34,"key":"Gambling Chip"},{"floor":38,"key":"Pantograph"},{"floor":43,"key":"Centennial Puzzle"}],"event_choices":[{"damage_healed":53,"gold_gain":0,"player_choice":"Upgrade","damage_taken":15,"max_hp_gain":0,"max_hp_loss":75,"event_name":"betterThird:BetterShining","floor":2,"gold_loss":0,"cards_upgraded":["hermit:Snapshot","hermit:Defend_Hermit"]},{"damage_healed":0,"gold_gain":0,"player_choice":"Ignored","damage_taken":0,"max_hp_gain":0,"max_hp_loss":0,"event_name":"NoteForYourself","floor":4,"gold_loss":0},{"damage_healed":0,"gold_gain":0,"player_choice":"Upgraded","damage_taken":0,"max_hp_gain":0,"max_hp_loss":0,"event_name":"Upgrade Shrine","floor":10,"gold_loss":0,"cards_upgraded":["hermit:Grudge"]},{"damage_healed":0,"gold_gain":0,"player_choice":"Fought Bandits","damage_taken":0,"max_hp_gain":0,"max_hp_loss":0,"event_name":"Masked Bandits","floor":20,"gold_loss":0},{"damage_healed":0,"gold_gain":99,"player_choice":"Steal","damage_taken":0,"max_hp_gain":0,"max_hp_loss":0,"event_name":"betterThird:BetterNest","floor":21,"gold_loss":0},{"damage_healed":0,"gold_gain":0,"player_choice":"Stole Relic","damage_taken":0,"relics_obtained":["Tiny Chest"],"max_hp_gain":0,"max_hp_loss":0,"event_name":"Addict","floor":22,"gold_loss":0,"cards_obtained":["Shame"]},{"damage_healed":0,"gold_gain":0,"player_choice":"Copied","damage_taken":0,"max_hp_gain":0,"max_hp_loss":0,"event_name":"Duplicator","floor":36,"gold_loss":0,"cards_obtained":["hermit:Grudge"]},{"damage_healed":0,"gold_gain":222,"player_choice":"Wore Mask","damage_taken":0,"max_hp_gain":0,"max_hp_loss":0,"event_name":"Tomb of Lord Red Mask","floor":39,"gold_loss":0},{"damage_healed":0,"gold_gain":0,"player_choice":"0 cards matched","damage_taken":0,"max_hp_gain":0,"max_hp_loss":0,"event_name":"Match and Keep!","floor":48,"gold_loss":0,"cards_obtained":[]}],"is_beta":false,"boss_relics":[{"not_picked":["Runic Dome","Tiny House"],"picked":"Astrolabe"},{"not_picked":["Coffee Dripper","Busted Crown"],"picked":"Calling Bell"}],"items_purged_floors":[],"is_endless":false,"potions_floor_spawned":[8,13,14,18,24,33,37,41,46],"ascension_level":0}}