{"host":"z9811rt50ti81n54","time":1610053065,"event":{"mods":["BaseMod","Minty Spire (QoL Compilation)","Random Character Button","SuperFastMode"],"gold_per_floor":[214,233,233,252,271,290,290,290,290,290,4,4,37,2,2,98,98,112,112,312,330,330,330,350,350,350,350,366,24,24,56,56,155,155,173,29,0,0,0,35,35,46,46,66,76,91,91,16,16,16],"floor_reached":51,"playtime":2022,"items_purged":["Noxious Fumes"],"score":743,"play_id":"29b965ae-d436-4a9e-a880-e1929dc77136","local_time":"20210108055745","is_ascension_mode":false,"campfire_choices":[{"data":"All Out Attack","floor":7,"key":"SMITH"},{"data":"Bouncing Flask","floor":10,"key":"SMITH"},{"data":"Apotheosis","floor":12,"key":"SMITH"},{"data":"Infinite Blades","floor":15,"key":"SMITH"},{"data":"Glass Knife","floor":23,"key":"SMITH"},{"data":"Well Laid Plans","floor":25,"key":"SMITH"},{"data":"Accuracy","floor":27,"key":"SMITH"},{"floor":30,"key":"REST"},{"floor":32,"key":"REST"},{"floor":41,"key":"REST"},{"floor":47,"key":"REST"},{"floor":49,"key":"REST"}],"circlet_count":0,"master_deck":["Survivor","Neutralize+1","All Out Attack+1","Quick Slash","Cloak And Dagger","PiercingWail","Bouncing Flask+1","Apotheosis+1","Infinite Blades+1","Outmaneuver","Acrobatics","Corpse Explosion","Well Laid Plans+1","Catalyst","Skewer","Glass Knife+1","Accuracy+1","Dash","Backflip","Dagger Throw","Deadly Poison+1","Finisher","Crippling Poison","Acrobatics","Footwork","Outmaneuver","Concentrate+1","Corpse Explosion","Acrobatics+1","Malaise","Jack Of All Trades","Backflip+1","PiercingWail","Flechettes","Backflip","Escape Plan"],"relics":["Ring of the Snake","Nunchaku","Whetstone","Pandora\u0027s Box","Dream Catcher","OrangePellets","Bottled Lightning","Busted Crown","Strawberry","Red Mask","Boot","Question Card"],"acts_visited":["Exordium","TheCity","TheBeyond"],"potions_floor_usage":[33,40,40,50],"damage_taken":[{"damage":1,"enemies":"Jaw Worm","floor":1,"turns":5},{"damage":0,"enemies":"Cultist","floor":2,"turns":4},{"damage":0,"enemies":"Small Slimes","floor":4,"turns":4},{"damage":0,"enemies":"2 Fungi Beasts","floor":5,"turns":3},{"damage":0,"enemies":"3 Louse","floor":6,"turns":3},{"damage":9,"enemies":"3 Sentries","floor":13,"turns":6},{"damage":9,"enemies":"The Guardian","floor":16,"turns":12},{"damage":0,"enemies":"Shell Parasite","floor":18,"turns":5},{"damage":0,"enemies":"Chosen","floor":21,"turns":4},{"damage":11,"enemies":"Centurion and Healer","floor":24,"turns":5},{"damage":26,"enemies":"Shelled Parasite and Fungi","floor":28,"turns":6},{"damage":13,"enemies":"Book of Stabbing","floor":31,"turns":5},{"damage":7,"enemies":"Collector","floor":33,"turns":6},{"damage":0,"enemies":"3 Shapes","floor":35,"turns":3},{"damage":35,"enemies":"Reptomancer","floor":40,"turns":7},{"damage":0,"enemies":"Orb Walker","floor":42,"turns":3},{"damage":8,"enemies":"4 Shapes","floor":44,"turns":6},{"damage":0,"enemies":"Spire Growth","floor":45,"turns":4},{"damage":0,"enemies":"Sphere and 2 Shapes","floor":46,"turns":4},{"damage":34,"enemies":"Donu and Deca","floor":50,"turns":6}],"seed_played":"8310570645634651573","potions_obtained":[{"floor":1,"key":"Swift Potion"},{"floor":4,"key":"Dexterity Potion"},{"floor":13,"key":"LiquidMemories"},{"floor":40,"key":"DuplicationPotion"},{"floor":44,"key":"Energy Potion"}],"is_trial":false,"path_per_floor":["M","M","?","M","M","M","R","?","T","R","$","R","E","?","R","B",null,"M","?","?","M","?","R","M","R","T","R","M","$","R","E","R","B",null,"M","$","?","?","$","E","R","M","T","M","M","M","R","$","R","B",null],"character_chosen":"THE_SILENT","items_purchased":["Apotheosis","Infinite Blades","Outmaneuver","OrangePellets","Footwork","Outmaneuver","Strawberry","Escape Plan"],"campfire_rested":5,"item_purchase_floors":[11,11,11,29,29,29,36,48],"current_hp_per_floor":[69,69,69,69,69,69,69,69,69,69,69,69,60,70,70,61,70,70,70,70,70,70,70,59,59,59,59,33,33,54,41,62,55,70,70,77,77,77,77,42,65,65,65,57,57,57,77,77,77,43],"gold":16,"neow_bonus":"HUNDRED_GOLD","is_daily":false,"chose_seed":false,"campfire_upgraded":7,"win_rate":0.0,"timestamp":1610053065,"path_taken":["M","M","?","M","?","?","R","?","T","R","$","R","E","?","R","BOSS","M","?","?","?","?","R","M","R","T","R","M","$","R","E","R","BOSS","M","$","?","?","?","E","R","?","T","?","M","M","R","$","R","BOSS"],"items_purchased_type":["Card","Card","Card","Relic","Card","Card","Relic","Card"],"build_version":"2020-12-22","purchased_purges":1,"victory":true,"max_hp_per_floor":[70,70,70,70,70,70,70,70,70,70,70,70,70,70,70,70,70,70,70,70,70,70,70,70,70,70,70,70,70,70,70,70,70,70,70,77,77,77,77,77,77,77,77,77,77,77,77,77,77,77],"card_choices":[{"not_picked":["Endless Agony","Prepared"],"picked":"All Out Attack","floor":1},{"not_picked":["Prepared","Reflex"],"picked":"Quick Slash","floor":2},{"not_picked":["Prepared","Deflect"],"picked":"Cloak And Dagger","floor":4},{"not_picked":["Distraction","Poisoned Stab"],"picked":"PiercingWail","floor":5},{"not_picked":["All Out Attack","Poisoned Stab"],"picked":"Bouncing Flask","floor":6},{"not_picked":["Slice","Riddle With Holes"],"picked":"Acrobatics","floor":13},{"not_picked":["A Thousand Cuts","Malaise"],"picked":"Corpse Explosion","floor":16},{"not_picked":["Infinite Blades","Dash"],"picked":"Deadly Poison+1","floor":18},{"not_picked":["Prepared+1","Dodge and Roll"],"picked":"Crippling Poison","floor":21},{"not_picked":["Slice","Cloak And Dagger"],"picked":"Acrobatics","floor":24},{"not_picked":["Infinite Blades+1","Accuracy+1","Well Laid Plans"],"picked":"SKIP","floor":28},{"not_picked":["Deflect","Infinite Blades"],"picked":"Concentrate+1","floor":30},{"not_picked":["Setup","Deadly Poison"],"picked":"Corpse Explosion","floor":31},{"not_picked":["Infinite Blades","Quick Slash"],"picked":"Acrobatics+1","floor":32},{"not_picked":["Venomology","A Thousand Cuts"],"picked":"Malaise","floor":33},{"not_picked":["Sucker Punch+1"],"picked":"SKIP","floor":35},{"not_picked":[],"picked":"Jack Of All Trades","floor":38},{"not_picked":[],"picked":"Backflip+1","floor":40},{"not_picked":["Dagger Throw+1"],"picked":"SKIP","floor":42},{"not_picked":["Slice+1"],"picked":"PiercingWail","floor":44},{"not_picked":["Masterful Stab"],"picked":"Flechettes","floor":45},{"not_picked":["Outmaneuver","Dagger Throw"],"picked":"SKIP","floor":46},{"not_picked":["Underhanded Strike"],"picked":"Backflip","floor":47}],"player_experience":315962,"relics_obtained":[{"floor":9,"key":"Nunchaku"},{"floor":13,"key":"Whetstone"},{"floor":26,"key":"Dream Catcher"},{"floor":31,"key":"Bottled Lightning"},{"floor":40,"key":"Boot"},{"floor":43,"key":"Question Card"}],"event_choices":[{"damage_healed":0,"gold_gain":0,"player_choice":"Ignored","damage_taken":0,"max_hp_gain":0,"max_hp_loss":0,"event_name":"NoteForYourself","floor":3,"gold_loss":0},{"damage_healed":0,"gold_gain":0,"cards_transformed":["Strike_G"],"player_choice":"Change","damage_taken":0,"max_hp_gain":0,"max_hp_loss":0,"event_name":"Living Wall","floor":8,"gold_loss":0,"cards_obtained":["Reflex"]},{"damage_healed":17,"gold_gain":0,"player_choice":"Healed","damage_taken":0,"max_hp_gain":0,"max_hp_loss":0,"event_name":"The Cleric","floor":14,"gold_loss":35},{"damage_healed":0,"gold_gain":0,"cards_transformed":["Reflex","Infinite Blades"],"player_choice":"Became Test Subject","damage_taken":0,"max_hp_gain":0,"max_hp_loss":0,"event_name":"Drug Dealer","floor":19,"gold_loss":0,"cards_obtained":["Noxious Fumes","Finisher"]},{"damage_healed":0,"gold_gain":250,"player_choice":"Bet on Owner","damage_taken":0,"max_hp_gain":0,"max_hp_loss":0,"event_name":"The Joust","floor":20,"gold_loss":50},{"damage_healed":0,"gold_gain":0,"player_choice":"Ignored","damage_taken":0,"max_hp_gain":0,"max_hp_loss":0,"event_name":"Vampires","floor":22,"gold_loss":0},{"damage_healed":0,"gold_gain":0,"player_choice":"Paid","damage_taken":0,"relics_obtained":["Red Mask"],"max_hp_gain":0,"max_hp_loss":0,"event_name":"Tomb of Lord Red Mask","floor":37,"gold_loss":29},{"damage_healed":0,"gold_gain":0,"player_choice":"Memory 1","damage_taken":0,"max_hp_gain":0,"max_hp_loss":0,"event_name":"SensoryStone","floor":38,"gold_loss":0}],"is_beta":false,"boss_relics":[{"not_picked":["Runic Pyramid","Runic Dome"],"picked":"Pandora\u0027s Box"},{"not_picked":["Tiny House","Black Star"],"picked":"Busted Crown"}],"items_purged_floors":[29],"is_endless":false,"potions_floor_spawned":[1,4,13,21,24,31,40,44],"ascension_level":0}}