{"host":"kabf61oc9jgfwufg","time":1610036763,"event":{"mods":["AchievementEnabler","Act Like it!","Aspiration","BaseMod","Conspire","GifTheSpireLib","Halation","HexUI Lib","Hubris","Infinite Spire","Minty Spire (QoL Compilation)","Quick Restart","Rare Cards Sparkle","Replay The Spire","Shop Mod","StSLib","Waifu the Spire"],"gold_per_floor":[119,119,44,119,119,146,146,146,172,172,172,72,84,104,104,205,205,219,219,219,234,250,250,278,297,297,330,330,330,21,31,31,127,127,145,157,157,176,51,84,103,133,159,262,273,273,293,303,303,303,303],"floor_reached":50,"playtime":1342,"items_purged":["Strike_B","Amnesia","conspire:GhostlyDefend","Zap","Melter"],"score":665,"play_id":"3efd53f7-8f6c-476f-af3a-49e6a07a5c86","local_time":"20210107162603","is_ascension_mode":false,"campfire_choices":[{"data":"Beam Cell","floor":8,"key":"SMITH"},{"floor":11,"key":"REST"},{"data":"Ball Lightning","floor":15,"key":"SMITH"},{"floor":23,"key":"REST"},{"floor":28,"key":"REST"},{"floor":32,"key":"REST"},{"floor":32,"key":"DIG"},{"floor":49,"key":"REST"},{"data":"infinitespire:Punishment","floor":49,"key":"SMITH"}],"circlet_count":0,"master_deck":["conspire:GhostlyStrike","conspire:GhostlyStrike","conspire:GhostlyDefend","conspire:GhostlyDefend","Dualcast","Beam Cell+1","Ball Lightning+1","Machine Learning","Ball Lightning","infinitespire:Punishment+1","infinitespire:Gouge","Beam Cell+1","Gash","Double Energy+1","Deep Breath","Trip","All For One","Hologram+1","Scrape+1","Sweeping Beam","Pot Of Greed","Pot Of Greed","infinitespire:SevenWalls","Gash","Beam Cell+1","Pot Of Greed","Go for the Eyes+1","Beam Cell+1","Scrape+1"],"relics":["Cracked Core","NeowsBlessing","hubris:Towel","Ring of Fury","Pen Nib","Replay:Antivirus Software","Nuclear Battery","Bag of Marbles","Potion Belt","Lizard Tail","hubris:Zylophone","infinitespire:Magic Flask","infinitespire:CheckeredPen","conspire:RunicOctahedron","Grinning Jar","Prayer Wheel","infinitespire:Satchel","Anchor","Tiny Chest","hubris:AstralHammer"],"acts_visited":["Exordium","TheCity","TheBeyond"],"potions_floor_usage":[16,22,25,35,40,40,40,40,40,42,45,47],"damage_taken":[{"damage":0,"enemies":"Jaw Worm","floor":1,"turns":1},{"damage":0,"enemies":"3 Sentries","floor":6,"turns":1},{"damage":0,"enemies":"2 Louse","floor":13,"turns":1},{"damage":0,"enemies":"Small Slimes","floor":14,"turns":2},{"damage":52,"enemies":"The Guardian","floor":16,"turns":5},{"damage":30,"enemies":"2 Thieves","floor":18,"turns":3},{"damage":6,"enemies":"Chosen","floor":21,"turns":2},{"damage":3,"enemies":"Sentry and Sphere","floor":22,"turns":3},{"damage":39,"enemies":"Slavers","floor":24,"turns":4},{"damage":0,"enemies":"Snake Plant","floor":25,"turns":2},{"damage":23,"enemies":"Book of Stabbing","floor":27,"turns":3},{"damage":8,"enemies":"Cultist and Chosen","floor":31,"turns":4},{"damage":0,"enemies":"Automaton","floor":33,"turns":2},{"damage":6,"enemies":"Orb Walker","floor":35,"turns":2},{"damage":15,"enemies":"3 Shapes","floor":36,"turns":2},{"damage":4,"enemies":"Spire Growth","floor":38,"turns":2},{"damage":24,"enemies":"Nightmare","floor":40,"turns":4},{"damage":0,"enemies":"Jaw Worm Horde","floor":41,"turns":2},{"damage":0,"enemies":"R_Hoarder","floor":42,"turns":3},{"damage":5,"enemies":"4 Shapes","floor":45,"turns":2},{"damage":0,"enemies":"Writhing Mass","floor":47,"turns":1},{"damage":0,"enemies":"3 Darklings","floor":48,"turns":2},{"damage":62,"enemies":"conspire:OrnateMirror","floor":50,"turns":1}],"seed_played":"-3445103221335346723","potions_obtained":[{"floor":1,"key":"AttackPotion"},{"floor":16,"key":"Adrenaline Potion"},{"floor":24,"key":"SteroidPotion"},{"floor":27,"key":"Languid Potion"},{"floor":31,"key":"EssenceOfSteel"},{"floor":37,"key":"LiquidBronze"},{"floor":37,"key":"EntropicBrew"},{"floor":37,"key":"Explosive Potion"},{"floor":38,"key":"SteroidPotion"},{"floor":41,"key":"EssenceOfSteel"},{"floor":45,"key":"EssenceOfSteel"},{"floor":47,"key":"conspire:TimeTravelPotion"},{"floor":48,"key":"FocusPotion"}],"is_trial":false,"path_per_floor":["M","?","$","?","?","E","?","R","T","?","R","$","M","M","R","B",null,"M","AVR","?","M","M","R","E","M","T","E","R","?","$","M","R","B",null,"M","M","?","M","$","NM","M","E","T","?","M","AVR","M","M","R","B"],"character_chosen":"DEFECT","items_purchased":["infinitespire:Magic Flask"],"campfire_rested":5,"item_purchase_floors":[30],"current_hp_per_floor":[75,75,75,64,64,64,64,64,64,57,75,75,75,75,75,23,75,45,45,27,21,18,40,1,1,1,16,38,38,38,30,52,52,75,69,54,54,50,50,26,26,26,26,8,3,3,3,3,25,0,0],"gold":303,"neow_bonus":"THREE_ENEMY_KILL","is_daily":false,"chose_seed":false,"campfire_upgraded":3,"win_rate":0.0,"timestamp":1610036763,"path_taken":["M","?","$","?","?","E","?","R","T","?","R","$","M","?","R","BOSS","M","AVR","?","M","M","R","E","M","T","E","R","?","$","M","R","BOSS","M","M","?","M","$","NM","?","E","T","?","M","AVR","M","M","R","BOSS"],"items_purchased_type":["Relic"],"build_version":"2020-12-22","purchased_purges":5,"victory":false,"max_hp_per_floor":[75,75,75,75,75,75,75,75,75,75,75,75,75,75,75,75,75,75,75,75,75,75,75,75,75,75,75,75,75,75,75,75,75,75,75,75,75,75,75,75,75,75,75,75,75,75,75,75,75,75,75],"card_choices":[{"not_picked":["Tempest","Reprogram","aspiration:Polymerization"],"picked":"SKIP","floor":1},{"not_picked":["Panic Button","Redo"],"picked":"Beam Cell","floor":6},{"not_picked":["Conserve Battery","hubris:PowerSurge","Redo"],"picked":"SKIP","floor":13},{"not_picked":["Cold Snap","Coolheaded"],"picked":"Ball Lightning","floor":14},{"not_picked":["Fission","Electrodynamics"],"picked":"Machine Learning","floor":16},{"not_picked":["Redo","Panic Button"],"picked":"Ball Lightning","floor":18},{"not_picked":["infinitespire:NeuralNetwork","infinitespire:Starlight"],"picked":"infinitespire:Gouge","floor":20},{"not_picked":["BasicCrystalCard","Blizzard"],"picked":"Beam Cell+1","floor":21},{"not_picked":["Leap+1","conspire:SharedLibrary"],"picked":"Gash","floor":22},{"not_picked":["Force Field","Streamline+1","Stack"],"picked":"SKIP","floor":24},{"not_picked":["Sweeping Beam","Coolheaded","Lockon+1"],"picked":"SKIP","floor":25},{"not_picked":["Compile Driver","Conserve Battery"],"picked":"Double Energy+1","floor":27},{"not_picked":["Steam","hubris:Prefetch","Beam Cell"],"picked":"SKIP","floor":31},{"not_picked":["Thunder Strike","hubris:DoWhile"],"picked":"All For One","floor":33},{"not_picked":["BasicCrystalCard+1","Leap+1"],"picked":"Hologram+1","floor":35},{"not_picked":["Auto Shields","Sweeping Beam+1"],"picked":"Scrape+1","floor":36},{"not_picked":["Compile Driver+1","Panic Button+1"],"picked":"Sweeping Beam","floor":38},{"not_picked":["ReplayTheSpireMod:Black Plague","infinitespire:DeathsTouch"],"picked":"infinitespire:SevenWalls","floor":40},{"not_picked":["Conserve Battery","Coolheaded"],"picked":"Melter","floor":40},{"not_picked":["Ball Lightning+1","Tempest+1","Hello World+1"],"picked":"SKIP","floor":41},{"not_picked":["ReplaySolidLightProjector+1","Beam Cell"],"picked":"Gash","floor":42},{"not_picked":["Reprogram+1","Redo+1"],"picked":"Beam Cell+1","floor":44},{"not_picked":["Ball Lightning","FIFO Queue+1"],"picked":"Go for the Eyes+1","floor":45},{"not_picked":["Force Field+1","Fusion","Steam Power"],"picked":"SKIP","floor":45},{"not_picked":["Tempest+1","Hologram"],"picked":"Beam Cell+1","floor":47},{"not_picked":["Capacitor","BootSequence"],"picked":"Scrape+1","floor":47},{"not_picked":["Auto Shields+1","hubris:PowerSurge+1","conspire:Rain"],"picked":"SKIP","floor":48},{"not_picked":["Ball Lightning","Sweeping Beam+1","FIFO Queue+1"],"picked":"SKIP","floor":48}],"player_experience":65584,"relics_obtained":[{"floor":5,"key":"Ring of Fury"},{"floor":6,"key":"Pen Nib"},{"floor":9,"key":"Replay:Antivirus Software"},{"floor":24,"key":"Potion Belt"},{"floor":26,"key":"Lizard Tail"},{"floor":27,"key":"hubris:Zylophone"},{"floor":32,"key":"infinitespire:CheckeredPen"},{"floor":40,"key":"Grinning Jar"},{"floor":42,"key":"infinitespire:Satchel"},{"floor":43,"key":"Anchor"},{"floor":44,"key":"Tiny Chest"}],"event_choices":[{"damage_healed":0,"gold_gain":75,"player_choice":"Gather Gold","damage_taken":11,"max_hp_gain":0,"max_hp_loss":0,"event_name":"World of Goop","floor":4,"gold_loss":0},{"damage_healed":0,"gold_gain":0,"player_choice":"Agree","damage_taken":0,"max_hp_gain":0,"max_hp_loss":0,"event_name":"conspire:LoneGhost","floor":7,"gold_loss":0},{"damage_healed":0,"gold_gain":0,"player_choice":"Damaged","damage_taken":7,"max_hp_gain":0,"max_hp_loss":0,"event_name":"Wheel of Change","floor":10,"gold_loss":0},{"damage_healed":0,"gold_gain":0,"cards_transformed":["conspire:GhostlyDefend","conspire:GhostlyStrike"],"player_choice":"Became Test Subject","damage_taken":0,"max_hp_gain":0,"max_hp_loss":0,"event_name":"Drug Dealer","floor":29,"gold_loss":0,"cards_obtained":["Deep Breath","Trip"]},{"damage_healed":0,"gold_gain":0,"player_choice":"Got Potions","damage_taken":0,"max_hp_gain":0,"max_hp_loss":0,"event_name":"Lab","floor":37,"gold_loss":0}],"is_beta":false,"boss_relics":[{"not_picked":["hubris:BlackHole","Replay:Drink Me"],"picked":"Nuclear Battery"},{"not_picked":["hubris:Stopwatch","Painkiller Herb"],"picked":"conspire:RunicOctahedron"}],"items_purged_floors":[3,12,19,39,46],"is_endless":true,"potions_floor_spawned":[1,16,22,24,27,31,38,41,45,47,48],"killed_by":"conspire:OrnateMirror","ascension_level":0}}