{"host":"11728qvdvolffudn","time":1610036978,"event":{"mods":["BaseMod","Block Reminder","Colored Powertips","Curses Come First","Custom Start","Displayed Cursed Tome","Filter the Spire","Highlight Path","Minty Spire (QoL Compilation)","Permanent Neow","Quick Restart","Rare Cards Sparkle","Relic Stats","StSLib"],"gold_per_floor":[116,116,135,235,255,255,275,275,275,291,291,305,328,355,355,475,475,495,495,281,281,297,297,333,357,357,357,357,371,385,409,409,409,409],"floor_reached":33,"playtime":2200,"items_purged":[],"score":286,"play_id":"af057337-5fb6-4fb3-b627-396eb6797f23","local_time":"20210107162938","is_ascension_mode":false,"campfire_choices":[{"data":"Genetic Algorithm","floor":6,"key":"SMITH"},{"data":"Zap","floor":8,"key":"SMITH"},{"data":"Self Repair","floor":11,"key":"SMITH"},{"data":"Defragment","floor":15,"key":"SMITH"},{"data":"Rainbow","floor":23,"key":"SMITH"},{"data":"Footwork","floor":27,"key":"SMITH"},{"data":"Chaos","floor":32,"key":"SMITH"}],"circlet_count":0,"master_deck":["Strike_B+1","Strike_B+1","Strike_B+1","Strike_B+1","Defend_B+1","Defend_B+1","Defend_B+1","Defend_B+1","Zap+1","Dualcast","Dramatic Entrance","Genetic Algorithm+1","Self Repair+1","Defragment+1","Rainbow+1","Go for the Eyes","Chaos+1","Footwork+1","Capacitor+1","Chaos","Gash","Inflame+1"],"relics":["FrozenCore","Golden Idol","Bottled Lightning","Oddly Smooth Stone","PrismaticShard","Frozen Egg 2","Art of War"],"acts_visited":["Exordium","TheCity"],"potions_floor_usage":[12,16,16,16,24,25,31,33],"damage_taken":[{"damage":0,"enemies":"2 Louse","floor":1,"turns":2},{"damage":0,"enemies":"Cultist","floor":3,"turns":4},{"damage":0,"enemies":"Jaw Worm","floor":5,"turns":5},{"damage":12,"enemies":"3 Louse","floor":7,"turns":3},{"damage":10,"enemies":"Large Slime","floor":10,"turns":6},{"damage":14,"enemies":"Exordium Thugs","floor":12,"turns":6},{"damage":0,"enemies":"3 Louse","floor":13,"turns":3},{"damage":28,"enemies":"The Guardian","floor":16,"turns":10},{"damage":9,"enemies":"3 Byrds","floor":18,"turns":5},{"damage":6,"enemies":"Shell Parasite","floor":22,"turns":7},{"damage":0,"enemies":"Gremlin Leader","floor":24,"turns":8},{"damage":0,"enemies":"Centurion and Healer","floor":25,"turns":11},{"damage":7,"enemies":"Sentry and Sphere","floor":29,"turns":8},{"damage":28,"enemies":"Cultist and Chosen","floor":30,"turns":6},{"damage":0,"enemies":"Centurion and Healer","floor":31,"turns":8},{"damage":72,"enemies":"Collector","floor":33,"turns":7}],"seed_played":"-387414330893727510","potions_obtained":[{"floor":5,"key":"Block Potion"},{"floor":12,"key":"Explosive Potion"},{"floor":13,"key":"EntropicBrew"},{"floor":18,"key":"PowerPotion"},{"floor":22,"key":"SteroidPotion"},{"floor":24,"key":"Strength Potion"},{"floor":31,"key":"Fruit Juice"}],"is_trial":false,"path_per_floor":["M","?","M","?","M","R","M","R","T","M","R","M","M","T","R","B",null,"M","?","$","?","M","R","E","M","T","R","?","M","M","M","R","B"],"character_chosen":"DEFECT","items_purchased":["PrismaticShard","Chaos"],"campfire_rested":0,"item_purchase_floors":[20,20],"current_hp_per_floor":[75,57,57,57,57,57,45,45,45,35,35,31,41,41,41,23,75,75,75,75,75,75,75,75,75,75,75,75,75,57,72,72,0,0],"gold":409,"neow_bonus":"RANDOM_COLORLESS","is_daily":false,"chose_seed":false,"campfire_upgraded":7,"win_rate":0.0,"timestamp":1610036978,"path_taken":["M","?","M","?","M","R","M","R","T","?","R","M","M","?","R","BOSS","M","?","$","?","M","R","E","M","T","R","?","M","M","M","R","BOSS"],"items_purchased_type":["Relic","Card"],"build_version":"2020-12-22","purchased_purges":0,"victory":false,"max_hp_per_floor":[75,75,75,75,75,75,75,75,75,75,75,75,75,75,75,75,75,75,75,75,75,75,75,75,75,75,75,75,75,75,80,80,80,80],"relic_stats":{"counters":[16,99],"Golden Idol":77,"Art of War":[8],"obtain_stats":[{"Golden Idol":2,"Oddly Smooth Stone":14,"Art of War":26,"Bottled Lightning":9,"Frozen Egg 2":24,"Cracked Core":0,"PrismaticShard":20,"FrozenCore":17},{"Golden Idol":1,"Oddly Smooth Stone":7,"Art of War":12,"Bottled Lightning":4,"Frozen Egg 2":11,"Cracked Core":0,"PrismaticShard":9,"FrozenCore":8},{"Golden Idol":2,"Oddly Smooth Stone":29,"Art of War":70,"Bottled Lightning":14,"Frozen Egg 2":59,"Cracked Core":0,"PrismaticShard":44,"FrozenCore":39}],"FrozenCore":[19]},"card_choices":[{"not_picked":["Deep Breath","Mind Blast"],"picked":"Dramatic Entrance","floor":0},{"not_picked":["Redo","Beam Cell"],"picked":"Genetic Algorithm","floor":1},{"not_picked":["Streamline","Hologram","Auto Shields"],"picked":"SKIP","floor":3},{"not_picked":["Ball Lightning","Compile Driver","Force Field"],"picked":"SKIP","floor":5},{"not_picked":["Reinforced Body","Steam Power","Loop"],"picked":"SKIP","floor":7},{"not_picked":["Rebound","Cold Snap"],"picked":"Self Repair","floor":10},{"not_picked":["Hello World","Cold Snap"],"picked":"Defragment","floor":12},{"not_picked":["Reinforced Body","Genetic Algorithm","Go for the Eyes"],"picked":"SKIP","floor":13},{"not_picked":["Fission","Thunder Strike"],"picked":"Rainbow","floor":16},{"not_picked":["Redo+1","Go for the Eyes","Leap+1"],"picked":"SKIP","floor":18},{"not_picked":["Redo+1","Leap+1"],"picked":"Go for the Eyes","floor":18},{"not_picked":["Compile Driver","Heavy Blade"],"picked":"Footwork","floor":22},{"not_picked":["Dash","Meditate","Protect+1"],"picked":"SKIP","floor":24},{"not_picked":["Bane","Mind Blast","Predator+1"],"picked":"SKIP","floor":25},{"not_picked":["Blade Dance","Bane"],"picked":"Chaos","floor":29},{"not_picked":["Calculated Gamble","Caltrops+1"],"picked":"Gash","floor":30},{"not_picked":["Ghostly Armor","DeceiveReality"],"picked":"Inflame+1","floor":31}],"player_experience":77960,"relics_obtained":[{"floor":9,"key":"Bottled Lightning"},{"floor":14,"key":"Oddly Smooth Stone"},{"floor":24,"key":"Frozen Egg 2"},{"floor":26,"key":"Art of War"}],"event_choices":[{"damage_healed":0,"gold_gain":0,"player_choice":"Take Damage","damage_taken":18,"relics_obtained":["Golden Idol"],"max_hp_gain":0,"max_hp_loss":0,"event_name":"Golden Idol","floor":2,"gold_loss":0},{"damage_healed":0,"gold_gain":100,"player_choice":"Gold","damage_taken":0,"max_hp_gain":0,"max_hp_loss":0,"event_name":"Wheel of Change","floor":4,"gold_loss":0},{"damage_healed":0,"gold_gain":0,"player_choice":"Ignored","damage_taken":0,"max_hp_gain":0,"max_hp_loss":0,"event_name":"Ghosts","floor":19,"gold_loss":0},{"damage_healed":0,"gold_gain":0,"player_choice":"Simplicity","damage_taken":0,"max_hp_gain":0,"max_hp_loss":0,"event_name":"Back to Basics","floor":21,"gold_loss":0,"cards_upgraded":["Strike_B","Strike_B","Strike_B","Strike_B","Defend_B","Defend_B","Defend_B","Defend_B"]},{"damage_healed":0,"gold_gain":0,"player_choice":"Read","damage_taken":0,"max_hp_gain":0,"max_hp_loss":0,"event_name":"The Library","floor":28,"gold_loss":0,"cards_obtained":["Capacitor"]}],"is_beta":false,"boss_relics":[{"not_picked":["Pandora\u0027s Box","Ectoplasm"],"picked":"FrozenCore"}],"items_purged_floors":[],"is_endless":false,"potions_floor_spawned":[5,12,13,18,22,24,31],"killed_by":"Collector","ascension_level":0}}