{"host":"bf9sa99gaumonoeu","time":1610056663,"event":{"mods":["AchievementEnabler","Act Like it!","BaseMod","Better Sensory Stone","Colored Map","Colored Powertips","Downfall","Friendly Minions","Gensokyo","GifTheSpireLib","Googly Eyes","Hallownest","Hermit","Hubris","Jorbs\u0027s Wanderer Trilogy","KinomotoSakuraMod(????)","Koishi","Lobotomy","Marisa????????","Minty Spire (QoL Compilation)","Rare Cards Sparkle","Reimu??????","Relic Stats","Remilia??????","Replay The Spire","StSLib","The Administrix","The Animator","The Blue Laboratory","The Bug Knight","The Construct","The Cursed","The Disciple","The Hierophant","The Mystic","The Necromancer","The Poker Player","The Runesmith","The Senshi","The Servant 0.9.4"],"gold_per_floor":[218,232,232,10,23,23,56,73,73,73,96,115,125,75,75,174,174,186,196,209,223,238,238,271,271,319,338,358,368,368,388,388,487,487,501,401,401,412,431,431,451,469,469,489,0,31,48,66,66,66],"floor_reached":51,"playtime":4641,"items_purged":["Defend_MRS","Strike_MRS"],"score":1118,"play_id":"27732096-7b91-4aed-97ec-2aec8fefbc20","local_time":"20210107195743","is_ascension_mode":true,"campfire_choices":[{"data":"GalacticHalo","floor":6.0,"key":"SMITH"},{"data":"ShootTheMoon","floor":10.0,"key":"SMITH"},{"data":"LuminesStrike","floor":15.0,"key":"SMITH"},{"data":"MaximisePower","floor":23.0,"key":"SMITH"},{"data":"EscapeVelocity","floor":25.0,"key":"SMITH"},{"data":"Secret Technique","floor":32.0,"key":"SMITH"},{"data":"LuminesStrike","floor":40.0,"key":"SMITH"},{"data":"SprinkleStarSeal","floor":49,"key":"SMITH"}],"circlet_count":0,"master_deck":["Strike_MRS","Defend_MRS","Defend_MRS","Defend_MRS","MasterSpark","UpSweep","GalacticHalo+1","ShootTheMoon+1","LuminesStrike+1","Parasite","Parasite","MilkyWay","DarkMatter","GalacticHalo","MaximisePower+1","LuminesStrike+1","SprinkleStarSeal+1","ShootingEcho","ManaConvection+1","EscapeVelocity+1","LuminesStrike+1","Secret Technique+1","ChargingUp+1","StarDustReverie","AsteroidBelt+1","Acceleration+1","Acceleration","EnergyFlow+1","GalacticHalo+1"],"relics":["MiniHakkero","Pen Nib","Blood Vial","Mastiff:ReiMu","Replay:Bottled Flurry","ShroomBag","Coffee Dripper","Singing Bowl","hubris:ToyBattleship","Empty Cage","AmplifyWand","Bottled Tornado","Centennial Puzzle","Onion Ring"],"acts_visited":["Exordium","TheCity","TheBeyond"],"potions_floor_usage":[46,50],"damage_taken":[{"damage":2.0,"enemies":"2 Louse","floor":1.0,"turns":3.0},{"damage":2.0,"enemies":"Jaw Worm","floor":2.0,"turns":4.0},{"damage":1.0,"enemies":"Small Slimes","floor":5.0,"turns":4.0},{"damage":19.0,"enemies":"HollowMod:MossKnight","floor":7.0,"turns":12.0},{"damage":10.0,"enemies":"Gremlin Gang","floor":8.0,"turns":5.0},{"damage":5.0,"enemies":"The Mushroom Lair","floor":11.0,"turns":3.0},{"damage":9.0,"enemies":"Red Slaver","floor":12.0,"turns":2.0},{"damage":1.0,"enemies":"3 Louse","floor":13.0,"turns":3.0},{"damage":30.0,"enemies":"The Guardian","floor":16.0,"turns":11.0},{"damage":0.0,"enemies":"3 Byrds","floor":18.0,"turns":3.0},{"damage":0.0,"enemies":"Shell Parasite","floor":19.0,"turns":2.0},{"damage":0.0,"enemies":"Shelled Parasite and Fungi","floor":20.0,"turns":3.0},{"damage":13.0,"enemies":"Centurion and Healer","floor":21.0,"turns":2.0},{"damage":4.0,"enemies":"Chosen and Byrds","floor":22.0,"turns":3.0},{"damage":0.0,"enemies":"Gremlin Leader","floor":24.0,"turns":2.0},{"damage":5.0,"enemies":"3 Cultists","floor":27.0,"turns":5.0},{"damage":0.0,"enemies":"Centurion and Healer","floor":28.0,"turns":2.0},{"damage":19.0,"enemies":"Sentry and Sphere","floor":29.0,"turns":4.0},{"damage":0.0,"enemies":"Snake Plant","floor":31.0,"turns":3.0},{"damage":34.0,"enemies":"Pondfish","floor":33.0,"turns":9.0},{"damage":28.0,"enemies":"3 Shapes","floor":35.0,"turns":3.0},{"damage":2.0,"enemies":"Orb Walker","floor":38.0,"turns":3.0},{"damage":18.0,"enemies":"Spire Growth","floor":39.0,"turns":4.0},{"damage":0.0,"enemies":"Sphere and 2 Shapes","floor":41.0,"turns":4.0},{"damage":12.0,"enemies":"3 Darklings","floor":42.0,"turns":2.0},{"damage":0,"enemies":"Transient","floor":44,"turns":5},{"damage":12,"enemies":"Nemesis","floor":46,"turns":5},{"damage":0,"enemies":"Writhing Mass","floor":47,"turns":3},{"damage":15,"enemies":"Jaw Worm Horde","floor":48,"turns":4},{"damage":53,"enemies":"Time Eater","floor":50,"turns":9}],"seed_played":"-2842190725917071754","potions_obtained":[{"floor":2.0,"key":"Regen Potion"},{"floor":5.0,"key":"Reflective Coating"},{"floor":8.0,"key":"Fire Potion"},{"floor":11.0,"key":"champ:CounterPotion"},{"floor":13.0,"key":"Venom Potion"},{"floor":18.0,"key":"blueLaboratory:FruitPunch"},{"floor":21.0,"key":"Reflective Coating"},{"floor":27.0,"key":"blueLaboratory:ForbiddenFruitJuice"},{"floor":33.0,"key":"Swift Potion"},{"floor":39.0,"key":"Milkshake"},{"floor":47,"key":"Energy Potion"}],"is_trial":false,"path_per_floor":["M","M","?","$","M","R","E","M","T","R","?","M","M","$","R","B",null,"M","M","M","M","M","R","E","R","T","M","M","M","?","M","R","B",null,"M","$","?","M","M","R","M","M","T","M","$","E","M","M","R","B",null],"character_chosen":"MARISA","items_purchased":["Blood Vial","FearPotion","Acceleration","Bottled Tornado","Centennial Puzzle","Adrenaline Potion"],"campfire_rested":0,"item_purchase_floors":[4,14,45,45,45,45],"current_hp_per_floor":[73,71,53,53,54,54,37,43,43,43,40,35,40,40,40,16,75,75,75,75,64,64,64,70,70,70,73,77,60,62,66,66,38,81,55,55,55,59,47,47,55,49,49,55,55,49,55,48,48,1],"gold":66,"neow_bonus":"HUNDRED_GOLD","is_daily":false,"chose_seed":false,"campfire_upgraded":8,"win_rate":0.0,"timestamp":1610056663,"path_taken":["M","M","?","$","M","R","E","M","T","R","?","M","M","$","R","BOSS","M","M","M","M","M","R","E","R","T","M","M","M","?","M","R","BOSS","M","$","?","?","M","R","M","M","T","?","?","E","M","M","R","BOSS"],"items_purchased_type":["Relic","Potion","Card","Relic","Relic","Potion"],"build_version":"2020-12-22","purchased_purges":2,"victory":true,"max_hp_per_floor":[75,75,75,75,75,75,75,75,75,75,75,75,75,75,75,75,75,75,75,75,75,75,75,75,75,75,77,77,79,81,81,81,81,81,83,83,83,85,85,85,87,89,89,91,91,91,91,93,93,93],"relic_stats":{"Blood Vial":44,"Centennial Puzzle":[9],"Singing Bowl":16,"counters":[30,127],"Pen Nib":[21],"obtain_stats":[{"AmplifyWand":43,"Singing Bowl":24,"Pen Nib":3,"Bottled Tornado":45,"Empty Cage":34,"Blood Vial":4,"ShroomBag":11,"Centennial Puzzle":45,"Mastiff:ReiMu":7,"Onion Ring":46,"Replay:Bottled Flurry":9,"Coffee Dripper":17,"hubris:ToyBattleship":26,"MiniHakkero":0},{"AmplifyWand":25,"Singing Bowl":15,"Pen Nib":2,"Bottled Tornado":26,"Empty Cage":20,"Blood Vial":2,"ShroomBag":6,"Centennial Puzzle":26,"Mastiff:ReiMu":4,"Onion Ring":27,"Replay:Bottled Flurry":5,"Coffee Dripper":9,"hubris:ToyBattleship":15,"MiniHakkero":0},{"AmplifyWand":101,"Singing Bowl":62,"Pen Nib":7,"Bottled Tornado":106,"Empty Cage":85,"Blood Vial":7,"ShroomBag":31,"Centennial Puzzle":106,"Mastiff:ReiMu":23,"Onion Ring":111,"Replay:Bottled Flurry":28,"Coffee Dripper":47,"hubris:ToyBattleship":62,"MiniHakkero":0}]},"card_choices":[{"not_picked":["GravityBeat","PowerUp","MysteriousBeam"],"picked":"SKIP","floor":1.0},{"not_picked":["OrrerysSun","Acceleration"],"picked":"GalacticHalo","floor":2.0},{"not_picked":["UnstableBomb","GravityBeat"],"picked":"ShootTheMoon","floor":5.0},{"not_picked":["OpenUniverse","GasGiant"],"picked":"LuminesStrike","floor":7.0},{"not_picked":["WitchLeyline","MagicChant","GrandCross"],"picked":"SKIP","floor":8.0},{"not_picked":["ChargeUpSpray","DarkMatter"],"picked":"MilkyWay","floor":11.0},{"not_picked":["PulseMagic","DoubleSpark"],"picked":"DarkMatter","floor":12.0},{"not_picked":["WitchLeyline","DoubleSpark"],"picked":"GalacticHalo","floor":13.0},{"not_picked":["BigCrunch","FinalSpark"],"picked":"MaximisePower","floor":16.0},{"not_picked":["DC+1","6A"],"picked":"LuminesStrike+1","floor":18.0},{"not_picked":["LuminesStrike","WitchOfGreed"],"picked":"SprinkleStarSeal","floor":19.0},{"not_picked":["GravityBeat+1","AlicesGift"],"picked":"ShootingEcho","floor":20.0},{"not_picked":["SatelliteIllusion","PropBag"],"picked":"ManaConvection+1","floor":21.0},{"not_picked":["ChargeUpSpray","PulseMagic","ShootingEcho"],"picked":"SKIP","floor":22.0},{"not_picked":["DragonMeteor","6A"],"picked":"EscapeVelocity","floor":24.0},{"not_picked":["ShootingEcho","MilkyWay","Orbital"],"picked":"Singing Bowl","floor":27.0},{"not_picked":["StarlightTyphoon","Robbery+1"],"picked":"LuminesStrike","floor":28.0},{"not_picked":["DoubleSpark","Occultation","RefractionSpark+1"],"picked":"Singing Bowl","floor":29.0},{"not_picked":["expansioncontent:PrepareCrush","expansioncontent:GoopSpray","Replay:SS_forest_5"],"picked":"Singing Bowl","floor":30.0},{"not_picked":["expansioncontent:Sear","Discovery"],"picked":"Secret Technique","floor":30.0},{"not_picked":["UnstableBomb","DarkMatter"],"picked":"ChargingUp+1","floor":31.0},{"not_picked":["BlazingStar","ManaRampage"],"picked":"StarDustReverie","floor":33.0},{"not_picked":["IllusionStar","OpenUniverse+1","StarBarrage+1"],"picked":"Singing Bowl","floor":35.0},{"not_picked":["DC","EnergyFlow"],"picked":"AsteroidBelt+1","floor":38.0},{"not_picked":["UnstableBomb+1","OpenUniverse+1"],"picked":"Acceleration+1","floor":39.0},{"not_picked":["GalacticHalo+1","PropBag","NonDirectionalLaser+1"],"picked":"Singing Bowl","floor":41.0},{"not_picked":["StarBarrage+1","PowerUp+1","LuminesStrike"],"picked":"Singing Bowl","floor":42.0},{"not_picked":["DoubleSpark","MagicChant+1","StarlightTyphoon"],"picked":"Singing Bowl","floor":44},{"not_picked":["DarkSpark+1","PulseMagic"],"picked":"EnergyFlow+1","floor":46},{"not_picked":["FairyDestructionRay+1","AlicesGift+1"],"picked":"GalacticHalo+1","floor":47},{"not_picked":["LuminesStrike+1","ChargingUp","BlazingStar"],"picked":"Singing Bowl","floor":48}],"player_experience":853784,"relics_obtained":[{"floor":7.0,"key":"Mastiff:ReiMu"},{"floor":9.0,"key":"Replay:Bottled Flurry"},{"floor":11.0,"key":"ShroomBag"},{"floor":24.0,"key":"Singing Bowl"},{"floor":26.0,"key":"hubris:ToyBattleship"},{"floor":43.0,"key":"AmplifyWand"},{"floor":46,"key":"Onion Ring"}],"event_choices":[{"damage_healed":0.0,"max_hp_gain":0.0,"max_hp_loss":0.0,"gold_gain":0.0,"event_name":"Scrap Ooze","player_choice":"Success","floor":3.0,"gold_loss":0.0,"damage_taken":18.0,"relics_obtained":["Pen Nib"]},{"damage_healed":0.0,"max_hp_gain":0.0,"max_hp_loss":0.0,"gold_gain":0.0,"event_name":"Mushrooms_MRS","player_choice":"Fought Mushrooms","floor":11.0,"gold_loss":0.0,"damage_taken":0.0},{"damage_healed":0.0,"max_hp_gain":0.0,"max_hp_loss":0.0,"gold_gain":2.0,"event_name":"betterStone:BetterStone","player_choice":"1","floor":30.0,"gold_loss":0.0,"damage_taken":0.0},{"damage_healed":0.0,"max_hp_gain":0.0,"max_hp_loss":0.0,"gold_gain":0.0,"event_name":"Fountain of Cleansing","player_choice":"Ignored","floor":37.0,"gold_loss":0.0,"damage_taken":0.0}],"is_beta":false,"boss_relics":[{"not_picked":["Snecko Eye","Ectoplasm"],"picked":"Coffee Dripper"},{"not_picked":["RampagingMagicTools","BewitchedHakkero"],"picked":"Empty Cage"}],"items_purged_floors":[4,36],"is_endless":false,"potions_floor_spawned":[2,5,8,11,13,18,21,27,33,39,47,48],"ascension_level":4}}