{"host":"sc0o2qwpf9j16a4i","time":1610020414,"event":{"mods":["AchievementEnabler","BaseMod","BetterRewards","Block Reminder","Colored Map","Colored Powertips","Custom Start","Highlight Path","Minty Spire (QoL Compilation)","Relic Stats"],"gold_per_floor":[113,113,129,129,58,69,69,94,145,171,171,10,10,29,29,100,100,118,118,68,68,86,86,114,114,139,151,173,210,192,227,239,328,340,365,389,421,433,445,457,457],"floor_reached":40,"playtime":1344,"items_purged":["Strike_B"],"score":1410,"play_id":"af5fad8f-ecda-4a58-9e93-33022de7e9ff","local_time":"20210107135334","is_ascension_mode":true,"campfire_choices":[{"floor":7,"key":"REST"},{"data":"Defragment","floor":13,"key":"SMITH"},{"data":"Hologram","floor":15,"key":"SMITH"},{"data":"Go for the Eyes","floor":23,"key":"SMITH"},{"floor":25,"key":"REST"},{"data":"Reinforced Body","floor":27,"key":"SMITH"},{"floor":32,"key":"RECALL"}],"circlet_count":0,"master_deck":["AscendersBane","Strike_B+1","Defend_B+1","Defend_B+1","Defend_B+1","Defend_B+1","Zap","Glacier","Apotheosis+1","Defragment+1","Ball Lightning","Conserve Battery","Leap","Hologram+1","Compile Driver","Coolheaded","Core Surge","Go for the Eyes+1","Heatsinks","Stack","Coolheaded","Reinforced Body+1","Stack","Reboot","Compile Driver","Blizzard"],"relics":["Cracked Core","Omamori","Tiny Chest","Ancient Tea Set","Anchor","Bag of Preparation","Calipers","Ginger","Smiling Mask","Centennial Puzzle","MealTicket","Cables","ClockworkSouvenir","SlaversCollar","Potion Belt","MawBank","Oddly Smooth Stone","Strawberry","Snecko Eye"],"acts_visited":["Exordium","TheCity","TheBeyond"],"potions_floor_usage":[29,33,40,40,40],"damage_taken":[{"damage":5,"enemies":"Small Slimes","floor":1,"turns":3},{"damage":0,"enemies":"2 Louse","floor":3,"turns":3},{"damage":0,"enemies":"Jaw Worm","floor":6,"turns":3},{"damage":10,"enemies":"3 Sentries","floor":8,"turns":7},{"damage":2,"enemies":"Lagavulin","floor":10,"turns":6},{"damage":0,"enemies":"Blue Slaver","floor":14,"turns":3},{"damage":0,"enemies":"Slime Boss","floor":16,"turns":6},{"damage":0,"enemies":"Shell Parasite","floor":18,"turns":7},{"damage":0,"enemies":"Chosen","floor":22,"turns":3},{"damage":14,"enemies":"Gremlin Leader","floor":24,"turns":7},{"damage":6,"enemies":"Snake Plant","floor":28,"turns":4},{"damage":0,"enemies":"Book of Stabbing","floor":29,"turns":5},{"damage":0,"enemies":"Collector","floor":33,"turns":15},{"damage":0,"enemies":"Orb Walker","floor":35,"turns":5},{"damage":0,"enemies":"3 Shapes","floor":36,"turns":10},{"damage":48,"enemies":"Maw","floor":37,"turns":13},{"damage":29,"enemies":"Reptomancer","floor":40,"turns":2}],"seed_played":"-8928519120015364471","potions_obtained":[{"floor":8,"key":"Ancient Potion"},{"floor":14,"key":"EntropicBrew"},{"floor":28,"key":"LiquidBronze"},{"floor":30,"key":"EssenceOfDarkness"},{"floor":30,"key":"FocusPotion"}],"is_trial":false,"path_per_floor":["M","?","M","?","?","M","R","E","T","E","T","$","R","M","R","B",null,"M","?","$","?","M","R","E","R","T","R","M","E","?","T","R","B",null,"M","M","M","?","?","E"],"character_chosen":"DEFECT","items_purchased":["Omamori","Tiny Chest","Glacier","Apotheosis","Ancient Tea Set","Anchor","Bag of Preparation","Defragment","Ball Lightning","Calipers","Ginger","Conserve Battery","ClockworkSouvenir"],"campfire_rested":2,"item_purchase_floors":[0,0,0,0,0,0,0,0,0,0,0,0,12],"current_hp_per_floor":[17,40,40,40,40,40,61,51,51,49,49,64,64,64,64,64,69,69,69,71,71,71,71,57,71,71,71,65,65,65,72,72,72,77,77,77,29,29,29,0,0],"gold":457,"neow_bonus":"","is_daily":false,"chose_seed":false,"campfire_upgraded":4,"win_rate":0.0,"timestamp":1610020414,"path_taken":["M","?","M","?","?","M","R","E","T","E","?","$","R","M","R","BOSS","M","?","$","?","M","R","E","R","T","R","M","E","?","?","R","BOSS","M","M","M","?","?","E"],"items_purchased_type":["Relic","Relic","Card","Card","Relic","Relic","Relic","Card","Card","Relic","Relic","Card","Relic"],"build_version":"2020-12-22","purchased_purges":1,"victory":false,"max_hp_per_floor":[71,71,71,71,71,71,71,71,71,71,71,71,71,71,71,71,71,71,71,71,71,71,71,71,71,71,71,71,71,71,78,78,78,78,78,78,78,78,78,78,78],"relic_stats":{"Centennial Puzzle":[51],"counters":[61,321],"Snecko Eye":[308,284,355,283],"Tiny Chest":2,"MealTicket":17,"Bag of Preparation":[34],"Ginger":[20],"Smiling Mask":25,"MawBank":168,"obtain_stats":[{"Calipers":38,"Gremlin Horn":19,"CeramicFish":27,"Runic Capacitor":54,"Bag of Preparation":0,"Ginger":0,"Ancient Tea Set":0,"Smiling Mask":8,"ClockworkSouvenir":12,"Centennial Puzzle":36,"Emotion Chip":55,"HornCleat":25,"Sundial":13,"Strawberry":31,"Tiny Chest":0,"MealTicket":10,"Cracked Core":0,"InkBottle":10,"Potion Belt":24,"Happy Flower":54,"Golden Idol":3,"Oddly Smooth Stone":12,"Eternal Feather":0,"Omamori":0,"War Paint":9,"MawBank":7,"Akabeko":26,"Cables":23,"OrangePellets":11,"SlaversCollar":17,"Anchor":9,"DataDisk":14,"Snecko Eye":17,"Black Star":34,"Symbiotic Virus":45,"FossilizedHelix":13,"Toy Ornithopter":55},{"Calipers":35,"Gremlin Horn":24,"CeramicFish":28,"Runic Capacitor":42,"Bag of Preparation":44,"Ginger":44,"Ancient Tea Set":44,"Smiling Mask":48,"ClockworkSouvenir":49,"Centennial Puzzle":33,"Emotion Chip":43,"HornCleat":27,"Sundial":21,"Strawberry":56,"Tiny Chest":44,"MealTicket":49,"Cracked Core":0,"InkBottle":6,"Potion Belt":54,"Happy Flower":42,"Golden Idol":2,"Oddly Smooth Stone":12,"Eternal Feather":16,"Omamori":44,"War Paint":5,"MawBank":10,"Akabeko":27,"Cables":26,"OrangePellets":6,"SlaversCollar":51,"Anchor":21,"DataDisk":22,"Snecko Eye":15,"Black Star":32,"Symbiotic Virus":38,"FossilizedHelix":13,"Toy Ornithopter":43},{"Calipers":162,"Gremlin Horn":115,"CeramicFish":132,"Runic Capacitor":212,"Bag of Preparation":219,"Ginger":219,"Ancient Tea Set":219,"Smiling Mask":235,"ClockworkSouvenir":241,"Centennial Puzzle":156,"Emotion Chip":216,"HornCleat":129,"Sundial":95,"Strawberry":276,"Tiny Chest":219,"MealTicket":241,"Cracked Core":0,"InkBottle":24,"Potion Belt":267,"Happy Flower":212,"Golden Idol":6,"Oddly Smooth Stone":48,"Eternal Feather":77,"Omamori":219,"War Paint":17,"MawBank":41,"Akabeko":129,"Cables":123,"OrangePellets":24,"SlaversCollar":250,"Anchor":95,"DataDisk":102,"Snecko Eye":74,"Black Star":152,"Symbiotic Virus":179,"FossilizedHelix":58,"Toy Ornithopter":216}],"Cables":[157,87,54,0,16]},"card_choices":[{"not_picked":["Rebound","Beam Cell"],"picked":"Leap","floor":1},{"not_picked":["Gash","Rebound"],"picked":"Hologram","floor":3},{"not_picked":["Glacier","Rebound"],"picked":"Compile Driver","floor":6},{"not_picked":["Consume","Self Repair"],"picked":"FTL","floor":8},{"not_picked":["Turbo","Streamline","Glacier"],"picked":"SKIP","floor":10},{"not_picked":["Leap","Compile Driver"],"picked":"Coolheaded","floor":14},{"not_picked":["All For One","Thunder Strike"],"picked":"Core Surge","floor":16},{"not_picked":["Leap","Ball Lightning"],"picked":"Go for the Eyes","floor":18},{"not_picked":["Streamline","Sweeping Beam"],"picked":"Coolheaded","floor":22},{"not_picked":["FTL","Aggregate"],"picked":"Reinforced Body","floor":24},{"not_picked":["Redo","Double Energy","Gash"],"picked":"SKIP","floor":28},{"not_picked":["Steam+1","BootSequence"],"picked":"Stack","floor":29},{"not_picked":["Amplify","Thunder Strike"],"picked":"Reboot","floor":33},{"not_picked":["Rip and Tear","Glacier"],"picked":"Compile Driver","floor":35},{"not_picked":["Turbo","Stack","Redo+1"],"picked":"SKIP","floor":36},{"not_picked":["Cold Snap","Chaos","Streamline"],"picked":"SKIP","floor":37}],"player_experience":565951,"relics_obtained":[{"floor":8,"key":"Smiling Mask"},{"floor":9,"key":"Centennial Puzzle"},{"floor":10,"key":"MealTicket"},{"floor":11,"key":"Cables"},{"floor":24,"key":"Potion Belt"},{"floor":26,"key":"MawBank"},{"floor":29,"key":"Oddly Smooth Stone"},{"floor":31,"key":"Strawberry"}],"event_choices":[{"damage_healed":23,"gold_gain":0,"player_choice":"Banana","damage_taken":0,"max_hp_gain":0,"max_hp_loss":0,"event_name":"Big Fish","floor":2,"gold_loss":0},{"damage_healed":0,"gold_gain":0,"player_choice":"Grow","damage_taken":0,"max_hp_gain":0,"max_hp_loss":0,"event_name":"Living Wall","floor":4,"gold_loss":0,"cards_upgraded":["Apotheosis"]},{"damage_healed":0,"gold_gain":0,"player_choice":"Left Gold","damage_taken":0,"max_hp_gain":0,"max_hp_loss":0,"event_name":"World of Goop","floor":5,"gold_loss":71},{"damage_healed":0,"gold_gain":0,"cards_transformed":["Strike_B","Strike_B"],"player_choice":"Became Test Subject","damage_taken":0,"max_hp_gain":0,"max_hp_loss":0,"event_name":"Drug Dealer","floor":19,"gold_loss":0,"cards_obtained":["Heatsinks","Stack"]},{"damage_healed":0,"gold_gain":0,"player_choice":"Simplicity","damage_taken":0,"max_hp_gain":0,"max_hp_loss":0,"event_name":"Back to Basics","floor":21,"gold_loss":0,"cards_upgraded":["Strike_B","Defend_B","Defend_B","Defend_B","Defend_B"]},{"damage_healed":0,"gold_gain":0,"player_choice":"Bought 2 Potions","damage_taken":0,"max_hp_gain":0,"max_hp_loss":0,"event_name":"The Woman in Blue","floor":30,"gold_loss":0},{"cards_removed":["Dualcast"],"damage_healed":0,"gold_gain":0,"player_choice":"Removed Skill","damage_taken":0,"max_hp_gain":0,"max_hp_loss":0,"event_name":"Falling","floor":38,"gold_loss":0},{"damage_healed":0,"gold_gain":0,"cards_transformed":["FTL"],"player_choice":"Transformed","damage_taken":0,"max_hp_gain":0,"max_hp_loss":0,"event_name":"Transmorgrifier","floor":39,"gold_loss":0,"cards_obtained":["Blizzard"]}],"is_beta":false,"boss_relics":[{"not_picked":["Runic Dome","Empty Cage"],"picked":"SlaversCollar"},{"not_picked":["Black Star","SacredBark"],"picked":"Snecko Eye"}],"items_purged_floors":[20],"is_endless":false,"potions_floor_spawned":[8,14,18,28],"killed_by":"Reptomancer","ascension_level":20}}