{"host":"50per11302020","time":1610006062,"event":{"mods":["AchievementEnabler","BaseMod","Colored Map","Minty Spire (QoL Compilation)","Relic Stats","StSLib"],"gold_per_floor":[119,131,32,32,32,66,66,93,175,194,194,214,389,406,406,507,507,526,526,451,451,11,11,92,92,116,132,161,175,189,214,214,317,317,336,336,298,309,6,38,38,67,67,82,42,60,92,115,127,139],"floor_reached":51,"playtime":5104,"items_purged":["Regret"],"score":1185,"play_id":"4b17b5d2-9740-4929-a748-d3a526f233ba","local_time":"20210106235422","is_ascension_mode":true,"campfire_choices":[{"floor":7.0,"key":"REST"},{"floor":11.0,"key":"REST"},{"data":"Noxious Fumes","floor":15.0,"key":"SMITH"},{"data":"Infinite Blades","floor":23.0,"key":"SMITH"},{"data":"Night Terror","floor":25.0,"key":"SMITH"},{"floor":32.0,"key":"REST"},{"data":"Calculated Gamble","floor":41.0,"key":"SMITH"},{"data":"Catalyst","floor":49,"key":"SMITH"}],"circlet_count":0,"master_deck":["Strike_G","Defend_G","Defend_G","Defend_G","Defend_G","Defend_G","Survivor","Neutralize","Chrysalis","Poisoned Stab","Sucker Punch","Poisoned Stab","Malaise","Dodge and Roll","Infinite Blades+1","Caltrops","Noxious Fumes+1","Adrenaline","Night Terror+1","Well Laid Plans+1","Blur+1","Crippling Poison+1","Cloak And Dagger+1","Blade Dance","Caltrops","PiercingWail+1","Blade Dance","Blade Dance+1","Bullet Time+1","Cloak And Dagger+1","Flash of Steel","Bandage Up","Calculated Gamble+1","Accuracy+1","Distraction+1","Accuracy","PiercingWail+1","Catalyst+1","Crippling Poison+1"],"relics":["Ring of the Snake","Tiny Chest","Bird Faced Urn","Pen Nib","Shuriken","Astrolabe","Pantograph","Matryoshka","InkBottle","Meat on the Bone","Ancient Tea Set","Bag of Preparation","Omamori","Bottled Lightning","Calling Bell","Lantern","HornCleat","Du-Vu Doll","PreservedInsect","Strange Spoon","Ornamental Fan","Ice Cream","Gremlin Horn","MawBank"],"acts_visited":["TheCity","TheBeyond"],"potions_floor_usage":[44,48,50],"damage_taken":[{"damage":1.0,"enemies":"Jaw Worm","floor":1.0,"turns":7.0},{"damage":4.0,"enemies":"Cultist","floor":2.0,"turns":5.0},{"damage":34.0,"enemies":"Gremlin Nob","floor":6.0,"turns":5.0},{"damage":11.0,"enemies":"Lagavulin","floor":8.0,"turns":9.0},{"damage":4.0,"enemies":"Small Slimes","floor":10.0,"turns":4.0},{"damage":7.0,"enemies":"Blue Slaver","floor":12.0,"turns":5.0},{"damage":1.0,"enemies":"3 Louse","floor":14.0,"turns":4.0},{"damage":34.0,"enemies":"The Guardian","floor":16.0,"turns":10.0},{"damage":14.0,"enemies":"3 Byrds","floor":18.0,"turns":6.0},{"damage":14.0,"enemies":"Shell Parasite","floor":27.0,"turns":5.0},{"damage":32.0,"enemies":"Book of Stabbing","floor":28.0,"turns":6.0},{"damage":14.0,"enemies":"Snecko","floor":29.0,"turns":6.0},{"damage":33.0,"enemies":"Cultist and Chosen","floor":30.0,"turns":8.0},{"damage":22.0,"enemies":"Gremlin Leader","floor":31.0,"turns":10.0},{"damage":47.0,"enemies":"Automaton","floor":33.0,"turns":8.0},{"damage":11.0,"enemies":"3 Shapes","floor":35.0,"turns":6.0},{"damage":21.0,"enemies":"3 Darklings","floor":38.0,"turns":4.0},{"damage":15.0,"enemies":"Giant Head","floor":40.0,"turns":5.0},{"damage":13.0,"enemies":"Reptomancer","floor":42.0,"turns":4.0},{"damage":17,"enemies":"Transient","floor":44,"turns":5},{"damage":0,"enemies":"Maw","floor":46,"turns":5},{"damage":0,"enemies":"Giant Head","floor":47,"turns":4},{"damage":0,"enemies":"Jaw Worm Horde","floor":48,"turns":3},{"damage":32,"enemies":"Awakened One","floor":50,"turns":8}],"seed_played":"-2507780062147215707","potions_obtained":[{"floor":2.0,"key":"DuplicationPotion"},{"floor":10.0,"key":"SkillPotion"},{"floor":12.0,"key":"Explosive Potion"},{"floor":16.0,"key":"Ancient Potion"},{"floor":28.0,"key":"Dexterity Potion"},{"floor":29.0,"key":"SmokeBomb"},{"floor":31.0,"key":"Explosive Potion"},{"floor":35.0,"key":"AttackPotion"},{"floor":40.0,"key":"BlessingOfTheForge"},{"floor":44,"key":"Explosive Potion"}],"is_trial":false,"path_per_floor":["M","M","$","?","?","E","R","E","T","M","R","M","?","M","R","B",null,"M","T","?","?","$","R","T","R","T","M","E","M","M","E","R","B",null,"M","?","$","M","$","E","R","E","T","M","?","M","E","M","R","B",null],"character_chosen":"THE_SILENT","items_purchased":["Poisoned Stab","Matryoshka","Blade Dance","Caltrops","GamblersBrew","Calculated Gamble","PreservedInsect","Strange Spoon"],"campfire_rested":3,"item_purchase_floors":[3,22,22,22,22,37,39,39],"current_hp_per_floor":[62,58,58,46,46,12,33,22,22,20,41,38,38,41,41,13,56,48,48,48,48,48,48,48,48,48,40,30,38,33,33,54,37,62,57,47,47,38,38,47,47,46,46,47,47,61,70,70,70,50],"gold":151,"neow_bonus":"RANDOM_COLORLESS_2","is_daily":false,"chose_seed":false,"campfire_upgraded":5,"win_rate":0.0,"timestamp":1610006062,"path_taken":["M","M","$","?","?","E","R","E","T","M","R","?","?","M","R","BOSS","M","?","?","?","?","R","?","R","T","?","E","M","M","E","R","BOSS","M","?","$","M","$","E","R","E","T","M","?","M","E","M","R","BOSS"],"items_purchased_type":["Card","Relic","Card","Card","Potion","Card","Relic","Relic"],"build_version":"2020-12-18","purchased_purges":1,"victory":true,"max_hp_per_floor":[70,70,70,70,70,70,70,70,70,70,70,70,70,70,70,70,70,70,70,70,70,70,70,70,70,70,70,70,70,70,70,70,70,70,70,70,70,70,70,70,70,70,70,70,70,70,70,70,70,70],"relic_stats":{"Gremlin Horn":[5,5],"counters":[24,142],"Astrolabe":["Well Laid Plans","Blur","Crippling Poison"],"Pen Nib":[31],"PreservedInsect":320,"Bag of Preparation":[30],"MawBank":48,"Strange Spoon":[72],"Shuriken":[74],"Ornamental Fan":[124],"Bird Faced Urn":[145],"Pantograph":16,"Tiny Chest":2,"obtain_stats":[{"Ice Cream":42,"Lantern":34,"Gremlin Horn":43,"Astrolabe":17,"Pen Nib":8,"PreservedInsect":39,"Bag of Preparation":26,"Omamori":28,"Ancient Tea Set":26,"MawBank":47,"Calling Bell":34,"Du-Vu Doll":34,"Strange Spoon":39,"Matryoshka":22,"HornCleat":34,"Shuriken":9,"Ornamental Fan":40,"Bird Faced Urn":6,"Pantograph":19,"Tiny Chest":4,"Bottled Lightning":31,"InkBottle":24,"Ring of the Snake":0,"Meat on the Bone":24},{"Ice Cream":19,"Lantern":15,"Gremlin Horn":19,"Astrolabe":8,"Pen Nib":4,"PreservedInsect":17,"Bag of Preparation":9,"Omamori":11,"Ancient Tea Set":9,"MawBank":22,"Calling Bell":15,"Du-Vu Doll":15,"Strange Spoon":17,"Matryoshka":9,"HornCleat":15,"Shuriken":4,"Ornamental Fan":18,"Bird Faced Urn":3,"Pantograph":9,"Tiny Chest":2,"Bottled Lightning":14,"InkBottle":9,"Ring of the Snake":0,"Meat on the Bone":9},{"Ice Cream":117,"Lantern":98,"Gremlin Horn":117,"Astrolabe":49,"Pen Nib":26,"PreservedInsect":108,"Bag of Preparation":55,"Omamori":66,"Ancient Tea Set":55,"MawBank":131,"Calling Bell":98,"Du-Vu Doll":98,"Strange Spoon":108,"Matryoshka":55,"HornCleat":98,"Shuriken":26,"Ornamental Fan":113,"Bird Faced Urn":17,"Pantograph":55,"Tiny Chest":12,"Bottled Lightning":90,"InkBottle":55,"Ring of the Snake":0,"Meat on the Bone":55}],"InkBottle":[49],"Ring of the Snake":[48],"Meat on the Bone":72},"card_choices":[{"not_picked":["Magnetism","Panache"],"picked":"Chrysalis","floor":0.0},{"not_picked":["Dagger Throw","Quick Slash"],"picked":"Poisoned Stab","floor":1.0},{"not_picked":["Outmaneuver","Escape Plan"],"picked":"Sucker Punch","floor":2.0},{"not_picked":["PiercingWail","Accuracy"],"picked":"Dodge and Roll","floor":6.0},{"not_picked":["All Out Attack","Riddle With Holes"],"picked":"Infinite Blades","floor":8.0},{"not_picked":["All Out Attack","Deadly Poison"],"picked":"Caltrops","floor":10.0},{"not_picked":["Dagger Spray","Cloak And Dagger"],"picked":"Noxious Fumes","floor":12.0},{"not_picked":["Flying Knee","Deadly Poison"],"picked":"Adrenaline","floor":14.0},{"not_picked":["Burst","Venomology"],"picked":"Night Terror","floor":16.0},{"not_picked":["Deadly Poison+1","Riddle With Holes+1"],"picked":"Cloak And Dagger+1","floor":18.0},{"not_picked":["Outmaneuver","Poisoned Stab"],"picked":"PiercingWail+1","floor":27.0},{"not_picked":["Setup","Deflect+1","PiercingWail"],"picked":"SKIP","floor":28.0},{"not_picked":["Deadly Poison","Cloak And Dagger","Poisoned Stab"],"picked":"SKIP","floor":29.0},{"not_picked":["Eviscerate","Setup"],"picked":"Blade Dance","floor":30.0},{"not_picked":["Wraith Form v2","Choke"],"picked":"Blade Dance+1","floor":31.0},{"not_picked":["Storm of Steel","Burst"],"picked":"Bullet Time","floor":33.0},{"not_picked":["Deflect+1","Flying Knee+1"],"picked":"Cloak And Dagger+1","floor":35.0},{"not_picked":["PanicButton","Dramatic Entrance"],"picked":"Flash of Steel","floor":36.0},{"not_picked":["Blind","Mind Blast"],"picked":"Bandage Up","floor":36.0},{"not_picked":["Prepared","Slice"],"picked":"Accuracy+1","floor":38.0},{"not_picked":["Wraith Form v2","Flying Knee+1"],"picked":"Distraction+1","floor":40.0},{"not_picked":["Dagger Spray+1","Escape Plan+1"],"picked":"Accuracy","floor":42.0},{"not_picked":["Quick Slash+1","Flying Knee+1"],"picked":"PiercingWail+1","floor":44},{"not_picked":["Dash","Underhanded Strike"],"picked":"Catalyst","floor":46},{"not_picked":["Dagger Spray+1","Bane+1"],"picked":"Crippling Poison+1","floor":47},{"not_picked":["Bane","A Thousand Cuts","Dagger Throw"],"picked":"SKIP","floor":48}],"player_experience":102841,"relics_obtained":[{"floor":6.0,"key":"Bird Faced Urn"},{"floor":8.0,"key":"Pen Nib"},{"floor":9.0,"key":"Shuriken"},{"floor":19.0,"key":"Pantograph"},{"floor":24.0,"key":"InkBottle"},{"floor":24.0,"key":"Meat on the Bone"},{"floor":26.0,"key":"Ancient Tea Set"},{"floor":26.0,"key":"Bag of Preparation"},{"floor":28.0,"key":"Omamori"},{"floor":31.0,"key":"Bottled Lightning"},{"floor":34.0,"key":"Lantern"},{"floor":34.0,"key":"HornCleat"},{"floor":34.0,"key":"Du-Vu Doll"},{"floor":40.0,"key":"Ornamental Fan"},{"floor":42.0,"key":"Ice Cream"},{"floor":43.0,"key":"Gremlin Horn"},{"floor":47,"key":"MawBank"}],"event_choices":[{"damage_healed":0.0,"max_hp_gain":0.0,"max_hp_loss":0.0,"gold_gain":0.0,"event_name":"Scrap Ooze","player_choice":"Success","floor":4.0,"gold_loss":0.0,"damage_taken":12.0,"relics_obtained":["Tiny Chest"]},{"damage_healed":0.0,"max_hp_gain":0.0,"max_hp_loss":0.0,"gold_gain":0.0,"cards_transformed":["Strike_G"],"event_name":"Transmorgrifier","player_choice":"Transformed","floor":5.0,"gold_loss":0.0,"damage_taken":0.0,"cards_obtained":["Malaise"]},{"damage_healed":0.0,"max_hp_gain":0.0,"max_hp_loss":0.0,"gold_gain":175.0,"event_name":"Liars Game","player_choice":"AGREE","floor":13.0,"gold_loss":0.0,"damage_taken":0.0,"cards_obtained":["Doubt"]},{"cards_removed":["Doubt"],"damage_healed":0.0,"max_hp_gain":0.0,"max_hp_loss":0.0,"gold_gain":0.0,"event_name":"Beggar","player_choice":"Gave Gold","floor":20.0,"gold_loss":75.0,"damage_taken":0.0},{"damage_healed":0.0,"max_hp_gain":0.0,"max_hp_loss":0.0,"gold_gain":0.0,"event_name":"Vampires","player_choice":"Ignored","floor":21.0,"gold_loss":0.0,"damage_taken":0.0},{"damage_healed":0.0,"max_hp_gain":0.0,"max_hp_loss":0.0,"gold_gain":0.0,"event_name":"SensoryStone","player_choice":"Memory 3","floor":36.0,"gold_loss":0.0,"damage_taken":10.0},{"damage_healed":0,"gold_gain":0,"player_choice":"Upgrade","damage_taken":0,"max_hp_gain":0,"max_hp_loss":0,"event_name":"Designer","floor":45,"gold_loss":40,"cards_upgraded":["Bullet Time"]}],"is_beta":true,"boss_relics":[{"not_picked":["Fusion Hammer","Ring of the Serpent"],"picked":"Astrolabe"},{"not_picked":["Runic Pyramid","HoveringKite"],"picked":"Calling Bell"}],"items_purged_floors":[3],"is_endless":false,"potions_floor_spawned":[2,10,12,16,28,29,31,35,40,44],"ascension_level":9}}