{"host":"2nhpogk5xa0u9xre","time":1610001726,"event":{"mods":["Aspiration","BaseMod","Colored Powertips","Googly Eyes","Hubris","Infinite Spire","Minty Spire (QoL Compilation)","Rare Cards Sparkle","Replay The Spire","StSLib","The Construct","The Hayseed","The Hierophant","The Runesmith","The Senshi","everything is the same but u backflip on backflip"],"gold_per_floor":[110,129,129,129,129,129,149,5,74,90,13,31,48,80,80,178,178,193,193,203,221,143,143,162,162,162,178,212,226,244,261,261,360,360,378,397,397,397,397,397,413,442,442,459,478,478,509,526,526,526,526],"floor_reached":50,"playtime":2740,"items_purged":[],"score":557,"play_id":"16f01173-a472-4f66-96fe-868657e23fd9","local_time":"20210107014206","is_ascension_mode":false,"campfire_choices":[{"data":"infinitespire:NeuralNetwork","floor":6,"key":"SMITH"},{"data":"Neutralize","floor":15,"key":"SMITH"},{"data":"Bouncing Flask","floor":23,"key":"SMITH"},{"data":"Choke","floor":25,"key":"SMITH"},{"data":"ReplayTheSpireMod:Necrosis","floor":32,"key":"SMITH"},{"data":"Madness","floor":40,"key":"SMITH"},{"floor":46,"key":"REST"},{"data":"Night Terror","floor":49,"key":"SMITH"}],"circlet_count":0,"master_deck":["Strike_G","Strike_G","Strike_G+1","Strike_G","Defend_G","Defend_G","Defend_G","Defend_G","Defend_G","Survivor","Neutralize+1","Cloak And Dagger","Footwork","infinitespire:NeuralNetwork+1","Backstab","Blade Dance","Flying Knee","ReplayTheSpireMod:From All Sides","Choke+1","Cloak And Dagger","Blade Dance+1","Bouncing Flask+1","Backflip","Noxious Fumes","ReplayTheSpireMod:Scrap Shanks+1","Crippling Poison","ReplayTheSpireMod:Necrosis+1","Night Terror+1","Blur+1","Accuracy+1","Madness","Madness+1","Neutralize","Phantasmal Killer","Flying Knee+1","Dagger Spray","Slice+1","Riddle With Holes+1","Quick Slash+1","Backflip"],"relics":["Ring of the Snake","NeowsBlessing","TwistedFunnel","Replay:Accelerometer","theSenshi:FeatherClipsRelic","Runesmith:UraniumAnvil","Mango","Garlic","infinitespire:Satchel","Painkiller Herb","Gremlin Food","Replay:Drink Me","Runesmith:AutoHammer","hubris:Metronome","hubris:ToyBattleship"],"acts_visited":["Exordium","TheCity","TheBeyond"],"potions_floor_usage":[10,14,16,16,20,33,33,33,35,45,47,47,50],"damage_taken":[{"damage":0,"enemies":"2 Louse","floor":1,"turns":1},{"damage":0,"enemies":"Small Slimes","floor":2,"turns":1},{"damage":0,"enemies":"Jaw Worm","floor":5,"turns":1},{"damage":3,"enemies":"Large Slime","floor":7,"turns":12},{"damage":1,"enemies":"Exordium Wildlife","floor":10,"turns":3},{"damage":2,"enemies":"3 Louse","floor":12,"turns":2},{"damage":0,"enemies":"Lots of Slimes","floor":13,"turns":2},{"damage":6,"enemies":"Lagavulin","floor":14,"turns":6},{"damage":3,"enemies":"Hexaghost","floor":16,"turns":8},{"damage":7,"enemies":"Spheric Guardian","floor":18,"turns":6},{"damage":7,"enemies":"Shell Parasite","floor":20,"turns":2},{"damage":15,"enemies":"Sentry and Sphere","floor":21,"turns":8},{"damage":1,"enemies":"Snecko","floor":24,"turns":4},{"damage":4,"enemies":"Chosen and Byrds","floor":27,"turns":4},{"damage":9,"enemies":"Book of Stabbing","floor":28,"turns":5},{"damage":0,"enemies":"Sentry and Sphere","floor":29,"turns":3},{"damage":16,"enemies":"3 Cultists","floor":30,"turns":5},{"damage":8,"enemies":"Centurion and Healer","floor":31,"turns":5},{"damage":26,"enemies":"Champ","floor":33,"turns":9},{"damage":22,"enemies":"3 Darklings","floor":35,"turns":5},{"damage":0,"enemies":"Orb Walker","floor":36,"turns":3},{"damage":9,"enemies":"Transient","floor":41,"turns":5},{"damage":37,"enemies":"Reptomancer","floor":42,"turns":6},{"damage":23,"enemies":"Writhing Mass","floor":44,"turns":5},{"damage":1,"enemies":"Jaw Worm Horde","floor":45,"turns":2},{"damage":15,"enemies":"Nemesis","floor":47,"turns":5},{"damage":0,"enemies":"4 Shapes","floor":48,"turns":6},{"damage":38,"enemies":"Time Eater","floor":50,"turns":11}],"seed_played":"8102208116188310898","potions_obtained":[{"floor":1,"key":"SkillPotion"},{"floor":2,"key":"Strength Potion"},{"floor":12,"key":"Energy Potion"},{"floor":14,"key":"ColorlessPotion"},{"floor":16,"key":"SkillPotion"},{"floor":20,"key":"Strength Potion"},{"floor":27,"key":"Strength Potion"},{"floor":28,"key":"Languid Potion"},{"floor":33,"key":"DuplicationPotion"},{"floor":41,"key":"SpeedPotion"},{"floor":44,"key":"Weak Potion"},{"floor":45,"key":"SkillPotion"},{"floor":47,"key":"FearPotion"}],"is_trial":false,"path_per_floor":["M","M","?","?","M","R","M","$","T","M","$","M","M","E","R","B",null,"M","?","M","M","$","R","M","R","T","M","E","M","M","M","R","B",null,"?","?","?","AVR","?","T","?","E","T","?","?","T","E","?","T","B"],"character_chosen":"THE_SILENT","items_purchased":["TwistedFunnel","Caltrops","Bouncing Flask"],"campfire_rested":1,"item_purchase_floors":[8,11,22],"current_hp_per_floor":[70,70,75,57,57,57,54,54,54,53,53,51,51,45,45,48,75,74,88,87,78,78,78,83,83,83,85,82,88,78,76,76,56,89,73,79,68,67,67,67,64,33,33,16,21,41,32,38,38,0,0],"gold":526,"neow_bonus":"THREE_ENEMY_KILL","is_daily":false,"chose_seed":false,"campfire_upgraded":7,"win_rate":0.0,"timestamp":1610001726,"path_taken":["M","M","?","?","M","R","M","$","T","M","?","M","?","E","R","BOSS","M","?","M","M","$","R","?","R","T","M","E","M","M","M","R","BOSS","?","?","?","AVR","?","T","?","E","T","?","?","T","E","?","T","BOSS"],"items_purchased_type":["Relic","Card","Card"],"build_version":"2020-12-22","purchased_purges":0,"victory":false,"max_hp_per_floor":[70,70,75,75,75,75,75,75,75,75,75,75,75,75,75,75,75,75,89,89,89,89,89,89,89,89,89,89,89,89,89,89,89,89,89,89,89,67,67,67,67,67,67,67,67,67,67,67,67,67,67],"card_choices":[{"not_picked":["Acrobatics","Flechettes"],"picked":"Cloak And Dagger","floor":1},{"not_picked":["Blade Dance","Calculated Gamble"],"picked":"Footwork","floor":2},{"not_picked":["ReplayTheSpireMod:Black Plague","infinitespire:UltimateForm"],"picked":"infinitespire:NeuralNetwork","floor":4},{"not_picked":["Prepared","hubris:SlightOfHand","Poisoned Stab"],"picked":"SKIP","floor":5},{"not_picked":["Quick Slash","Deflect"],"picked":"Backstab","floor":7},{"not_picked":["Finisher","Draining Mist","Doppelganger"],"picked":"SKIP","floor":10},{"not_picked":["Dagger Throw","Bane"],"picked":"Blade Dance","floor":12},{"not_picked":["Backflip","Underhanded Strike"],"picked":"Sucker Punch","floor":13},{"not_picked":["Cloak And Dagger","All Out Attack"],"picked":"Flying Knee","floor":14},{"not_picked":["Atom Bomb","Doppelganger"],"picked":"ReplayTheSpireMod:From All Sides","floor":16},{"not_picked":["Dagger Throw+1","Caltrops"],"picked":"Choke","floor":18},{"not_picked":["Acrobatics","Dagger Throw"],"picked":"Cloak And Dagger","floor":20},{"not_picked":["Prepared","Dash"],"picked":"Blade Dance+1","floor":21},{"not_picked":["Predator+1","Setup"],"picked":"Backflip","floor":24},{"not_picked":["Bouncing Flask","ReplayTheSpireMod:Shiv Toss"],"picked":"Noxious Fumes","floor":27},{"not_picked":["Slice","Eviscerate"],"picked":"ReplayTheSpireMod:Scrap Shanks+1","floor":28},{"not_picked":["Draining Mist+1","Prepared+1"],"picked":"Crippling Poison","floor":29},{"not_picked":["Tactician+1","Dodge and Roll","Dagger Throw"],"picked":"SKIP","floor":30},{"not_picked":["ReplayTheSpireMod:The Works","PiercingWail"],"picked":"ReplayTheSpireMod:Necrosis","floor":31},{"not_picked":["Grand Finale","ReplayTheSpireMod:From All Sides"],"picked":"Night Terror","floor":33},{"not_picked":["Bane","Dagger Throw"],"picked":"Blur+1","floor":35},{"not_picked":["Sucker Punch+1","ReplayTheSpireMod:Speed Training"],"picked":"Accuracy+1","floor":36},{"not_picked":["Toxin Wave+1","Prepared"],"picked":"Flying Knee+1","floor":41},{"not_picked":["Outmaneuver+1","Underhanded Strike+1"],"picked":"Dagger Spray","floor":42},{"not_picked":["Sucker Punch","Flying Knee"],"picked":"Slice+1","floor":44},{"not_picked":["ReplayTheSpireMod:Tripwire","Cloak And Dagger"],"picked":"Riddle With Holes+1","floor":45},{"not_picked":["Underhanded Strike+1","hubris:Sniper"],"picked":"Quick Slash+1","floor":47},{"not_picked":["Toxin Wave","ReplayTheSpireMod:Speed Training"],"picked":"Backflip","floor":48}],"player_experience":219690,"relics_obtained":[{"floor":9,"key":"Replay:Accelerometer"},{"floor":14,"key":"theSenshi:FeatherClipsRelic"},{"floor":19,"key":"Mango"},{"floor":26,"key":"Garlic"},{"floor":28,"key":"infinitespire:Satchel"},{"floor":42,"key":"Runesmith:AutoHammer"},{"floor":43,"key":"hubris:Metronome"},{"floor":47,"key":"hubris:ToyBattleship"}],"event_choices":[{"damage_healed":0,"gold_gain":0,"player_choice":"Donut","damage_taken":0,"max_hp_gain":5,"max_hp_loss":0,"event_name":"Big Fish","floor":3,"gold_loss":0},{"damage_healed":0,"gold_gain":0,"player_choice":"Relic","damage_taken":0,"max_hp_gain":0,"max_hp_loss":0,"event_name":"Wheel of Change","floor":19,"gold_loss":0},{"damage_healed":0,"gold_gain":0,"player_choice":"Embrace Madness","damage_taken":11,"max_hp_gain":0,"max_hp_loss":0,"event_name":"Winding Halls","floor":37,"gold_loss":0,"cards_obtained":["Madness","Madness"]},{"damage_healed":0,"gold_gain":0,"player_choice":"2 cards matched","damage_taken":0,"max_hp_gain":0,"max_hp_loss":0,"event_name":"Match and Keep!","floor":39,"gold_loss":0,"cards_obtained":["Neutralize","Phantasmal Killer"]}],"is_beta":false,"boss_relics":[{"not_picked":["Replay:Bronze Core","SacredBark"],"picked":"Runesmith:UraniumAnvil"},{"not_picked":["Runic Dome","hubris:RunicObelisk"],"picked":"Painkiller Herb"}],"items_purged_floors":[],"is_endless":false,"potions_floor_spawned":[1,2,12,14,16,20,27,28,31,33,41,44,45,47],"killed_by":"Time Eater","ascension_level":0}}