{"host":"yvb207ks1sg3cxef","time":1610035672,"event":{"mods":["2.2 Compatiblity","BaseMod","Bestiary","Colored Powertips","Minty Spire (QoL Compilation)","Permanent Neow","Quick Restart","Relic Stats","StSLib"],"gold_per_floor":[10,23,35,53,53,53,84,84,166,23,39,39,71,81,81,180,180,198,123,151,166,166,195,145,174,174,188,205,205,217,247,247,349,349,366,413,433,433,433,461,461,471,496,513,546,546,559,592,592,592,592,592,37,67,67],"floor_reached":56,"playtime":4143,"items_purged":["Strike_P","FlurryOfBlows+1"],"score":1895,"play_id":"956fbfb9-d7d0-48b9-845d-311f12612169","local_time":"20210107213752","is_ascension_mode":true,"campfire_choices":[{"data":"TalkToTheHand","floor":6.0,"key":"SMITH"},{"data":"LikeWater","floor":15.0,"key":"SMITH"},{"data":"Study","floor":29.0,"key":"SMITH"},{"floor":32.0,"key":"REST"},{"floor":41.0,"key":"RECALL"},{"floor":46.0,"key":"REST"},{"floor":49.0,"key":"REST"},{"floor":52.0,"key":"REST"}],"circlet_count":0,"master_deck":["Eruption+1","Vigilance+1","DeusExMachina+1","LessonLearned+1","Protect+1","TalkToTheHand+1","FearNoEvil+1","Study+1","LikeWater+1","Halt+1","LikeWater+1","SpiritShield+1","Devotion+1","MentalFortress+1","FollowUp+1","LikeWater+1","Necronomicurse","CutThroughFate+1","Study+1","Adaptation+1","Devotion+1","Scrawl+1","EmptyBody+1","Tantrum+1","LikeWater+1","TalkToTheHand+1","FearNoEvil+1","LikeWater+1","LikeWater+1","Vault","EmptyMind+1","Scrawl+1","Adaptation+1","Vengeance+1"],"relics":["PureWater","Calipers","Question Card","War Paint","Astrolabe","Red Mask","Necronomicon","Tiny Chest","Gremlin Horn","Molten Egg 2","Yang","Empty Cage","Ginger","The Courier","Bird Faced Urn","Lantern","Frozen Egg 2","Orrery","Bronze Scales","Vajra","Letter Opener"],"acts_visited":["Exordium","TheCity","TheBeyond","TheEnding"],"potions_floor_usage":[55,55,55],"damage_taken":[{"damage":0.0,"enemies":"Jaw Worm","floor":1.0,"turns":2.0},{"damage":0.0,"enemies":"Cultist","floor":2.0,"turns":3.0},{"damage":3.0,"enemies":"Small Slimes","floor":3.0,"turns":3.0},{"damage":12.0,"enemies":"Exordium Thugs","floor":4.0,"turns":3.0},{"damage":0.0,"enemies":"Gremlin Nob","floor":7.0,"turns":4.0},{"damage":2.0,"enemies":"Blue Slaver","floor":11.0,"turns":3.0},{"damage":0.0,"enemies":"Lagavulin","floor":13.0,"turns":7.0},{"damage":1.0,"enemies":"3 Louse","floor":14.0,"turns":4.0},{"damage":0.0,"enemies":"The Guardian","floor":16.0,"turns":11.0},{"damage":0.0,"enemies":"2 Thieves","floor":18.0,"turns":4.0},{"damage":35.0,"enemies":"Masked Bandits","floor":20.0,"turns":7.0},{"damage":0.0,"enemies":"3 Byrds","floor":21.0,"turns":6.0},{"damage":2.0,"enemies":"Gremlin Leader","floor":23.0,"turns":5.0},{"damage":3.0,"enemies":"Book of Stabbing","floor":25.0,"turns":7.0},{"damage":8.0,"enemies":"Snake Plant","floor":27.0,"turns":6.0},{"damage":2.0,"enemies":"Snecko","floor":28.0,"turns":6.0},{"damage":16.0,"enemies":"Centurion and Healer","floor":30.0,"turns":7.0},{"damage":5.0,"enemies":"Slavers","floor":31.0,"turns":5.0},{"damage":0.0,"enemies":"Automaton","floor":33.0,"turns":6.0},{"damage":0.0,"enemies":"3 Shapes","floor":35.0,"turns":5.0},{"damage":43.0,"enemies":"2 Orb Walkers","floor":36.0,"turns":8.0},{"damage":0.0,"enemies":"Orb Walker","floor":37.0,"turns":4.0},{"damage":0.0,"enemies":"Nemesis","floor":40.0,"turns":5.0},{"damage":0.0,"enemies":"Spire Growth","floor":42.0,"turns":4.0},{"damage":16.0,"enemies":"3 Darklings","floor":44.0,"turns":5.0},{"damage":5.0,"enemies":"Giant Head","floor":45.0,"turns":6.0},{"damage":22.0,"enemies":"Sphere and 2 Shapes","floor":47.0,"turns":4.0},{"damage":55.0,"enemies":"Reptomancer","floor":48.0,"turns":6.0},{"damage":1.0,"enemies":"Awakened One","floor":50.0,"turns":9.0},{"damage":43.0,"enemies":"Shield and Spear","floor":54.0,"turns":11.0},{"damage":40,"enemies":"The Heart","floor":55,"turns":7}],"seed_played":"900699041785994979","potions_obtained":[{"floor":2.0,"key":"Regen Potion"},{"floor":7.0,"key":"Fire Potion"},{"floor":13.0,"key":"Regen Potion"},{"floor":23.0,"key":"Ancient Potion"},{"floor":27.0,"key":"BlessingOfTheForge"},{"floor":28.0,"key":"DuplicationPotion"},{"floor":31.0,"key":"SneckoOil"},{"floor":35.0,"key":"EssenceOfSteel"},{"floor":38.0,"key":"Ambrosia"},{"floor":38.0,"key":"Swift Potion"},{"floor":42.0,"key":"DuplicationPotion"},{"floor":48.0,"key":"GamblersBrew"}],"is_trial":false,"path_per_floor":["M","M","M","M","?","R","E","?","T","$","M","$","E","M","R","B",null,"M","?","?","M","?","E","?","E","T","M","M","R","M","E","R","B",null,"M","?","M","?","T","E","R","M","T","M","E","R","M","E","R","B",null,"R","$","E","B",null],"character_chosen":"WATCHER","items_purchased":["Study","LikeWater+1","LikeWater+1","Orrery","Bronze Scales","Vajra"],"campfire_rested":4,"item_purchase_floors":[10,53,53,53,53,53],"current_hp_per_floor":[65,65,62,50,36,36,36,41,41,41,39,39,39,38,38,38,67,67,67,32,32,16,48,48,45,45,37,35,35,19,14,37,37,67,67,24,24,24,24,24,24,42,42,42,57,77,61,26,49,68,75,77,77,44,34],"gold":67,"neow_bonus":"TRANSFORM_TWO_CARDS","is_daily":false,"chose_seed":false,"campfire_upgraded":3,"win_rate":0.0,"timestamp":1610035672,"path_taken":["M","M","M","M","?","R","E","?","T","?","M","?","E","?","R","BOSS","M","?","?","M","?","E","?","E","T","M","M","R","M","E","R","BOSS","M","?","M","?","?","E","R","M","T","M","E","R","M","E","R","BOSS","R","$","E","BOSS"],"items_purchased_type":["Card","Card","Card","Relic","Relic","Relic"],"build_version":"2020-12-22","purchased_purges":2,"victory":true,"max_hp_per_floor":[72,72,72,72,72,72,72,77,77,77,77,77,77,77,77,77,77,77,77,77,77,77,77,77,77,77,77,77,77,77,77,77,77,77,77,77,77,77,77,77,77,77,77,77,77,77,77,77,77,77,77,77,77,77,77],"relic_stats":{"Gremlin Horn":[20,22],"counters":[31,173],"Astrolabe":["Devotion","MentalFortress","FollowUp"],"Yang":[264],"Ginger":[5],"Letter Opener":[35],"War Paint":["DeusExMachina","Halt"],"Question Card":29,"Bird Faced Urn":[140],"Bronze Scales":[135],"Tiny Chest":1,"Necronomicon":[15],"obtain_stats":[{"Lantern":45,"Calipers":7,"Gremlin Horn":25,"Astrolabe":17,"Vajra":53,"Yang":31,"The Courier":39,"Ginger":36,"Letter Opener":54,"War Paint":13,"Frozen Egg 2":48,"Question Card":9,"Empty Cage":34,"Bird Faced Urn":40,"Bronze Scales":53,"Orrery":53,"Tiny Chest":23,"Molten Egg 2":26,"Red Mask":20,"Necronomicon":22,"PureWater":0},{"Lantern":26,"Calipers":5,"Gremlin Horn":14,"Astrolabe":9,"Vajra":29,"Yang":18,"The Courier":22,"Ginger":21,"Letter Opener":30,"War Paint":7,"Frozen Egg 2":28,"Question Card":5,"Empty Cage":19,"Bird Faced Urn":23,"Bronze Scales":29,"Orrery":29,"Tiny Chest":13,"Molten Egg 2":14,"Red Mask":11,"Necronomicon":12,"PureWater":0},{"Lantern":136,"Calipers":15,"Gremlin Horn":69,"Astrolabe":40,"Vajra":155,"Yang":93,"The Courier":116,"Ginger":112,"Letter Opener":166,"War Paint":25,"Frozen Egg 2":146,"Question Card":15,"Empty Cage":99,"Bird Faced Urn":121,"Bronze Scales":155,"Orrery":155,"Tiny Chest":62,"Molten Egg 2":69,"Red Mask":51,"Necronomicon":57,"PureWater":0}]},"card_choices":[{"not_picked":["Crescendo","EmptyBody"],"picked":"Protect","floor":1.0},{"not_picked":["ClearTheMind","CutThroughFate"],"picked":"FlurryOfBlows","floor":2.0},{"not_picked":["ThirdEye","WindmillStrike"],"picked":"TalkToTheHand","floor":3.0},{"not_picked":["FollowUp","Judgement","PathToVictory"],"picked":"SKIP","floor":4.0},{"not_picked":["JustLucky","InnerPeace"],"picked":"FearNoEvil","floor":7.0},{"not_picked":["Pray","WindmillStrike","BowlingBash"],"picked":"LikeWater","floor":11.0},{"not_picked":["BowlingBash","FlyingSleeves","ClearTheMind"],"picked":"Halt","floor":13.0},{"not_picked":["ConjureBlade","Halt","EmptyBody"],"picked":"LikeWater","floor":14.0},{"not_picked":["Devotion","DeusExMachina","Blasphemy"],"picked":"SpiritShield","floor":16.0},{"not_picked":["BowlingBash","PathToVictory","JustLucky","Crescendo"],"picked":"SKIP","floor":18.0},{"not_picked":["ClearTheMind","Consecrate","PathToVictory+1"],"picked":"FollowUp","floor":20.0},{"not_picked":["Nirvana+1","ReachHeaven","Collect"],"picked":"LikeWater","floor":21.0},{"not_picked":["Wish","EmptyBody","DeceiveReality"],"picked":"CutThroughFate+1","floor":23.0},{"not_picked":["Ragnarok","CutThroughFate","FollowUp","EmptyBody"],"picked":"SKIP","floor":25.0},{"not_picked":["Halt","Consecrate+1","DeceiveReality+1"],"picked":"Study","floor":27.0},{"not_picked":["JustLucky+1","FlurryOfBlows+1","FollowUp+1","Swivel"],"picked":"SKIP","floor":28.0},{"not_picked":["BowlingBash+1","Evaluate","FlyingSleeves+1"],"picked":"Adaptation+1","floor":30.0},{"not_picked":["WindmillStrike+1","SashWhip+1","Crescendo+1"],"picked":"Devotion","floor":31.0},{"not_picked":["Judgement","DeusExMachina","ConjureBlade"],"picked":"Scrawl","floor":33.0},{"not_picked":["CutThroughFate+1","Study+1","CrushJoints+1","SashWhip+1"],"picked":"SKIP","floor":35.0},{"not_picked":["FlurryOfBlows+1","LessonLearned+1","Vengeance+1"],"picked":"EmptyBody+1","floor":36.0},{"not_picked":["FlyingSleeves+1","Halt+1","Prostrate+1","Conclude+1"],"picked":"SKIP","floor":37.0},{"not_picked":["WheelKick+1","DeusExMachina","Consecrate+1"],"picked":"Tantrum+1","floor":40.0},{"not_picked":["ThirdEye","Wallop+1","Conclude+1","Consecrate+1"],"picked":"SKIP","floor":42.0},{"not_picked":["ClearTheMind+1","BattleHymn","FollowUp+1"],"picked":"LikeWater+1","floor":44.0},{"not_picked":["CutThroughFate+1","JustLucky+1","Indignation+1","Pray+1"],"picked":"SKIP","floor":45.0},{"not_picked":["Sanctity","Protect+1","FlurryOfBlows+1"],"picked":"TalkToTheHand+1","floor":47.0},{"not_picked":["FlyingSleeves+1","Conclude+1","FollowUp+1"],"picked":"FearNoEvil+1","floor":48.0},{"not_picked":["Halt+1","FlyingSleeves+1","Tantrum+1"],"picked":"Vault","floor":53.0},{"not_picked":["CutThroughFate+1","Halt+1","FollowUp+1"],"picked":"EmptyMind+1","floor":53.0},{"not_picked":["Ragnarok+1","Consecrate+1","EmptyBody+1"],"picked":"Scrawl","floor":53.0},{"not_picked":["Tantrum+1","Wallop+1","LessonLearned+1"],"picked":"Adaptation+1","floor":53.0},{"not_picked":["Weave+1","ThirdEye","Tantrum+1"],"picked":"Vengeance+1","floor":54.0}],"player_experience":306216,"relics_obtained":[{"floor":7.0,"key":"Calipers"},{"floor":9.0,"key":"Question Card"},{"floor":13.0,"key":"War Paint"},{"floor":20.0,"key":"Red Mask"},{"floor":22.0,"key":"Necronomicon"},{"floor":23.0,"key":"Tiny Chest"},{"floor":25.0,"key":"Gremlin Horn"},{"floor":26.0,"key":"Molten Egg 2"},{"floor":31.0,"key":"Yang"},{"floor":36.0,"key":"Ginger"},{"floor":39.0,"key":"The Courier"},{"floor":40.0,"key":"Bird Faced Urn"},{"floor":45.0,"key":"Lantern"},{"floor":48.0,"key":"Frozen Egg 2"},{"floor":54.0,"key":"Letter Opener"}],"event_choices":[{"damage_healed":0.0,"max_hp_gain":0.0,"max_hp_loss":0.0,"gold_gain":0.0,"event_name":"Shining Light","player_choice":"Entered Light","floor":5.0,"gold_loss":0.0,"damage_taken":14.0,"cards_upgraded":["Defend_P","Defend_P"]},{"damage_healed":0.0,"max_hp_gain":5.0,"max_hp_loss":0.0,"gold_gain":0.0,"event_name":"Big Fish","player_choice":"Donut","floor":8.0,"gold_loss":0.0,"damage_taken":0.0},{"cards_removed":["Defend_P"],"damage_healed":0.0,"max_hp_gain":0.0,"max_hp_loss":0.0,"gold_gain":0.0,"event_name":"Beggar","player_choice":"Gave Gold","floor":19.0,"gold_loss":75.0,"damage_taken":0.0},{"damage_healed":0.0,"max_hp_gain":0.0,"max_hp_loss":0.0,"gold_gain":0.0,"event_name":"Masked Bandits","player_choice":"Fought Bandits","floor":20.0,"gold_loss":0.0,"damage_taken":0.0},{"damage_healed":0.0,"max_hp_gain":0.0,"max_hp_loss":0.0,"gold_gain":0.0,"event_name":"Cursed Tome","player_choice":"Obtained Book","floor":22.0,"gold_loss":0.0,"damage_taken":16.0},{"damage_healed":0.0,"max_hp_gain":0.0,"max_hp_loss":0.0,"gold_gain":0.0,"event_name":"The Joust","player_choice":"Bet on Murderer","floor":24.0,"gold_loss":50.0,"damage_taken":0.0},{"damage_healed":0.0,"max_hp_gain":0.0,"max_hp_loss":0.0,"gold_gain":0.0,"event_name":"Mysterious Sphere","player_choice":"Fight","floor":36.0,"gold_loss":0.0,"damage_taken":0.0},{"damage_healed":0.0,"max_hp_gain":0.0,"max_hp_loss":0.0,"gold_gain":0.0,"event_name":"Lab","player_choice":"Got Potions","floor":38.0,"gold_loss":0.0,"damage_taken":0.0}],"is_beta":false,"boss_relics":[{"not_picked":["Sozu","Busted Crown"],"picked":"Astrolabe"},{"not_picked":["Cursed Key","Runic Dome"],"picked":"Empty Cage"}],"items_purged_floors":[10,53],"is_endless":false,"potions_floor_spawned":[2,7,13,23,27,28,31,35,42,44,45,48],"ascension_level":8}}