{"host":"2lrkmsuh7nz013qb","time":1610021040,"event":{"mods":["BaseMod","Colored Map","DeckTracker","Minty Spire (QoL Compilation)","SuperFastMode","everything is the same but u backflip on backflip"],"gold_per_floor":[219,231,231,231,243,243,270,270,296,296,61,80,99,116,116,187,187,197,247,261,276,276,276],"floor_reached":22,"playtime":655,"items_purged":["Strike_G"],"score":356,"play_id":"02fbfd9f-bce6-4051-9879-2570f701d3f4","local_time":"20210107210400","is_ascension_mode":true,"campfire_choices":[{"data":"Flying Knee","floor":6.0,"key":"SMITH"},{"data":"Neutralize","floor":8.0,"key":"SMITH"},{"data":"Eviscerate","floor":10.0,"key":"SMITH"},{"floor":15.0,"key":"REST"}],"circlet_count":0,"master_deck":["AscendersBane","Strike_G","Strike_G","Strike_G","Strike_G","Defend_G","Defend_G","Defend_G","Defend_G","Defend_G","Survivor","Neutralize+1","Flying Knee+1","Eviscerate+1","After Image","Deadly Poison","Reflex","Blade Dance+1","Backstab"],"relics":["Ring of the Snake","Odd Mushroom","Blood Vial","WristBlade"],"acts_visited":["Exordium","TheCity"],"potions_floor_usage":[22],"damage_taken":[{"damage":0.0,"enemies":"2 Louse","floor":1.0,"turns":4.0},{"damage":9.0,"enemies":"Jaw Worm","floor":2.0,"turns":6.0},{"damage":14.0,"enemies":"Small Slimes","floor":5.0,"turns":6.0},{"damage":21.0,"enemies":"The Mushroom Lair","floor":7.0,"turns":5.0},{"damage":0.0,"enemies":"Looter","floor":12.0,"turns":4.0},{"damage":3.0,"enemies":"Exordium Wildlife","floor":13.0,"turns":5.0},{"damage":14.0,"enemies":"3 Louse","floor":14.0,"turns":4.0},{"damage":14.0,"enemies":"The Guardian","floor":16.0,"turns":15.0},{"damage":27.0,"enemies":"3 Byrds","floor":18.0,"turns":9.0},{"damage":20.0,"enemies":"2 Thieves","floor":20.0,"turns":4.0},{"damage":15.0,"enemies":"Snake Plant","floor":21.0,"turns":4.0},{"damage":0,"enemies":"Centurion and Healer","floor":22,"turns":2}],"seed_played":"-3690181907851218302","potions_obtained":[{"floor":7.0,"key":"BlessingOfTheForge"},{"floor":14.0,"key":"SkillPotion"},{"floor":16.0,"key":"Weak Potion"},{"floor":20.0,"key":"Strength Potion"},{"floor":21.0,"key":"Strength Potion"}],"is_trial":false,"path_per_floor":["M","M","?","?","M","R","?","R","T","R","$","M","M","M","R","B",null,"M","?","M","M","M"],"character_chosen":"THE_SILENT","items_purchased":["After Image"],"campfire_rested":1,"item_purchase_floors":[11],"current_hp_per_floor":[59,50,50,55,41,41,20,20,20,20,20,22,21,9,30,18,58,33,33,15,2,4,4],"gold":276,"neow_bonus":"HUNDRED_GOLD","is_daily":false,"chose_seed":false,"campfire_upgraded":3,"win_rate":0.0,"timestamp":1610021040,"path_taken":["M","M","?","?","M","R","?","R","T","R","?","?","M","M","R","BOSS","M","?","?","M","M"],"items_purchased_type":["Card"],"build_version":"2020-12-22","purchased_purges":1,"victory":false,"max_hp_per_floor":[66,66,66,71,71,71,71,71,71,71,71,71,71,71,71,71,71,71,71,71,71,71,71],"card_choices":[{"not_picked":["Acrobatics","Backflip"],"picked":"Flying Knee","floor":1.0},{"not_picked":["Expertise","Infinite Blades","Underhanded Strike"],"picked":"SKIP","floor":2.0},{"not_picked":["Acrobatics","Outmaneuver","Flechettes"],"picked":"SKIP","floor":5.0},{"not_picked":["Setup","Deflect"],"picked":"Eviscerate","floor":7.0},{"not_picked":["Envenom","Dagger Spray"],"picked":"Deadly Poison","floor":12.0},{"not_picked":["Crippling Poison","PiercingWail","Dodge and Roll"],"picked":"SKIP","floor":13.0},{"not_picked":["Noxious Fumes","Backstab"],"picked":"Reflex","floor":14.0},{"not_picked":["Backflip","Finisher"],"picked":"Blade Dance+1","floor":18.0},{"not_picked":["Dash","Flying Knee"],"picked":"Backstab","floor":20.0},{"not_picked":["Footwork","Sucker Punch","Eviscerate"],"picked":"SKIP","floor":21.0}],"player_experience":740641,"relics_obtained":[{"floor":7.0,"key":"Odd Mushroom"},{"floor":9.0,"key":"Blood Vial"}],"event_choices":[{"damage_healed":0.0,"max_hp_gain":0.0,"max_hp_loss":0.0,"gold_gain":0.0,"event_name":"Shining Light","player_choice":"Ignored","floor":3.0,"gold_loss":0.0,"damage_taken":0.0},{"damage_healed":0.0,"max_hp_gain":5.0,"max_hp_loss":0.0,"gold_gain":0.0,"event_name":"Big Fish","player_choice":"Donut","floor":4.0,"gold_loss":0.0,"damage_taken":0.0},{"damage_healed":0.0,"max_hp_gain":0.0,"max_hp_loss":0.0,"gold_gain":0.0,"event_name":"Mushrooms","player_choice":"Fought Mushrooms","floor":7.0,"gold_loss":0.0,"damage_taken":0.0},{"damage_healed":0.0,"max_hp_gain":0.0,"max_hp_loss":0.0,"gold_gain":50.0,"event_name":"Golden Shrine","player_choice":"Pray","floor":19.0,"gold_loss":0.0,"damage_taken":0.0}],"is_beta":false,"boss_relics":[{"not_picked":["Black Star","Coffee Dripper"],"picked":"WristBlade"}],"items_purged_floors":[11],"is_endless":false,"potions_floor_spawned":[7,14,16,20,21],"killed_by":"Centurion and Healer","ascension_level":20}}