{"host":"g53rv5lvqt2dt0d8","time":1610013501,"event":{"mods":["AchievementEnabler","BaseMod","Better Match","BetterRewards","Card Forge","Colored Map","Colored Powertips","Infinite Spire","Minty Spire (QoL Compilation)","Quick Restart","Replay The Spire","StSLib","Unceasing Turn Reminder"],"gold_per_floor":[118,118,118,130,142,142,168,16,16,42,142,156,156,175,175,276,276,292,311,327,252,281,281,308,308,334,334,351,386,404,424,424,565,565,617,669,723,786,853,950,950,710,710,710,769,769,769,838,838,1010,1010,1083,517,692,716,796,864,926,926,974,1076,1076,1159,1159,1256,1256,1400,1400,1492,1500,1597,1698,1698,1698,1235,1235,1260,1260,1337,1441,1441,1441,1441,1597,1597,1711,1567,1583,1640,1640,1765,1765,1887,1910,1899,1899],"floor_reached":95,"playtime":6511,"items_purged":[],"score":2905,"play_id":"62fd5393-186b-406b-b14e-6f6d41b5f64c","local_time":"20210107095821","is_ascension_mode":true,"campfire_choices":[{"floor":6.0,"key":"RECALL"},{"floor":13.0,"key":"REST"},{"floor":15.0,"key":"DIG"},{"floor":23.0,"key":"REST"},{"floor":27.0,"key":"REST"},{"floor":32.0,"key":"REST"},{"floor":44.0,"key":"REST"},{"floor":46.0,"key":"REST"},{"floor":49.0,"key":"DIG"},{"data":"Conclude","floor":59.0,"key":"SMITH"},{"floor":62.0,"key":"REST"},{"floor":66.0,"key":"DIG"},{"floor":74.0,"key":"REST"},{"floor":81.0,"key":"REST"},{"floor":92,"key":"REST"}],"circlet_count":1,"master_deck":["Strike_P+1","Defend_P+1","Eruption+1","Vigilance+1","Fasting2+1","Consecrate+1","Adaptation+1","FollowUp+1","FlyingSleeves+1","Adrenaline+1","infinitespire:FutureSight+1","Judgement+1","Crescendo+1","Replay:ManipulateFuture+1","Replay:BluntJabs+1","Replay:DivineShield+1","ForeignInfluence+1","CarveReality+1","Study+1","Wraith Form v2+1","infinitespire:Starlight+1","Bullet Time+1","Adaptation+1","EmptyFist+1","EmptyFist+1","Wish+1","LikeWater+1","Enlightenment+1","Conclude+1","Replay:Battleflow+1","Alpha+1","WaveOfTheHand+1","DeusExMachina+1","JustLucky+1","Halt+1","infinitespire:UltimateForm+1","infinitespire:UltimateForm+1","Omniscience+1","CrushJoints+1","Acrobatics+1","ReplayTheSpireMod:IOU","SashWhip+1","Wallop+1","MasterReality+1"],"relics":["Hammer of Thor","Seething Fire","Anvil of the Gods","Omamori","HandDrill","OrangePellets","Damaru","Replay:M_StaffOfTheSnake","Ginger","ClockworkSouvenir","infinitespire:Midas Blood","Replay:Baseball","Replay:Wanted Poster","Frozen Eye","Onion Ring","Ring of Chaos","TeardropLocket","War Paint","infinitespire:EvilPickle","Astrolabe","Meat on the Bone","Pantograph","Replay:Arrowhead","Replay:Kaleidoscope","Runic Pyramid","ReplayTheSpireMod:CursedCoin","Darkstone Periapt","ReplayFunnel","Pear","Circlet","Happy Flower","Replay:Bottled Steam","infinitespire:FocusingShard","ReplayTheSpireMod:TigerMarble","Pet Ghost","Philosopher\u0027s Stone","Replay:Blank Codex","MutagenicStrength","Vajra","Melange","Nunchaku","Orichalcum","Replay:Accelerometer","Replay:Grab Bag","Cursed Key","Fusion Hammer","Black Star","Medical Kit","infinitespire:Golems Mask","Ancient Tea Set","InkBottle","Matryoshka","Lantern","infinitespire:Satchel"],"acts_visited":["Exordium","TheCity","TheBeyond","Exordium","TheCity","TheBeyond"],"potions_floor_usage":[88,93,93],"damage_taken":[{"damage":0.0,"enemies":"2 Louse","floor":1.0,"turns":2.0},{"damage":0.0,"enemies":"Cultist","floor":4.0,"turns":2.0},{"damage":0.0,"enemies":"Jaw Worm","floor":5.0,"turns":2.0},{"damage":1.0,"enemies":"3 Sentries","floor":7.0,"turns":4.0},{"damage":0.0,"enemies":"Gremlin Nob","floor":10.0,"turns":1.0},{"damage":3.0,"enemies":"Exordium Wildlife","floor":12.0,"turns":2.0},{"damage":0.0,"enemies":"Exordium Thugs","floor":14.0,"turns":2.0},{"damage":0.0,"enemies":"The Guardian","floor":16.0,"turns":4.0},{"damage":2.0,"enemies":"2 Thieves","floor":18.0,"turns":1.0},{"damage":0.0,"enemies":"3 Byrds","floor":19.0,"turns":1.0},{"damage":1.0,"enemies":"3 Cultists","floor":20.0,"turns":3.0},{"damage":6.0,"enemies":"Snecko","floor":22.0,"turns":2.0},{"damage":0.0,"enemies":"Slavers","floor":24.0,"turns":2.0},{"damage":4.0,"enemies":"Chosen and Byrds","floor":28.0,"turns":3.0},{"damage":32.0,"enemies":"Replay:Snechameleon","floor":29.0,"turns":3.0},{"damage":0.0,"enemies":"3 Cultists","floor":30.0,"turns":2.0},{"damage":0.0,"enemies":"Centurion and Healer","floor":31.0,"turns":2.0},{"damage":40.0,"enemies":"Pondfish","floor":33.0,"turns":4.0},{"damage":0.0,"enemies":"Orb Walker","floor":35.0,"turns":1.0},{"damage":0.0,"enemies":"3 Darklings","floor":36.0,"turns":2.0},{"damage":0.0,"enemies":"Transient","floor":37.0,"turns":5.0},{"damage":0.0,"enemies":"Jaw Worm Horde","floor":38.0,"turns":2.0},{"damage":1.0,"enemies":"Writhing Mass","floor":39.0,"turns":2.0},{"damage":57.0,"enemies":"Nightmare","floor":40.0,"turns":7.0},{"damage":1.0,"enemies":"Spire Growth","floor":45.0,"turns":3.0},{"damage":0.0,"enemies":"Transient","floor":48.0,"turns":5.0},{"damage":27.0,"enemies":"Donu and Deca","floor":50.0,"turns":5.0},{"damage":0.0,"enemies":"Jaw Worm","floor":52.0,"turns":1.0},{"damage":0.0,"enemies":"Cultist","floor":56.0,"turns":1.0},{"damage":0.0,"enemies":"3 Sentries","floor":57.0,"turns":2.0},{"damage":0.0,"enemies":"2 Louse","floor":58.0,"turns":1.0},{"damage":0.0,"enemies":"Gremlin Nob","floor":61.0,"turns":4.0},{"damage":0.0,"enemies":"Lagavulin","floor":63.0,"turns":2.0},{"damage":8.0,"enemies":"Replay:BlueRogue","floor":65.0,"turns":2.0},{"damage":0.0,"enemies":"Hexaghost","floor":67.0,"turns":2.0},{"damage":0.0,"enemies":"Spheric Guardian","floor":69.0,"turns":2.0},{"damage":0.0,"enemies":"Chosen","floor":71.0,"turns":1.0},{"damage":0.0,"enemies":"Shelled Parasite and Fungi","floor":72.0,"turns":1.0},{"damage":0.0,"enemies":"Nightmare","floor":79.0,"turns":3.0},{"damage":20.0,"enemies":"Centurion and Healer","floor":80.0,"turns":3.0},{"damage":38.0,"enemies":"Automaton","floor":84.0,"turns":5.0},{"damage":0,"enemies":"Orb Walker","floor":86,"turns":1},{"damage":25,"enemies":"2 Orb Walkers","floor":88,"turns":3},{"damage":0,"enemies":"Reptomancer","floor":91,"turns":6},{"damage":28,"enemies":"3 Darklings","floor":93,"turns":2},{"damage":92,"enemies":"Nightmare_Alpha","floor":95,"turns":3}],"seed_played":"5902327606631847799","potions_obtained":[{"floor":5.0,"key":"SteroidPotion"},{"floor":10.0,"key":"Ancient Potion"},{"floor":14.0,"key":"EssenceOfSteel"},{"floor":16.0,"key":"SkillPotion"},{"floor":18.0,"key":"Explosive Potion"},{"floor":22.0,"key":"Energy Potion"},{"floor":29.0,"key":"Dexterity Potion"},{"floor":30.0,"key":"Adrenaline Potion"},{"floor":38.0,"key":"Weak Potion"},{"floor":45.0,"key":"Toxic Potion"},{"floor":48.0,"key":"BottledMiracle"},{"floor":50.0,"key":"LiquidMemories"},{"floor":58.0,"key":"LiquidBronze"},{"floor":69.0,"key":"DuplicationPotion"},{"floor":79.0,"key":"BottledMiracle"},{"floor":84.0,"key":"Venom Potion"},{"floor":89,"key":"Elixir"},{"floor":91,"key":"Explosive Potion"}],"is_trial":false,"path_per_floor":["M","?","?","M","M","R","E","$","T","E","AVR","M","R","M","R_BF","B",null,"M","M","M","?","M","R","E","$","T","R","M","E","M","M","R","B",null,"M","M","M","M","M","NM","?","$","T","R","M","R","?","M","R_BF","B",null,"M","$","?","T","M","E","M","R","T","E","R","E","?","E","R_BF","B",null,"M","?","M","M","?","R","$","?","T","?","NM","M","R","?","R_BF","B",null,"M","$","?","?","?","E","R","M","T","NM"],"character_chosen":"WATCHER","items_purchased":["Omamori","HandDrill","OrangePellets","Fasting2","Damaru","ClockworkSouvenir","Pantograph","ReplayTheSpireMod:CursedCoin","Dead Branch","Darkstone Periapt","LikeWater","Enlightenment","Vajra","Melange","Nunchaku","Medical Kit"],"campfire_rested":10,"item_purchase_floors":[0,0,0,0,0,8,42,53,53,53,53,53,75,75,75,87],"current_hp_per_floor":[72,72,72,72,72,72,71,71,71,71,71,68,72,72,72,72,72,70,70,69,69,63,72,72,72,72,72,68,36,36,36,57,17,72,72,72,72,72,71,15,15,15,15,36,50,71,71,72,72,60,72,72,72,72,72,72,82,82,82,82,82,82,82,82,82,82,82,82,82,66,66,66,66,82,82,82,82,82,82,62,82,94,94,56,94,94,94,84,90,90,90,100,72,78,0,0],"gold":1899,"neow_bonus":"","is_daily":false,"chose_seed":false,"campfire_upgraded":1,"win_rate":0.0,"timestamp":1610013501,"path_taken":["M","?","?","M","?","R","E","$","T","E","$","M","R","M","R_BF","BOSS","M","?","M","?","M","R","E","$","T","R","M","E","M","M","R","BOSS","M","M","M","M","M","NM","?","$","T","R","M","R","?","M","R_BF","BOSS","M","$","?","?","M","E","M","R","T","E","R","E","?","E","R_BF","BOSS","M","?","M","M","?","R","$","?","T","?","NM","M","R","?","R_BF","BOSS","M","$","?","?","?","E","R","M","T","NM"],"items_purchased_type":["Relic","Relic","Relic","Card","Relic","Relic","Relic","Relic","Relic","Relic","Card","Card","Relic","Relic","Relic","Relic"],"build_version":"2020-12-22","purchased_purges":0,"victory":false,"max_hp_per_floor":[72,72,72,72,72,72,72,72,72,72,72,72,72,72,72,72,72,72,72,72,72,72,72,72,72,72,72,72,72,72,72,72,72,72,72,72,72,72,72,72,72,72,72,72,72,72,72,72,72,72,72,72,72,72,72,72,82,82,82,82,82,82,82,82,82,82,82,82,82,82,82,82,82,82,82,82,82,82,82,82,82,94,94,94,94,94,94,94,100,100,100,100,100,106,106,106],"card_choices":[{"not_picked":["ClearTheMind","Weave"],"picked":"Consecrate","floor":1.0},{"not_picked":["JustLucky","WreathOfFlame"],"picked":"FollowUp","floor":4.0},{"not_picked":["Consecrate","Acrobatics"],"picked":"FlyingSleeves","floor":5.0},{"not_picked":["FlyingSleeves","WindmillStrike"],"picked":"Adrenaline","floor":7.0},{"not_picked":["FlyingSleeves","Indignation"],"picked":"PathToVictory","floor":10.0},{"not_picked":["Collect","FollowUp","DeceiveReality"],"picked":"SKIP","floor":12.0},{"not_picked":["SashWhip","Evaluate"],"picked":"Crescendo","floor":14.0},{"not_picked":["Alpha","Night Terror"],"picked":"Judgement","floor":16.0},{"not_picked":["CrushJoints","FlyingSleeves"],"picked":"Crescendo","floor":18.0},{"not_picked":["CrushJoints","Halt"],"picked":"Replay:ManipulateFuture+1","floor":19.0},{"not_picked":["Weave+1","Outmaneuver+1"],"picked":"Replay:BluntJabs","floor":20.0},{"not_picked":["WaveOfTheHand","ReachHeaven","ClearTheMind"],"picked":"SKIP","floor":22.0},{"not_picked":["Flying Knee","Replay:AtTheReady"],"picked":"Replay:DivineShield","floor":24.0},{"not_picked":["Replay:AtTheReady","Acrobatics","BowlingBash"],"picked":"SKIP","floor":28.0},{"not_picked":["EmptyMind","Replay:BluntJabs"],"picked":"ForeignInfluence","floor":29.0},{"not_picked":["Replay:AtTheReady","Outmaneuver"],"picked":"CarveReality+1","floor":30.0},{"not_picked":["ThirdEye","Prostrate+1"],"picked":"Study","floor":31.0},{"not_picked":["Grand Finale","DevaForm"],"picked":"Wraith Form v2","floor":33.0},{"not_picked":["Prostrate","Worship+1"],"picked":"Conclude+1","floor":35.0},{"not_picked":["DeceiveReality+1","FlurryOfBlows","ThirdEye"],"picked":"SKIP","floor":36.0},{"not_picked":["FlurryOfBlows","Halt+1","Replay:ManipulateFuture+1"],"picked":"SKIP","floor":37.0},{"not_picked":["EmptyBody+1","Tantrum"],"picked":"Adaptation+1","floor":38.0},{"not_picked":["FlyingSleeves+1","Judgement"],"picked":"EmptyFist","floor":39.0},{"not_picked":["CutThroughFate","JustLucky"],"picked":"EmptyFist+1","floor":40.0},{"not_picked":["MentalFortress","Replay:BluntJabs+1","ClearTheMind+1"],"picked":"SKIP","floor":45.0},{"not_picked":["Replay:ManipulateFuture","Prostrate","Crescendo+1"],"picked":"SKIP","floor":48.0},{"not_picked":["LessonLearned","SpiritShield"],"picked":"Wish","floor":50.0},{"not_picked":["Wallop","Wireheading","Halt"],"picked":"SKIP","floor":52.0},{"not_picked":["JustLucky","Crescendo","EmptyBody"],"picked":"SKIP","floor":56.0},{"not_picked":["Prostrate","FlurryOfBlows","Replay:Vibes"],"picked":"SKIP","floor":57.0},{"not_picked":["Dagger Throw","FlyingSleeves"],"picked":"Conclude","floor":58.0},{"not_picked":["DeceiveReality","MentalFortress","FlyingSleeves"],"picked":"SKIP","floor":61.0},{"not_picked":["EmptyMind","Acrobatics","Replay:Cycle"],"picked":"SKIP","floor":63.0},{"not_picked":["CarveReality","Outmaneuver"],"picked":"Replay:Battleflow","floor":65.0},{"not_picked":["Grand Finale","Doppelganger"],"picked":"Alpha","floor":67.0},{"not_picked":["ThirdEye","Replay:ManipulateFuture"],"picked":"WaveOfTheHand+1","floor":69.0},{"not_picked":["Halt","Tantrum","Replay:ManipulateFuture"],"picked":"SKIP","floor":71.0},{"not_picked":["LikeWater+1","Consecrate"],"picked":"DeusExMachina","floor":72.0},{"not_picked":["ClearTheMind","Replay:BluntJabs+1"],"picked":"JustLucky+1","floor":79.0},{"not_picked":["Evaluate","Replay:BluntJabs+1"],"picked":"Halt+1","floor":80.0},{"not_picked":["ReplayTheSpireMod:Black Plague","infinitespire:FinalStrike"],"picked":"infinitespire:UltimateForm","floor":82.0},{"not_picked":["infinitespire:NeuralNetwork","infinitespire:Execution"],"picked":"infinitespire:UltimateForm","floor":84.0},{"not_picked":["SpiritShield","Adrenaline"],"picked":"Omniscience","floor":84.0},{"not_picked":["Predator+1","Sanctity+1"],"picked":"CrushJoints","floor":86},{"not_picked":["WaveOfTheHand+1","EmptyBody+1"],"picked":"Acrobatics+1","floor":88},{"not_picked":["Predator+1","Crescendo"],"picked":"SashWhip","floor":89},{"not_picked":["Study+1","ReachHeaven"],"picked":"Wallop+1","floor":89},{"not_picked":["Replay:Vibes+1","BattleHymn+1","FollowUp+1"],"picked":"SKIP","floor":91},{"not_picked":["Flying Knee+1","CrushJoints+1"],"picked":"MasterReality","floor":93}],"player_experience":522352,"relics_obtained":[{"floor":7.0,"key":"Ginger"},{"floor":9.0,"key":"infinitespire:Midas Blood"},{"floor":10.0,"key":"Replay:Baseball"},{"floor":15.0,"key":"Onion Ring"},{"floor":24.0,"key":"TeardropLocket"},{"floor":29.0,"key":"War Paint"},{"floor":40.0,"key":"Meat on the Bone"},{"floor":43.0,"key":"Replay:Arrowhead"},{"floor":49.0,"key":"Replay:Kaleidoscope"},{"floor":55.0,"key":"ReplayFunnel"},{"floor":57.0,"key":"Pear"},{"floor":60.0,"key":"Happy Flower"},{"floor":61.0,"key":"Replay:Bottled Steam"},{"floor":63.0,"key":"infinitespire:FocusingShard"},{"floor":65.0,"key":"ReplayTheSpireMod:TigerMarble"},{"floor":66.0,"key":"Pet Ghost"},{"floor":70.0,"key":"Replay:Blank Codex"},{"floor":77.0,"key":"Orichalcum"},{"floor":79.0,"key":"Replay:Accelerometer"},{"floor":88,"key":"infinitespire:Golems Mask"},{"floor":89,"key":"Ancient Tea Set"},{"floor":91,"key":"InkBottle"},{"floor":91,"key":"Matryoshka"},{"floor":94,"key":"Lantern"},{"floor":94,"key":"infinitespire:Satchel"}],"event_choices":[{"damage_healed":0.0,"max_hp_gain":0.0,"max_hp_loss":0.0,"gold_gain":0.0,"cards_transformed":["Strike_P"],"event_name":"Transmorgrifier","player_choice":"Transformed","floor":3.0,"gold_loss":0.0,"damage_taken":0.0,"cards_obtained":["Adaptation"]},{"cards_removed":["Defend_P"],"damage_healed":0.0,"max_hp_gain":0.0,"max_hp_loss":0.0,"gold_gain":0.0,"event_name":"Beggar","player_choice":"Gave Gold","floor":21.0,"gold_loss":75.0,"damage_taken":0.0},{"cards_removed":["Conclude"],"damage_healed":0.0,"max_hp_gain":0.0,"max_hp_loss":0.0,"gold_gain":0.0,"event_name":"Falling","player_choice":"Removed Attack","floor":41.0,"gold_loss":0.0,"damage_taken":0.0},{"damage_healed":0.0,"max_hp_gain":0.0,"max_hp_loss":0.0,"gold_gain":175.0,"event_name":"Liars Game","player_choice":"AGREE","floor":54.0,"gold_loss":0.0,"damage_taken":0.0,"cards_obtained":["Doubt"]},{"damage_healed":0.0,"max_hp_gain":0.0,"max_hp_loss":0.0,"gold_gain":0.0,"event_name":"Shining Light","player_choice":"Ignored","floor":64.0,"gold_loss":0.0,"damage_taken":0.0},{"damage_healed":0.0,"max_hp_gain":0.0,"max_hp_loss":0.0,"gold_gain":0.0,"event_name":"Cursed Tome","player_choice":"Obtained Book","floor":70.0,"gold_loss":0.0,"damage_taken":16.0},{"damage_healed":0.0,"max_hp_gain":0.0,"max_hp_loss":0.0,"gold_gain":0.0,"event_name":"Drug Dealer","player_choice":"Inject Mutagens","floor":73.0,"gold_loss":0.0,"damage_taken":0.0,"relics_obtained":["MutagenicStrength"]},{"damage_healed":0.0,"max_hp_gain":0.0,"max_hp_loss":0.0,"gold_gain":0.0,"event_name":"Ghosts","player_choice":"Ignored","floor":76.0,"gold_loss":0.0,"damage_taken":0.0},{"cards_removed":["Replay:Vibes"],"damage_healed":0.0,"max_hp_gain":0.0,"max_hp_loss":0.0,"gold_gain":0.0,"event_name":"Back to Basics","player_choice":"Elegance","floor":78.0,"gold_loss":0.0,"damage_taken":0.0},{"damage_healed":0,"gold_gain":0,"player_choice":"Fight","damage_taken":0,"max_hp_gain":0,"max_hp_loss":0,"event_name":"Mysterious Sphere","floor":88,"gold_loss":0},{"damage_healed":0,"gold_gain":0,"player_choice":"Ignored","damage_taken":0,"max_hp_gain":0,"max_hp_loss":0,"event_name":"SecretPortal","floor":90,"gold_loss":0}],"is_beta":false,"boss_relics":[{"not_picked":["Replay:Grab Bag","Kintsugi"],"picked":"Ring of Chaos"},{"not_picked":["Empty Cage","Snecko Eye"],"picked":"Astrolabe"},{"not_picked":["Tiny House","ReplayTheSpireMod:SealedPack"],"picked":"Runic Pyramid"},{"not_picked":["Honey Jar","Painkiller Herb"],"picked":"Philosopher\u0027s Stone"},{"not_picked":["Tiny House","Runic Dome"],"picked":"Replay:Grab Bag"},{"not_picked":["Busted Crown","ReplayTheSpireMod:Onyx Gauntlets"],"picked":"Cursed Key"},{"not_picked":["ReplayTheSpireMod:DimensionalGlitch","Replay:Bronze Core"],"picked":"Fusion Hammer"},{"not_picked":["Kintsugi","Empty Cage"],"picked":"Black Star"}],"items_purged_floors":[],"is_endless":true,"potions_floor_spawned":[5,10,14,16,18,19,22,29,30,38,45,48,50,52,58,61,69,79,84,91],"killed_by":"Nightmare_Alpha","ascension_level":2}}