{"host":"pf47v7h0307523iy","time":1610040873,"event":{"mods":["BaseMod","Minty Spire (QoL Compilation)"],"gold_per_floor":[116,191,204,129,129,129,154,174,245,277,277,292,302,334,334,406,406,426,405,405,405,405],"floor_reached":21,"playtime":3660,"items_purged":[],"score":398,"play_id":"7df0d7dd-2813-4ddf-b127-323b5b9ba3c1","local_time":"20210107193433","is_ascension_mode":true,"campfire_choices":[{"data":"Eruption","floor":6,"key":"SMITH"},{"data":"Meditate","floor":11,"key":"SMITH"},{"data":"TalkToTheHand","floor":15,"key":"SMITH"}],"circlet_count":0,"master_deck":["AscendersBane","Strike_P","Strike_P","Strike_P","Strike_P","Defend_P","Defend_P","Defend_P","Defend_P","Eruption+1","Vigilance","Meditate+1","TalkToTheHand+1","Establishment","Eruption","FlurryOfBlows","Protect","WaveOfTheHand","Wallop","Meditate","ClearTheMind","ConjureBlade"],"relics":["PureWater","Calipers","Oddly Smooth Stone","TeardropLocket","Sundial","StoneCalendar","Busted Crown"],"acts_visited":["Exordium","TheCity"],"potions_floor_usage":[7,10,14,19],"damage_taken":[{"damage":0,"enemies":"2 Louse","floor":1,"turns":2},{"damage":0,"enemies":"Small Slimes","floor":3,"turns":3},{"damage":13,"enemies":"Lagavulin","floor":7,"turns":5},{"damage":0,"enemies":"Cultist","floor":8,"turns":2},{"damage":4,"enemies":"Gremlin Nob","floor":10,"turns":3},{"damage":0,"enemies":"Looter","floor":12,"turns":3},{"damage":0,"enemies":"Exordium Thugs","floor":13,"turns":3},{"damage":9,"enemies":"3 Sentries","floor":14,"turns":8},{"damage":4,"enemies":"The Guardian","floor":16,"turns":11},{"damage":21,"enemies":"3 Byrds","floor":18,"turns":7},{"damage":16,"enemies":"2 Thieves","floor":19,"turns":4},{"damage":23,"enemies":"3 Cultists","floor":21,"turns":5}],"seed_played":"-2243978829703026293","potions_obtained":[{"floor":1,"key":"SneckoOil"},{"floor":7,"key":"Block Potion"},{"floor":12,"key":"SkillPotion"},{"floor":14,"key":"DuplicationPotion"}],"is_trial":false,"path_per_floor":["M","?","M","?","?","R","E","M","T","E","R","M","M","E","R","B",null,"M","M","?","M"],"character_chosen":"WATCHER","items_purchased":[],"campfire_rested":0,"item_purchase_floors":[],"current_hp_per_floor":[61,50,50,50,50,50,37,37,37,33,33,33,33,24,24,20,56,35,19,19,0,0],"gold":405,"neow_bonus":"ONE_RARE_RELIC","is_daily":false,"chose_seed":false,"campfire_upgraded":3,"win_rate":0.0,"timestamp":1610040873,"path_taken":["M","?","M","?","?","R","E","M","T","E","R","?","M","E","R","BOSS","M","M","?","M"],"items_purchased_type":[],"build_version":"2020-12-22","purchased_purges":0,"victory":false,"max_hp_per_floor":[68,68,68,68,68,68,68,68,68,68,68,68,68,68,68,68,68,68,68,68,68,68],"card_choices":[{"not_picked":["SashWhip","ThirdEye"],"picked":"Meditate","floor":1},{"not_picked":["ClearTheMind","BattleHymn"],"picked":"TalkToTheHand","floor":3},{"not_picked":["EmptyFist","EmptyBody"],"picked":"FlurryOfBlows","floor":7},{"not_picked":["Crescendo","JustLucky"],"picked":"Protect","floor":8},{"not_picked":["MasterReality","InnerPeace"],"picked":"WaveOfTheHand","floor":10},{"not_picked":["CrushJoints","Pray"],"picked":"Wallop","floor":12},{"not_picked":["EmptyBody","Consecrate"],"picked":"Meditate","floor":13},{"not_picked":["BattleHymn","FlyingSleeves"],"picked":"ClearTheMind","floor":14},{"not_picked":["Omniscience","Alpha"],"picked":"ConjureBlade","floor":16},{"not_picked":["FlyingSleeves"],"picked":"SKIP","floor":18},{"not_picked":["EmptyFist"],"picked":"SKIP","floor":19}],"player_experience":1594105,"relics_obtained":[{"floor":7,"key":"Oddly Smooth Stone"},{"floor":9,"key":"TeardropLocket"},{"floor":10,"key":"Sundial"},{"floor":14,"key":"StoneCalendar"}],"event_choices":[{"damage_healed":0,"gold_gain":75,"player_choice":"Gather Gold","damage_taken":11,"max_hp_gain":0,"max_hp_loss":0,"event_name":"World of Goop","floor":2,"gold_loss":0},{"cards_removed":["Shame"],"damage_healed":0,"gold_gain":0,"player_choice":"Card Removal","damage_taken":0,"max_hp_gain":0,"max_hp_loss":0,"event_name":"The Cleric","floor":4,"gold_loss":75},{"damage_healed":0,"gold_gain":0,"player_choice":"2 cards matched","damage_taken":0,"max_hp_gain":0,"max_hp_loss":0,"event_name":"Match and Keep!","floor":5,"gold_loss":0,"cards_obtained":["Establishment","Eruption"]},{"damage_healed":0,"gold_gain":0,"player_choice":"Ignored","damage_taken":0,"max_hp_gain":0,"max_hp_loss":0,"event_name":"Cursed Tome","floor":20,"gold_loss":0}],"is_beta":false,"boss_relics":[{"not_picked":["Runic Pyramid","Cursed Key"],"picked":"Busted Crown"}],"items_purged_floors":[],"is_endless":false,"potions_floor_spawned":[1,7,12,14],"killed_by":"3 Cultists","ascension_level":20}}