{"host":"csp9nt53rootlkah","time":1610006145,"event":{"mods":["Act Like it!","BaseMod","Colored Powertips","Friendly Minions","Gensokyo","Highlight Path","Marisa£¨ìFÓê¡¡Ä§ÀíÉ³£©","Minty Spire (QoL Compilation)","Quick Restart","Replay The Spire","StSLib","TestMod","The Factory","The Jungle","UnlockEverythingMod","¡¾ÒÅÎï¿¨ÅÆ¡¿REMEMod"],"gold_per_floor":[110,110,110,124,49,84,84,115,115,127,127,140,140,151,151,254,254,265,276,99,99,149,182,182,214,241,261,261,261,295,295,295,706,706,728,728,728,728,728,763,763,1163,1163,1201,1201,1232,1252,753,773,819,819,625,625,625,242,278,278],"floor_reached":58,"playtime":4451,"items_purged":["Strike_MRS","ReplayTheSpireMod:Splinters","Writhe"],"score":1947,"play_id":"1c449a76-8849-4135-af8d-dc2735512fa1","local_time":"20210107155545","is_ascension_mode":true,"campfire_choices":[{"data":"testmod-AutoReboundSystem","floor":7.0,"key":"SMITH"},{"data":"EnergyRecoil","floor":13.0,"key":"SMITH"},{"data":"UpSweep","floor":15.0,"key":"SMITH"},{"data":"TreasureHunter","floor":24.0,"key":"SMITH"},{"data":"AlicesGift","floor":29.0,"key":"SMITH"},{"floor":32.0,"key":"REST"},{"data":"UltimateShortwave","floor":43.0,"key":"SMITH"},{"floor":51,"key":"RECALL"},{"data":"testmod-Reflect","floor":54,"key":"SMITH"}],"circlet_count":0,"master_deck":["Strike_MRS","Defend_MRS+1","Defend_MRS+1","UpSweep+1","testmod-AutoReboundSystem+1","EnergyRecoil+1","TreasureHunter+1","GalacticHalo+1","AlicesGift+1","EarthLightRay","CommonCold","Injury","UltimateShortwave+1","PropBag+1","Decay","OneTimeOff","testmod-Reflect+1","Normality","Wraith","Amnesia","Master of Strategy"],"relics":["MiniHakkero","REME_ComplimentaryCards","testmod-Temperance","NeowsBlessing","Quantum Egg","ReplayFunnel","Peace Pipe","Happy Flower","RampagingMagicTools","Ring of Peace","Ring of Greed","Tiny Chest","Membership Card","Blood Vial","Iron Hammer","Replay:Rubber Ducky","Omamori","War Paint","testmod-CasingShield","SproutingBranch","Replay:Bandana","Dream Catcher","Old Coin","Replay:Grab Bag","Sozu","Philosopher\u0027s Stone","testmod-Prudence","Gensokyo:DualWield","Molten Egg 2","Mirror","Orichalcum","Mercury Hourglass","Bag of Marbles","Turnip","OrangePellets","MagicBroom","Replay:Bottled Steam","HandmadeGrimoire","Bottled Tornado","testmod-RealStoneCalender","testmod-AssaultLearning","REME_LimitBreaker"],"acts_visited":["Gensokyo:Gensokyo","Gensokyo:Gensokyoer","Gensokyo:Gensokyoest","TheEnding"],"potions_floor_usage":[57],"damage_taken":[{"damage":0.0,"enemies":"Gensokyo:Gryphon","floor":1.0,"turns":1.0},{"damage":0.0,"enemies":"Gensokyo:3_Fairies","floor":4.0,"turns":1.0},{"damage":0.0,"enemies":"Gensokyo:Aya","floor":6.0,"turns":1.0},{"damage":15.0,"enemies":"Gensokyo:Cirno","floor":8.0,"turns":8.0},{"damage":2.0,"enemies":"Gensokyo:2_Kodama","floor":10.0,"turns":4.0},{"damage":17.0,"enemies":"Gensokyo:Gryphon_and_Rabbit","floor":12.0,"turns":8.0},{"damage":0.0,"enemies":"Gensokyo:LivingMonolith","floor":14.0,"turns":5.0},{"damage":2.0,"enemies":"Gensokyo:Reimu","floor":16.0,"turns":12.0},{"damage":6.0,"enemies":"Gensokyo:2_Gloops","floor":18.0,"turns":5.0},{"damage":2.0,"enemies":"Gensokyo:CosmicMonolith","floor":19.0,"turns":11.0},{"damage":19.0,"enemies":"Gensokyo:Reisen","floor":23.0,"turns":8.0},{"damage":32.0,"enemies":"Gensokyo:Koishi","floor":25.0,"turns":9.0},{"damage":0.0,"enemies":"Gensokyo:Chomper_and_Gloop","floor":27.0,"turns":7.0},{"damage":6.0,"enemies":"Gensokyo:Tenshi","floor":30.0,"turns":6.0},{"damage":3.0,"enemies":"Gensokyo:Eternal_Rivals","floor":33.0,"turns":22.0},{"damage":0.0,"enemies":"Gensokyo:3_Bats","floor":35.0,"turns":6.0},{"damage":17.0,"enemies":"Gensokyo:3_Boulders","floor":40.0,"turns":6.0},{"damage":0.0,"enemies":"Gensokyo:Kasen","floor":44.0,"turns":7.0},{"damage":0.0,"enemies":"Gensokyo:Marisa","floor":46.0,"turns":6.0},{"damage":0.0,"enemies":"Gensokyo:SeedOfUnknown","floor":47.0,"turns":4.0},{"damage":0.0,"enemies":"Gensokyo:Dusk_and_Dawn","floor":49.0,"turns":4.0},{"damage":0,"enemies":"Gensokyo:Kasen","floor":50,"turns":3},{"damage":3,"enemies":"Gensokyo:Yuyuko","floor":52,"turns":5},{"damage":6,"enemies":"Shield and Spear","floor":56,"turns":4},{"damage":13,"enemies":"The Heart","floor":57,"turns":7}],"seed_played":"-1496772315852254635","potions_obtained":[{"floor":6.0,"key":"Ancient Potion"},{"floor":10.0,"key":"SmokeBomb"},{"floor":14.0,"key":"Fire Potion"},{"floor":16.0,"key":"Fire Potion"},{"floor":25.0,"key":"Fire Potion"}],"is_trial":false,"path_per_floor":["M","?","?","M","$","E","R","E","T","M","?","M","R","M","R","B",null,"M","M","COS","?","?","E","R","E","T","M","?","R","E","?","R","B",null,"M","?","T","PTL","PTL","M","?","?","R","E","T","E","M","$","M","E","R","B",null,"R","$","E","B",null],"character_chosen":"MARISA","items_purchased":["testmod-Reflect","OrangePellets","MagicBroom","Replay:Bottled Steam","testmod-RealStoneCalender","testmod-AssaultLearning","Master of Strategy"],"campfire_rested":1,"item_purchase_floors":[48,48,48,48,55,55,55],"current_hp_per_floor":[75,75,75,75,75,75,75,60,60,58,58,41,41,41,41,39,75,69,67,67,67,67,48,48,18,18,20,20,20,16,16,38,58,75,75,75,75,75,75,64,64,64,64,75,75,75,75,75,75,75,75,75,75,75,75,75,72],"gold":278,"neow_bonus":"THREE_ENEMY_KILL","is_daily":false,"chose_seed":false,"campfire_upgraded":7,"win_rate":0.0,"timestamp":1610006145,"path_taken":["M","?","?","?","$","E","R","E","T","?","?","M","R","M","R","BOSS","M","M","COS","?","?","E","R","E","T","M","?","R","E","?","R","BOSS","M","?","?","PTL","PTL","M","?","?","R","E","T","E","?","$","M","E","R","BOSS","R","$","E","BOSS"],"items_purchased_type":["Card","Relic","Relic","Relic","Relic","Relic","Card"],"build_version":"2020-12-22","purchased_purges":3,"victory":true,"max_hp_per_floor":[75,75,75,75,75,75,75,75,75,75,75,75,75,75,75,75,75,75,75,75,75,75,75,75,75,75,75,75,75,75,75,75,75,75,75,75,75,75,75,75,75,75,75,75,75,75,75,75,75,75,75,75,75,75,75,75,75],"card_choices":[{"not_picked":["WitchLeyline","GrandCross"],"picked":"EnergyRecoil","floor":1.0},{"not_picked":["NonDirectionalLaser","6A","SporeBomb"],"picked":"SKIP","floor":4.0},{"not_picked":["MysteriousBeam","GrandCross","GasGiant"],"picked":"SKIP","floor":6.0},{"not_picked":["GravityBeat","OrrerysSun","EventHorizon"],"picked":"SKIP","floor":8.0},{"not_picked":["Occultation","6A","NonDirectionalLaser"],"picked":"SKIP","floor":10.0},{"not_picked":["AlicesGift","BlazingStar","MysteriousBeam"],"picked":"SKIP","floor":12.0},{"not_picked":["ChargeUpSpray","MysteriousBeam","WitchOfGreed"],"picked":"SKIP","floor":14.0},{"not_picked":["JA","FinalSpark"],"picked":"TreasureHunter","floor":16.0},{"not_picked":["6A","PowerUp"],"picked":"GalacticHalo+1","floor":18.0},{"not_picked":["MysteriousBeam","Acceleration","PowerUp"],"picked":"SKIP","floor":19.0},{"not_picked":["ChargeUpSpray","MeteoricShower"],"picked":"AlicesGift","floor":23.0},{"not_picked":["PowerUp","DoubleSpark","EventHorizon"],"picked":"SKIP","floor":25.0},{"not_picked":["DC","DoubleSpark","SprinkleStarSeal"],"picked":"SKIP","floor":27.0},{"not_picked":["GrandCross","DarkMatter","BlazeAway"],"picked":"SKIP","floor":30.0},{"not_picked":["DragonMeteor","ShootingEcho"],"picked":"EarthLightRay","floor":32.0},{"not_picked":["BinaryStars","SuperNova"],"picked":"UltimateShortwave","floor":33.0},{"not_picked":["MilkyWay","DoubleSpark","ShootTheMoon"],"picked":"SKIP","floor":35.0},{"not_picked":["DC+1","GrandCross+1"],"picked":"PropBag+1","floor":40.0},{"not_picked":["AsteroidBelt","DoubleSpark+1"],"picked":"OneTimeOff","floor":44.0},{"not_picked":["AsteroidBelt+1","MilkyWay+1","WitchOfGreed+1"],"picked":"SKIP","floor":46.0},{"not_picked":["ChargingUp","FairyDestructionRay+1","ManaConvection+1"],"picked":"SKIP","floor":47.0},{"not_picked":["IllusionStar+1","GrandCross+1","Orbital"],"picked":"SKIP","floor":49.0},{"not_picked":["OrrerysSun+1","6A+1","AsteroidBelt"],"picked":"SKIP","floor":50},{"not_picked":["SporeBomb","GasGiant+1","DarkSpark+1"],"picked":"SKIP","floor":56}],"player_experience":121442,"relics_obtained":[{"floor":6.0,"key":"Quantum Egg"},{"floor":8.0,"key":"ReplayFunnel"},{"floor":9.0,"key":"Peace Pipe"},{"floor":22.0,"key":"Ring of Peace"},{"floor":22.0,"key":"Ring of Greed"},{"floor":22.0,"key":"Tiny Chest"},{"floor":22.0,"key":"Membership Card"},{"floor":23.0,"key":"Blood Vial"},{"floor":23.0,"key":"Iron Hammer"},{"floor":25.0,"key":"Omamori"},{"floor":25.0,"key":"War Paint"},{"floor":30.0,"key":"Replay:Bandana"},{"floor":30.0,"key":"Dream Catcher"},{"floor":33.0,"key":"Old Coin"},{"floor":37.0,"key":"Molten Egg 2"},{"floor":44.0,"key":"Mirror"},{"floor":44.0,"key":"Orichalcum"},{"floor":45.0,"key":"Mercury Hourglass"},{"floor":46.0,"key":"Bag of Marbles"},{"floor":46.0,"key":"Turnip"},{"floor":50,"key":"HandmadeGrimoire"},{"floor":50,"key":"Bottled Tornado"},{"floor":56,"key":"REME_LimitBreaker"}],"event_choices":[{"damage_healed":0.0,"max_hp_gain":0.0,"max_hp_loss":0.0,"gold_gain":400.0,"event_name":"¶÷ÂåË¹µÄÅÌ×Ó","player_choice":"Sell","floor":42.0,"relics_lost":["testmod-TestBox"],"gold_loss":0.0,"damage_taken":0.0}],"is_beta":false,"boss_relics":[{"not_picked":["SacredBark","Abe\u0027s Treasure"],"picked":"RampagingMagicTools"},{"not_picked":["testmod-Nine","testmod-IncinerationGenerator"],"picked":"Replay:Grab Bag"},{"not_picked":["Busted Crown","Cursed Key"],"picked":"Sozu"},{"not_picked":["Coffee Dripper","SlaversCollar"],"picked":"Philosopher\u0027s Stone"},{"not_picked":["Ring of Chaos","testmod-CardMagician"],"picked":"testmod-Prudence"}],"items_purged_floors":[5,48,55],"is_endless":false,"potions_floor_spawned":[6,10,14,16,25,35,46,49],"ascension_level":3}}