{"host":"c5452fuijzdtmpqe","time":1610059057,"event":{"mods":["BaseMod","Better Third Choice","Colored Map","Colored Powertips","Downfall","Evolution","Googly Eyes","Highlight Path","Minty Spire (QoL Compilation)","Shop Mod","StSLib","SuperFastMode"],"gold_per_floor":[113,130,130,144,144,144,159,111,111,137,137,170,200,233,233,335,335,354,354,364,383,343,343,370,401,454,464,464,483,496,123,123,223,223,242,242,261,261,261,261,261,78,78,78,96,96,113,113,113,113,113],"floor_reached":50,"playtime":1491,"items_purged":[],"score":603,"play_id":"76942e66-542b-4c5e-88d9-1cff014d1223","local_time":"20210107173737","is_ascension_mode":false,"campfire_choices":[{"floor":6.0,"key":"RECALL"},{"floor":15.0,"key":"REST"},{"floor":23.0,"key":"REST"},{"floor":28.0,"key":"REST"},{"floor":32.0,"key":"REST"},{"floor":41.0,"key":"REST"},{"data":"Infinite Blades","floor":44.0,"key":"SMITH"},{"floor":46.0,"key":"REST"},{"data":"Accuracy","floor":49.0,"key":"SMITH"}],"circlet_count":0,"master_deck":["Strike_G","Strike_G+1","Strike_G","Strike_G+1","Defend_G","Defend_G","Defend_G","Defend_G+1","Defend_G","Survivor","Neutralize+1","Slice+1","Backstab","Endless Agony","Cloak And Dagger","Blade Dance","Slice","Deflect","After Image","Footwork","Accuracy+1","Slimebound:Icky","Pain","Backstab","Blade Dance+1","A Thousand Cuts","Decay","Concentrate+1","Infinite Blades+1","Clumsy","Blade Dance","hexamod:Haunted"],"relics":["Ring of the Snake","EVO:Axolotl","CaptainsWheel","Du-Vu Doll","Pantograph","Tiny Chest","Kunai","Cursed Key","Anchor","Regal Pillow","Dream Catcher","ClockworkSouvenir","HoveringKite","Ice Cream","Strange Spoon","Sundial","Whetstone"],"acts_visited":["Exordium","TheCity","TheBeyond"],"potions_floor_usage":[50,50,50],"damage_taken":[{"damage":0.0,"enemies":"Cultist","floor":1.0,"turns":5.0},{"damage":0.0,"enemies":"Jaw Worm","floor":2.0,"turns":4.0},{"damage":0.0,"enemies":"Small Slimes","floor":4.0,"turns":3.0},{"damage":0.0,"enemies":"Blue Slaver","floor":7.0,"turns":3.0},{"damage":28.0,"enemies":"3 Sentries","floor":10.0,"turns":7.0},{"damage":1.0,"enemies":"Gremlin Nob","floor":12.0,"turns":3.0},{"damage":14.0,"enemies":"Lagavulin","floor":14.0,"turns":6.0},{"damage":20.0,"enemies":"Slime Boss","floor":16.0,"turns":19.0},{"damage":17.0,"enemies":"Chosen","floor":18.0,"turns":7.0},{"damage":0.0,"enemies":"3 Byrds","floor":20.0,"turns":6.0},{"damage":7.0,"enemies":"Snecko","floor":21.0,"turns":3.0},{"damage":13.0,"enemies":"Book of Stabbing","floor":25.0,"turns":8.0},{"damage":15.0,"enemies":"Shelled Parasite and Fungi","floor":27.0,"turns":6.0},{"damage":17.0,"enemies":"Cultist and Chosen","floor":29.0,"turns":8.0},{"damage":3.0,"enemies":"Snake Plant","floor":30.0,"turns":3.0},{"damage":20.0,"enemies":"Champ","floor":33.0,"turns":17.0},{"damage":6.0,"enemies":"3 Shapes","floor":35.0,"turns":3.0},{"damage":16.0,"enemies":"3 Darklings","floor":37.0,"turns":5.0},{"damage":30.0,"enemies":"Writhing Mass","floor":45.0,"turns":6.0},{"damage":13.0,"enemies":"Spire Growth","floor":47.0,"turns":5.0},{"damage":76,"enemies":"Awakened One","floor":50,"turns":8}],"seed_played":"-3302068036975447048","potions_obtained":[{"floor":4.0,"key":"sneckomod:MuddlingPotion"},{"floor":7.0,"key":"PowerPotion"},{"floor":12.0,"key":"Strength Potion"},{"floor":14.0,"key":"FearPotion"},{"floor":21.0,"key":"Dexterity Potion"},{"floor":22.0,"key":"Explosive Potion"},{"floor":22.0,"key":"Dexterity Potion"},{"floor":25.0,"key":"FearPotion"},{"floor":30.0,"key":"ColorlessPotion"},{"floor":36.0,"key":"SpeedPotion"},{"floor":36.0,"key":"Swift Potion"},{"floor":36.0,"key":"Ancient Potion"},{"floor":45.0,"key":"champ:CounterPotion"},{"floor":47.0,"key":"SpeedPotion"}],"is_trial":false,"path_per_floor":["M","M","?","M","?","R","M","$","T","E","$","E","?","E","R","B",null,"M","?","M","M","?","R","T","E","T","M","R","M","M","$","R","B",null,"M","?","M","$","T","?","R","$","T","R","M","R","M","T","R","B"],"character_chosen":"THE_SILENT","items_purchased":["Blade Dance","Backstab","Dream Catcher","ClockworkSouvenir","Strange Spoon","Infinite Blades"],"campfire_rested":6,"item_purchase_floors":[8,31,31,31,42,42],"current_hp_per_floor":[70,70,70,70,56,56,56,56,56,28,28,27,27,13,34,39,70,53,53,53,46,46,67,67,54,54,39,70,53,50,50,70,50,70,64,64,48,48,48,48,70,70,70,70,40,70,57,57,57,0,0],"gold":113,"neow_bonus":"UPGRADE_CARD","is_daily":false,"chose_seed":false,"campfire_upgraded":2,"win_rate":0.0,"timestamp":1610059057,"path_taken":["M","M","?","M","?","R","M","$","T","E","$","E","?","E","R","BOSS","M","?","M","?","?","R","?","E","T","?","R","M","?","$","R","BOSS","M","?","M","$","?","?","R","?","T","R","?","R","M","?","R","BOSS"],"items_purchased_type":["Card","Card","Relic","Relic","Relic","Card"],"build_version":"2020-12-22","purchased_purges":0,"victory":false,"max_hp_per_floor":[70,70,70,70,70,70,70,70,70,70,70,70,70,70,70,70,70,70,70,70,70,70,70,70,70,70,70,70,70,70,70,70,70,70,70,70,70,70,70,70,70,70,70,70,70,70,70,70,70,70,70],"card_choices":[{"not_picked":["Setup","Poisoned Stab"],"picked":"Slice","floor":1.0},{"not_picked":["All Out Attack","Flying Knee"],"picked":"Backstab","floor":2.0},{"not_picked":["Cloak And Dagger","Footwork"],"picked":"Endless Agony","floor":4.0},{"not_picked":["PiercingWail","Bane"],"picked":"Cloak And Dagger","floor":7.0},{"not_picked":["Terror","Quick Slash"],"picked":"Slice","floor":10.0},{"not_picked":["Heel Hook","Setup"],"picked":"Deflect","floor":12.0},{"not_picked":["Unload","Masterful Stab","Skewer"],"picked":"SKIP","floor":14.0},{"not_picked":["Tools of the Trade","Night Terror"],"picked":"After Image","floor":16.0},{"not_picked":["Prepared","Eviscerate","Outmaneuver"],"picked":"SKIP","floor":18.0},{"not_picked":["Quick Slash+1","Poisoned Stab"],"picked":"Footwork","floor":20.0},{"not_picked":["Quick Slash","Endless Agony+1"],"picked":"Accuracy","floor":21.0},{"not_picked":["All Out Attack+1","Prepared","PiercingWail"],"picked":"SKIP","floor":25.0},{"not_picked":["Sucker Punch","Malaise","Outmaneuver"],"picked":"SKIP","floor":27.0},{"not_picked":["Poisoned Stab","Escape Plan","All Out Attack"],"picked":"SKIP","floor":29.0},{"not_picked":["Riddle With Holes","Bane+1","Backflip"],"picked":"SKIP","floor":30.0},{"not_picked":["Predator","Acrobatics"],"picked":"Blade Dance+1","floor":32.0},{"not_picked":["Bullet Time","Grand Finale"],"picked":"A Thousand Cuts","floor":33.0},{"not_picked":["Acrobatics+1","Blur","Eviscerate+1"],"picked":"SKIP","floor":35.0},{"not_picked":["Expertise","Dodge and Roll","Acrobatics"],"picked":"SKIP","floor":37.0},{"not_picked":["Caltrops+1","Backflip"],"picked":"Concentrate+1","floor":41.0},{"not_picked":["Dodge and Roll","Riddle With Holes"],"picked":"Blade Dance","floor":45.0},{"not_picked":["Tactician+1","Poisoned Stab+1","Blur+1"],"picked":"SKIP","floor":47.0}],"player_experience":507601,"relics_obtained":[{"floor":9.0,"key":"CaptainsWheel"},{"floor":10.0,"key":"Du-Vu Doll"},{"floor":12.0,"key":"Pantograph"},{"floor":14.0,"key":"Kunai"},{"floor":25.0,"key":"Anchor"},{"floor":26.0,"key":"Regal Pillow"},{"floor":39.0,"key":"Ice Cream"},{"floor":43.0,"key":"Sundial"},{"floor":48.0,"key":"Whetstone"}],"event_choices":[{"damage_healed":0.0,"max_hp_gain":0.0,"max_hp_loss":0.0,"gold_gain":0.0,"event_name":"The Cleric","player_choice":"Leave","floor":3.0,"gold_loss":0.0,"damage_taken":0.0},{"damage_healed":70.0,"max_hp_gain":0.0,"max_hp_loss":70.0,"gold_gain":0.0,"event_name":"betterThird:BetterShining","player_choice":"Upgrade","floor":5.0,"gold_loss":0.0,"damage_taken":14.0,"cards_upgraded":["Defend_G","Strike_G"]},{"damage_healed":0.0,"max_hp_gain":0.0,"max_hp_loss":0.0,"gold_gain":30.0,"event_name":"Dead Adventurer","player_choice":"Searched \u00273\u0027 times","floor":13.0,"gold_loss":0.0,"damage_taken":0.0,"relics_obtained":["Tiny Chest"]},{"damage_healed":0.0,"max_hp_gain":0.0,"max_hp_loss":0.0,"gold_gain":0.0,"event_name":"Transmorgrifier","player_choice":"Ignored","floor":19.0,"gold_loss":0.0,"damage_taken":0.0},{"damage_healed":0.0,"max_hp_gain":0.0,"max_hp_loss":0.0,"gold_gain":0.0,"event_name":"The Woman in Blue","player_choice":"Bought 3 Potions","floor":22.0,"gold_loss":0.0,"damage_taken":0.0},{"damage_healed":0.0,"max_hp_gain":0.0,"max_hp_loss":0.0,"gold_gain":0.0,"event_name":"Lab","player_choice":"Got Potions","floor":36.0,"gold_loss":0.0,"damage_taken":0.0},{"cards_removed":["Strike_G"],"damage_healed":0.0,"max_hp_gain":0.0,"max_hp_loss":0.0,"gold_gain":0.0,"event_name":"Falling","player_choice":"Removed Attack","floor":40.0,"gold_loss":0.0,"damage_taken":0.0}],"is_beta":false,"boss_relics":[{"not_picked":["Sozu","Empty Cage"],"picked":"Cursed Key"},{"not_picked":["Astrolabe","Fusion Hammer"],"picked":"HoveringKite"}],"items_purged_floors":[],"is_endless":false,"potions_floor_spawned":[4,7,12,14,20,21,25,30,37,45,47],"killed_by":"Awakened One","ascension_level":0}}