{"host":"p6y17sixyu8q9v1f","time":1610022649,"event":{"mods":["BaseMod","Colored Map","Minty Spire (QoL Compilation)"],"gold_per_floor":[359,208,221,239,314,314,343,357,357,3,23,23,43,43,43,147,147,165,165,264,70,83,113,28,28,28],"floor_reached":25,"playtime":7665,"items_purged":["Defend_G","Strike_G"],"score":276,"play_id":"bdf805c9-107e-4ae2-b8a2-84d1ae5e6144","local_time":"20210107063049","is_ascension_mode":true,"campfire_choices":[{"floor":6,"key":"REST"},{"data":"Cloak And Dagger","floor":15,"key":"SMITH"}],"circlet_count":0,"master_deck":["Strike_G","Strike_G","Strike_G","Strike_G","Defend_G","Defend_G","Defend_G","Defend_G","Survivor","Neutralize","Slice","Accuracy","Prepared","Caltrops","Leg Sweep","Infinite Blades+1","Footwork","Terror","Footwork","Cloak And Dagger+1","Phantasmal Killer","Infinite Blades","Adrenaline"],"relics":["Ring of the Snake","Ice Cream","Eternal Feather","Lee\u0027s Waffle","Philosopher\u0027s Stone","Bronze Scales","White Beast Statue","Mummified Hand"],"acts_visited":["Exordium","TheCity"],"potions_floor_usage":[7,16,22],"damage_taken":[{"damage":0,"enemies":"Cultist","floor":1,"turns":4},{"damage":6,"enemies":"2 Louse","floor":3,"turns":3},{"damage":3,"enemies":"Small Slimes","floor":4,"turns":4},{"damage":34,"enemies":"Gremlin Nob","floor":7,"turns":5},{"damage":9,"enemies":"Blue Slaver","floor":8,"turns":5},{"damage":1,"enemies":"Looter","floor":11,"turns":4},{"damage":1,"enemies":"Large Slime","floor":13,"turns":7},{"damage":5,"enemies":"The Guardian","floor":16,"turns":11},{"damage":25,"enemies":"3 Byrds","floor":18,"turns":7},{"damage":4,"enemies":"Shell Parasite","floor":22,"turns":4},{"damage":48,"enemies":"Gremlin Leader","floor":23,"turns":8},{"damage":29,"enemies":"Book of Stabbing","floor":25,"turns":4}],"seed_played":"8097066245311863605","potions_obtained":[{"floor":1,"key":"FairyPotion"},{"floor":4,"key":"ColorlessPotion"},{"floor":13,"key":"CunningPotion"},{"floor":18,"key":"BlessingOfTheForge"}],"is_trial":false,"path_per_floor":["M","$","M","M","?","R","E","M","T","$","M","?","M","$","R","B",null,"M","?","?","$","M","E","?","E"],"character_chosen":"THE_SILENT","items_purchased":["Accuracy","Lee\u0027s Waffle","Footwork","Terror","Infinite Blades","Bronze Scales"],"campfire_rested":1,"item_purchase_floors":[2,10,10,10,21,21],"current_hp_per_floor":[49,49,43,40,29,50,16,7,7,77,76,76,75,75,77,72,76,51,51,51,51,47,23,23,0,0],"gold":28,"neow_bonus":"TWO_FIFTY_GOLD","is_daily":false,"chose_seed":false,"campfire_upgraded":1,"win_rate":0.0,"timestamp":1610022649,"path_taken":["M","$","?","M","?","R","E","M","T","$","M","?","M","$","R","BOSS","M","?","?","$","M","E","?","E"],"items_purchased_type":["Card","Relic","Card","Card","Card","Relic"],"build_version":"2020-12-22","purchased_purges":2,"victory":false,"max_hp_per_floor":[70,70,70,70,70,70,70,70,70,77,77,77,77,77,77,77,77,77,77,77,77,77,77,77,77,77],"card_choices":[{"not_picked":["Expertise","Deflect"],"picked":"Slice","floor":1},{"not_picked":["Sucker Punch","Expertise"],"picked":"Prepared","floor":3},{"not_picked":["Dagger Throw","Poisoned Stab"],"picked":"Caltrops","floor":4},{"not_picked":["Well Laid Plans","Crippling Poison"],"picked":"Leg Sweep","floor":7},{"not_picked":["Underhanded Strike","All Out Attack"],"picked":"Infinite Blades","floor":8},{"not_picked":["Backflip","Flying Knee"],"picked":"Footwork","floor":11},{"not_picked":["Quick Slash","Dagger Spray"],"picked":"Cloak And Dagger","floor":13},{"not_picked":["Venomology","Glass Knife"],"picked":"Phantasmal Killer","floor":16},{"not_picked":["Bane","Deadly Poison","Dagger Spray"],"picked":"SKIP","floor":18},{"not_picked":["Outmaneuver","Calculated Gamble","Setup"],"picked":"SKIP","floor":22},{"not_picked":["Crippling Poison+1","Terror+1"],"picked":"Adrenaline","floor":23}],"player_experience":1001271,"relics_obtained":[{"floor":7,"key":"Ice Cream"},{"floor":9,"key":"Eternal Feather"},{"floor":23,"key":"White Beast Statue"}],"event_choices":[{"damage_healed":0,"gold_gain":75,"player_choice":"Gather Gold","damage_taken":11,"max_hp_gain":0,"max_hp_loss":0,"event_name":"World of Goop","floor":5,"gold_loss":0},{"damage_healed":0,"gold_gain":0,"player_choice":"Grow","damage_taken":0,"max_hp_gain":0,"max_hp_loss":0,"event_name":"Living Wall","floor":12,"gold_loss":0,"cards_upgraded":["Infinite Blades"]},{"damage_healed":0,"gold_gain":0,"player_choice":"Ignored","damage_taken":0,"max_hp_gain":0,"max_hp_loss":0,"event_name":"Ghosts","floor":19,"gold_loss":0},{"damage_healed":0,"gold_gain":99,"player_choice":"Stole From Cult","damage_taken":0,"max_hp_gain":0,"max_hp_loss":0,"event_name":"Nest","floor":20,"gold_loss":0},{"damage_healed":0,"gold_gain":0,"player_choice":"Obtained Relic","damage_taken":0,"relics_obtained":["Mummified Hand"],"max_hp_gain":0,"max_hp_loss":0,"event_name":"Addict","floor":24,"gold_loss":85}],"is_beta":false,"boss_relics":[{"not_picked":["Fusion Hammer","Pandora\u0027s Box"],"picked":"Philosopher\u0027s Stone"}],"items_purged_floors":[2,10],"is_endless":false,"potions_floor_spawned":[1,4,13,18],"killed_by":"Book of Stabbing","ascension_level":5}}