{"host":"1q3j0ei39r3fhrcd","time":1610046979,"event":{"mods":["2.2 Compatiblity","Astrologer","Bard","Bartender","BaseMod","Beaked The Cultist","Better Note","Better Skull","Better Third Choice","BetterRewards","Challenge The Spire","Clockwork Mod","Conspire","Dio Mod","Downfall","Duelist Mod","Gremlin Mod","GungeonMod","Hermit","Hubris","Infinite Spire","Jorbs\u0027s Wanderer Trilogy","Marisa????????","Minty Spire (QoL Compilation)","Replay The Spire","Robot Space Explorer","SIMod","Shop Mod","Somnambulant","Spicy Shops","StSLib","The Blackbeard","The Bug Knight","The Clintock","The Construct","The Cursed","The Death Knight","The Disciple","The Dragon Tamer","The Druid","The Elementalist","The Forsaken","The Hierophant","The Judge","The Mystic","The Necromancer","The Runesmith","The Sage","The Servant 0.9.4","The Showman","The Valiant","The Vixen","The Wild Card","The Witch","TheFirefly","Yuri Mod","[IsaacMod]????","thorton","vexMod"],"gold_per_floor":[115,115,115,83,83,83,111,125,151,154,157,210,214,230,234,342,348,365,382,113,164,185,188,206,309,315,353,371,393,429,437,516,624,636,668,699,727,741,805,821,864,893,910,945,981,1000,1093,1134,1156,1179],"floor_reached":51,"playtime":2780,"items_purged":["blackbeard:BlackbeardStrike","blackbeard:BlackbeardDefend","blackbeard:Cutlass","blackbeard:BlackbeardStrike","blackbeard:BlackbeardDefend","blackbeard:BlackbeardDefend","blackbeard:IntimidatingStrike","sneckomod:Bewildered","ReplayTheSpireMod:Restless Dread"],"score":1242,"play_id":"b4f3cd66-e568-40fb-b558-4a7bd44b3f35","local_time":"20210107201619","is_ascension_mode":true,"campfire_choices":[{"floor":6.0,"key":"REST"},{"floor":11.0,"key":"DIG"},{"data":"blackbeard:BlackbeardStrike","floor":15.0,"key":"PURGE"},{"data":"blackbeard:PirateStrength","floor":23.0,"key":"SMITH"},{"data":"SwitchThreat","floor":40,"key":"PURGE"},{"data":"hubris:Wrath","floor":49,"key":"PURGE"}],"circlet_count":0,"master_deck":["blackbeard:BlackbeardStrike","blackbeard:BlackbeardDefend","blackbeard:Boarding","blackbeard:CaptainsCabin","Panache+1","blackbeard:DoubleCannonball","blackbeard:PirateStrength+1","blackbeard:PirateEarring","blackbeard:CloakAndCannonball+1","blackbeard:InfiniteBarrage+1","blackbeard:HumongousCannonball+1","blackbeard:Parrot+1","blackbeard:GoldenStrike+1","blackbeard:GoldenDefense+1"],"relics":["blackbeard:LoadTheCannons","HushsDoor","D6","Strawberry","DemoMod:PinkGuonStone","Replay:Multitool","SteamSale","Omamori","Mummified Hand","Pondfish Scales","Winged Necklace","theForsaken:PlagueMask","thethorton:BankDeed","Incense Burner","hubris:VirtuousBlindfold","Simple Rune","Membership Card","blackbeard:CannonballsOfSteel","DemoMod:ResourcefulSack","TheBean","White Beast Statue","Molten Egg 2","Orichalcum","Golden Egg","Kintsugi","ReplayTheSpireMod:Ring of Challenge","Ring of Greed","Bronze Scales","Protect_Vest","sagemod:The_Guidebook_Guide","Vajra","PreservedInsect","hubris:TinFlute"],"acts_visited":["Exordium","TheCity","TheBeyond"],"potions_floor_usage":[37,41,41,41,44,48,50,50,50],"damage_taken":[{"damage":0.0,"enemies":"2 Louse","floor":1.0,"turns":1.0},{"damage":0.0,"enemies":"3 Sentries","floor":7.0,"turns":5.0},{"damage":1.0,"enemies":"conspire:RoseBush","floor":8.0,"turns":3.0},{"damage":0.0,"enemies":"Small Slimes","floor":14.0,"turns":2.0},{"damage":28.0,"enemies":"Hexaghost","floor":16.0,"turns":12.0},{"damage":0.0,"enemies":"3 Byrds","floor":18.0,"turns":3.0},{"damage":4.0,"enemies":"Spheric Guardian","floor":19.0,"turns":3.0},{"damage":0.0,"enemies":"Centurion and Healer","floor":22.0,"turns":3.0},{"damage":0.0,"enemies":"Snake Plant","floor":24.0,"turns":3.0},{"damage":0.0,"enemies":"theDuelist:KaibaA2","floor":27.0,"turns":3.0},{"damage":0.0,"enemies":"Chosen and Byrds","floor":28.0,"turns":3.0},{"damage":0.0,"enemies":"Cultist and Chosen","floor":29.0,"turns":3.0},{"damage":0.0,"enemies":"Gremlin Leader","floor":30.0,"turns":4.0},{"damage":3.0,"enemies":"StardustCrusaders","floor":33.0,"turns":4.0},{"damage":0.0,"enemies":"Orb Walker","floor":35.0,"turns":2.0},{"damage":0,"enemies":"3 Darklings","floor":36,"turns":3},{"damage":0,"enemies":"Maw","floor":37,"turns":4},{"damage":71,"enemies":"Nightmare","floor":41,"turns":7},{"damage":14,"enemies":"Spire Growth","floor":42,"turns":3},{"damage":0,"enemies":"Writhing Mass","floor":44,"turns":3},{"damage":0,"enemies":"Jaw Worm Horde","floor":45,"turns":2},{"damage":0,"enemies":"Spire Growth","floor":48,"turns":2},{"damage":0,"enemies":"Jotaro","floor":50,"turns":3}],"seed_played":"-5330964871475332876","potions_obtained":[{"floor":7.0,"key":"Elixir"},{"floor":8.0,"key":"BlessingOfTheForge"},{"floor":14.0,"key":"blackbeard:OrangeJuicePotion"},{"floor":22.0,"key":"BlessingOfTheForge"},{"floor":24.0,"key":"PowerPotion"},{"floor":27.0,"key":"Fire Potion"},{"floor":28.0,"key":"sneckomod:MuddlingPotion"},{"floor":29.0,"key":"PowerPotion"},{"floor":33.0,"key":"SkillPotion"},{"floor":35,"key":"Fire Potion"},{"floor":36,"key":"AttackPotion"},{"floor":37,"key":"SkillPotion"},{"floor":41,"key":"DeathKnight:RimePotion"},{"floor":42,"key":"SkillPotion"},{"floor":44,"key":"hexamod:EctoCoolerPotion"},{"floor":45,"key":"blackbeard:OrangeJuicePotion"},{"floor":48,"key":"SpeedPotion"}],"is_trial":false,"path_per_floor":["M","?","?","?","?","R","E","M","T","?","R","?","R","M","R","B",null,"M","M","$","?","M","R","M","?","T","E","M","M","E","?","R","B",null,"M","M","M","AVR","?","R","NM","M","T","M","M","$","T","M","R","B",null],"character_chosen":"BLACKBEARD_CLASS","items_purchased":["Strawberry","blackbeard:Rum","blackbeard:Boarding","DemoMod:PinkGuonStone","blackbeard:CaptainsCabin","Replay:Multitool","SteamSale","Omamori","blackbeard:RemoveScurvy","Mummified Hand","Panache","blackbeard:DoubleCannonball","Simple Rune","blackbeard:PirateEarring","Membership Card","blackbeard:CannonballsOfSteel","DemoMod:ResourcefulSack","TheBean","White Beast Statue","Bomb","sagemod:The_Guidebook_Guide","Vajra","PreservedInsect","blackbeard:Parrot","blackbeard:GoldenStrike+1"],"campfire_rested":1,"item_purchase_floors":[0,0,0,0,0,0,0,0,0,0,0,0,20,20,20,20,20,20,20,20,46,46,46,46,46],"current_hp_per_floor":[42,4,4,4,4,30,35,39,39,39,39,39,65,73,73,53,89,89,85,85,70,70,70,78,78,78,89,89,89,89,66,51,56,89,89,89,89,89,89,89,18,4,4,4,4,4,4,12,12,12],"gold":1202,"neow_bonus":"","is_daily":false,"chose_seed":false,"campfire_upgraded":1,"win_rate":0.0,"timestamp":1610046979,"path_taken":["M","?","?","?","?","R","E","?","T","?","R","?","R","M","R","BOSS","M","M","$","?","?","R","M","?","T","E","M","?","E","?","R","BOSS","M","M","M","AVR","?","R","NM","M","T","M","M","$","?","M","R","BOSS"],"items_purchased_type":["Relic","Card","Card","Relic","Card","Relic","Relic","Relic","Card","Relic","Card","Card","Relic","Card","Relic","Relic","Relic","Relic","Relic","Card","Relic","Relic","Relic","Card","Card"],"build_version":"2020-12-22","purchased_purges":9,"victory":true,"max_hp_per_floor":[89,89,89,89,89,89,89,89,89,89,89,89,89,89,89,89,89,89,89,89,89,89,89,89,89,89,89,89,89,89,89,89,89,89,89,89,89,89,89,89,89,89,89,89,89,89,89,89,89,89],"card_choices":[{"not_picked":[],"picked":"ChaosCard","floor":0.0},{"not_picked":["blackbeard:DeadlyArsenal","blackbeard:GoldenDefense"],"picked":"blackbeard:BeatUp","floor":1.0},{"not_picked":["blackbeard:Sword","blackbeard:GhostInTheRum","blackbeard:DangerousBlow"],"picked":"SKIP","floor":7.0},{"not_picked":["blackbeard:SwordDance","blackbeard:Toast","blackbeard:Spear"],"picked":"SKIP","floor":8.0},{"not_picked":["blackbeard:ArmorUp","blackbeard:FieryDefense"],"picked":"blackbeard:TheDrunkenSailor","floor":14.0},{"not_picked":["blackbeard:MegaUpgrade","blackbeard:Salvager"],"picked":"blackbeard:PirateStrength","floor":16.0},{"not_picked":["blackbeard:Shrapnel+1","blackbeard:BrownPants","blackbeard:BeatUp"],"picked":"SKIP","floor":18.0},{"not_picked":["blackbeard:WeaponProficiency","blackbeard:Revenge","blackbeard:Fencing"],"picked":"SKIP","floor":19.0},{"not_picked":["blackbeard:RearmingStrike","blackbeard:Spear"],"picked":"blackbeard:CloakAndCannonball","floor":22.0},{"not_picked":["blackbeard:PiratesWill","blackbeard:Rum"],"picked":"blackbeard:CloakAndCannonball+1","floor":24.0},{"not_picked":["blackbeard:MegaUpgrade","blackbeard:BuriedTreasure+1"],"picked":"blackbeard:InfiniteBarrage+1","floor":27.0},{"not_picked":["blackbeard:DeadlyArsenal","blackbeard:Fencing","blackbeard:ArmorUp"],"picked":"SKIP","floor":28.0},{"not_picked":["blackbeard:RemoveScurvy","blackbeard:RearmingStrike+1","blackbeard:Upgrade"],"picked":"SKIP","floor":29.0},{"not_picked":["blackbeard:Toast+1","blackbeard:Boarding+1","blackbeard:DelayedPain"],"picked":"SKIP","floor":30.0},{"not_picked":["blackbeard:CloakAndCannonball","blackbeard:PirateEarring","blackbeard:Bandana"],"picked":"SKIP","floor":35},{"not_picked":["blackbeard:TacticalRetreat+1","blackbeard:Dagger+1","blackbeard:Sword"],"picked":"SKIP","floor":36},{"not_picked":["blackbeard:BeatUp+1","blackbeard:CloakAndCannonball+1","blackbeard:WiseDefense+1"],"picked":"SKIP","floor":37},{"not_picked":["blackbeard:PowderKeg+1","blackbeard:BeatUp+1"],"picked":"blackbeard:HumongousCannonball+1","floor":41},{"not_picked":["blackbeard:BlindAttacks+1","blackbeard:Fencing","blackbeard:PiratesWill"],"picked":"SKIP","floor":42},{"not_picked":["blackbeard:Sword+1","blackbeard:Shrapnel+1","blackbeard:DeadlyArsenal"],"picked":"SKIP","floor":44},{"not_picked":["blackbeard:Rum","blackbeard:Dagger+1","blackbeard:DeadlyArsenal"],"picked":"SKIP","floor":45},{"not_picked":["blackbeard:ChaoticDefense","blackbeard:BeatUp+1"],"picked":"blackbeard:GoldenDefense+1","floor":48}],"player_experience":1774198,"relics_obtained":[{"floor":7.0,"key":"thethorton:BankDeed"},{"floor":11.0,"key":"DemoMod:WeirdEgg"},{"floor":26.0,"key":"Molten Egg 2"},{"floor":27.0,"key":"Orichalcum"},{"floor":30.0,"key":"Golden Egg"},{"floor":39,"key":"ReplayTheSpireMod:Ring of Challenge"},{"floor":39,"key":"Ring of Greed"},{"floor":41,"key":"Bronze Scales"},{"floor":43,"key":"Protect_Vest"},{"floor":47,"key":"hubris:TinFlute"}],"event_choices":[{"damage_healed":0.0,"max_hp_gain":0.0,"max_hp_loss":0.0,"gold_gain":1.0,"event_name":"betterThird:BetterScrap","player_choice":"Relic Relic ","floor":2.0,"gold_loss":0.0,"damage_taken":38.0,"cards_obtained":["Replay:Vibes"]},{"damage_healed":0.0,"max_hp_gain":0.0,"max_hp_loss":0.0,"gold_gain":0.0,"event_name":"Plague Doctor","player_choice":"Obtain Plague Curse","floor":3.0,"gold_loss":0.0,"damage_taken":0.0,"cards_obtained":["theForsaken:PlagueCurse"]},{"damage_healed":0.0,"max_hp_gain":0.0,"max_hp_loss":0.0,"gold_gain":0.0,"event_name":"betterThird:BetterGoop","player_choice":"Left","floor":4.0,"gold_loss":32.0,"damage_taken":0.0},{"damage_healed":4.0,"max_hp_gain":0.0,"max_hp_loss":89.0,"gold_gain":0.0,"event_name":"betterThird:BetterShining","player_choice":"Leave","floor":5.0,"gold_loss":0.0,"damage_taken":0.0},{"damage_healed":0.0,"max_hp_gain":0.0,"max_hp_loss":0.0,"gold_gain":0.0,"event_name":"Upgrade Shrine","player_choice":"Upgraded","floor":10.0,"gold_loss":0.0,"damage_taken":0.0,"cards_upgraded":["Panache"]},{"damage_healed":0.0,"max_hp_gain":0.0,"max_hp_loss":0.0,"gold_gain":99.0,"event_name":"betterThird:BetterNest","player_choice":"Steal","floor":25.0,"gold_loss":0.0,"damage_taken":0.0}],"is_beta":false,"boss_relics":[{"not_picked":["Runic Dome","Astrolabe"],"picked":"hubris:VirtuousBlindfold"},{"not_picked":[]},{"not_picked":["vexMod:EndlessSickness","hubris:RunicObelisk","Calling Bell"]}],"items_purged_floors":[0,0,0,0,20,20,38,46,46],"is_endless":false,"potions_floor_spawned":[7,8,14,22,24,27,28,29,30,33,35,36,37,41,42,44,45,48],"ascension_level":1}}