{"host":"yuhy0i501zzmn1iz","time":1610008984,"event":{"mods":["AchievementEnabler","AlwaysNeverKeys","BaseMod","Bestiary","Better Match","Better Third Choice","Curses Come First","Downfall","Minty Spire (QoL Compilation)","StSLib","The Blue Laboratory","slay the spire mod where everything is the same but ironclad has a cowboy hat"],"gold_per_floor":[117,132,132,148,160,185,205,215,263,263,281,310,310,337,337,437,437,451,451,463,478,577,577,577,577],"floor_reached":24,"playtime":1227,"items_purged":[],"score":264,"play_id":"11ea112d-eec5-490a-99c6-c11690d7271a","local_time":"20210107034304","is_ascension_mode":true,"campfire_choices":[{"floor":10.0,"key":"REST"},{"floor":13.0,"key":"REST"},{"data":"Feed","floor":15.0,"key":"SMITH"},{"data":"Demon Form","floor":23.0,"key":"SMITH"}],"circlet_count":0,"master_deck":["Strike_R","Strike_R","Strike_R","Strike_R","Strike_R","Defend_R","Defend_R","Defend_R","Defend_R","Bash","Exhume","Sword Boomerang","Sword Boomerang","Pummel","Thunderclap","Impervious","Twin Strike","Heavy Blade","Wild Strike","Feed+1","Warcry","Demon Form+1","Heavy Blade","Intimidate"],"relics":["Burning Blood","Orichalcum","Oddly Smooth Stone","Peace Pipe","The Courier","Mark of Pain"],"acts_visited":["Exordium","TheCity"],"potions_floor_usage":[24,24,24],"damage_taken":[{"damage":4.0,"enemies":"Small Slimes","floor":1.0,"turns":4.0},{"damage":9.0,"enemies":"Jaw Worm","floor":2.0,"turns":5.0},{"damage":2.0,"enemies":"2 Louse","floor":4.0,"turns":2.0},{"damage":0.0,"enemies":"Large Slime","floor":5.0,"turns":5.0},{"damage":55.0,"enemies":"3 Sentries","floor":6.0,"turns":8.0},{"damage":8.0,"enemies":"Exordium Wildlife","floor":7.0,"turns":5.0},{"damage":10.0,"enemies":"Exordium Thugs","floor":8.0,"turns":5.0},{"damage":5.0,"enemies":"Looter","floor":11.0,"turns":3.0},{"damage":22.0,"enemies":"Gremlin Nob","floor":12.0,"turns":4.0},{"damage":22.0,"enemies":"3 Sentries","floor":14.0,"turns":5.0},{"damage":21.0,"enemies":"Hexaghost","floor":16.0,"turns":14.0},{"damage":32.0,"enemies":"2 Thieves","floor":18.0,"turns":4.0},{"damage":0.0,"enemies":"3 Byrds","floor":20.0,"turns":5.0},{"damage":23.0,"enemies":"Centurion and Healer","floor":21.0,"turns":5.0},{"damage":51,"enemies":"Slavers","floor":24,"turns":5}],"seed_played":"8891303476562214151","potions_obtained":[{"floor":2.0,"key":"Fire Potion"},{"floor":5.0,"key":"blueLaboratory:BottledHope"},{"floor":7.0,"key":"blueLaboratory:NullPotion"},{"floor":8.0,"key":"SpeedPotion"},{"floor":14.0,"key":"Guardian:BlockOnCardUsePotion"},{"floor":18.0,"key":"blueLaboratory:BottledHope"},{"floor":21.0,"key":"Weak Potion"}],"is_trial":false,"path_per_floor":["M","M","?","M","M","E","M","M","T","R","M","E","R","E","R","B",null,"M","?","M","M","?","R","E"],"character_chosen":"IRONCLAD","items_purchased":[],"campfire_rested":2,"item_purchase_floors":[],"current_hp_per_floor":[58,55,55,59,65,16,14,10,10,34,35,19,43,30,30,15,83,57,57,63,46,46,46,0,0],"gold":577,"neow_bonus":"THREE_RARE_CARDS","is_daily":false,"chose_seed":false,"campfire_upgraded":2,"win_rate":0.0,"timestamp":1610008984,"path_taken":["M","M","?","M","M","E","M","M","T","R","M","E","R","E","R","BOSS","M","?","M","M","?","R","E"],"items_purchased_type":[],"build_version":"2020-12-22","purchased_purges":0,"victory":false,"max_hp_per_floor":[80,80,80,80,80,80,80,80,80,80,80,80,80,83,83,83,83,83,83,83,83,83,83,87,87],"card_choices":[{"not_picked":["Berserk","Juggernaut"],"picked":"Exhume","floor":0.0},{"not_picked":["Iron Wave","Pommel Strike"],"picked":"Sword Boomerang","floor":1.0},{"not_picked":["Clothesline","Iron Wave"],"picked":"Sword Boomerang","floor":2.0},{"not_picked":["Metallicize","Dark Embrace"],"picked":"Pummel","floor":4.0},{"not_picked":["True Grit","Dropkick"],"picked":"Thunderclap","floor":5.0},{"not_picked":["Fire Breathing","Dark Embrace"],"picked":"Impervious","floor":6.0},{"not_picked":["Seeing Red","Pommel Strike"],"picked":"Twin Strike","floor":7.0},{"not_picked":["Body Slam","Clothesline"],"picked":"Heavy Blade","floor":8.0},{"not_picked":["Pommel Strike","Clothesline"],"picked":"Wild Strike","floor":11.0},{"not_picked":["Carnage","Feel No Pain"],"picked":"Feed","floor":12.0},{"not_picked":["Burning Pact","Sword Boomerang"],"picked":"Warcry","floor":14.0},{"not_picked":["Brutality","Berserk"],"picked":"Demon Form","floor":16.0},{"not_picked":["Clash","Cleave"],"picked":"Heavy Blade","floor":18.0},{"not_picked":["Twin Strike","Shrug It Off"],"picked":"Intimidate","floor":20.0},{"not_picked":["Havoc","Entrench","Body Slam+1"],"picked":"SKIP","floor":21.0}],"player_experience":270656,"relics_obtained":[{"floor":6.0,"key":"Orichalcum"},{"floor":9.0,"key":"Oddly Smooth Stone"},{"floor":12.0,"key":"Peace Pipe"},{"floor":14.0,"key":"The Courier"}],"event_choices":[{"damage_healed":0.0,"max_hp_gain":0.0,"max_hp_loss":0.0,"gold_gain":0.0,"event_name":"Golden Wing","player_choice":"Ignored","floor":3.0,"gold_loss":0.0,"damage_taken":0.0},{"damage_healed":0.0,"max_hp_gain":0.0,"max_hp_loss":0.0,"gold_gain":99.0,"event_name":"betterThird:BetterNest","player_choice":"Steal","floor":22.0,"gold_loss":0.0,"damage_taken":0.0}],"is_beta":false,"boss_relics":[{"not_picked":["Busted Crown","Runic Pyramid"],"picked":"Mark of Pain"}],"items_purged_floors":[],"is_endless":false,"potions_floor_spawned":[2,5,7,8,14,18,21],"killed_by":"Slavers","ascension_level":4}}