{"host":"q5586ea2nrmr4nty","time":1610010784,"event":{"mods":["AchievementEnabler","BaseMod","BetterRewards","Colored Map","Colored Powertips","Custom Start","Friendly Minions","Highlight Path","Minty Spire (QoL Compilation)","Quick Restart","StSLib","SuperFastMode"],"gold_per_floor":[113,133,133,152,117,117,143,143,143,163,163,183,197,224,224,323,323,339,325,340,360,33,33,33,33,33,59,59,94,57,156,156,257,257,271,288,67,115,15,44,44,72,72,87,0,0,17,47,47,47,47,47,47,77,77,77],"floor_reached":55,"playtime":2932,"items_purged":["Strike_B","Defend_B"],"score":1157,"play_id":"01cc6820-fef7-4952-88b1-be9bcb52f79e","local_time":"20210107201304","is_ascension_mode":true,"campfire_choices":[{"data":"Storm","floor":6.0,"key":"SMITH"},{"data":"Zap","floor":8.0,"key":"SMITH"},{"data":"Storm","floor":11.0,"key":"SMITH"},{"data":"Fission","floor":15.0,"key":"SMITH"},{"data":"Creative AI","floor":23,"key":"SMITH"},{"floor":25,"key":"REST"},{"floor":28,"key":"REST"},{"data":"Sunder","floor":32,"key":"SMITH"},{"floor":49,"key":"RECALL"},{"data":"Echo Form","floor":52,"key":"SMITH"}],"circlet_count":0,"master_deck":["Strike_B","Strike_B","Strike_B","Defend_B","Defend_B+1","Defend_B","Zap+1","Dualcast","Storm+1","Coolheaded","Auto Shields+1","BootSequence","Storm+1","Go for the Eyes","Beam Cell","Fission+1","Creative AI+1","Conserve Battery+1","Turbo","Ball Lightning+1","Cold Snap","Doom and Gloom","Blind","Mind Blast","PanicButton","PanicButton","Coolheaded","Tempest+1","Sunder+1","Echo Form+1","Coolheaded","Capacitor","Electrodynamics","Lockon","Turbo","BootSequence+1","Fusion"],"relics":["Cracked Core","Bird Faced Urn","Pantograph","Incense Burner","Anchor","Blue Candle","Tiny Chest","Nuclear Battery","FossilizedHelix","Pocketwatch","DataDisk","War Paint","Sozu","Lantern","Centennial Puzzle","Letter Opener","The Courier","Mummified Hand","Red Mask","PreservedInsect","Toy Ornithopter"],"acts_visited":["Exordium","TheCity","TheBeyond","TheEnding"],"potions_floor_usage":[19,27,33],"damage_taken":[{"damage":0.0,"enemies":"2 Louse","floor":1.0,"turns":3.0},{"damage":0.0,"enemies":"Cultist","floor":2.0,"turns":4.0},{"damage":1.0,"enemies":"Small Slimes","floor":4.0,"turns":3.0},{"damage":16.0,"enemies":"3 Sentries","floor":7.0,"turns":11.0},{"damage":0.0,"enemies":"2 Fungi Beasts","floor":10.0,"turns":4.0},{"damage":1.0,"enemies":"Lots of Slimes","floor":12.0,"turns":4.0},{"damage":0.0,"enemies":"Blue Slaver","floor":13.0,"turns":3.0},{"damage":11.0,"enemies":"Lagavulin","floor":14.0,"turns":9.0},{"damage":37,"enemies":"The Guardian","floor":16,"turns":18},{"damage":7,"enemies":"Shell Parasite","floor":18,"turns":7},{"damage":0,"enemies":"2 Thieves","floor":19,"turns":4},{"damage":16,"enemies":"Snake Plant","floor":20,"turns":5},{"damage":27,"enemies":"3 Cultists","floor":21,"turns":6},{"damage":0,"enemies":"Slavers","floor":27,"turns":3},{"damage":0,"enemies":"Book of Stabbing","floor":29,"turns":5},{"damage":40,"enemies":"Collector","floor":33,"turns":8},{"damage":6,"enemies":"3 Darklings","floor":35,"turns":4},{"damage":0,"enemies":"3 Shapes","floor":36,"turns":2},{"damage":0,"enemies":"Giant Head","floor":40,"turns":9},{"damage":20,"enemies":"Nemesis","floor":42,"turns":7},{"damage":0,"enemies":"Sphere and 2 Shapes","floor":44,"turns":3},{"damage":0,"enemies":"Transient","floor":47,"turns":5},{"damage":0,"enemies":"Reptomancer","floor":48,"turns":4},{"damage":14,"enemies":"Time Eater","floor":50,"turns":8},{"damage":0,"enemies":"Shield and Spear","floor":54,"turns":2},{"damage":115,"enemies":"The Heart","floor":55,"turns":8}],"seed_played":"4397925073934871706","potions_obtained":[{"floor":2.0,"key":"SteroidPotion"},{"floor":4.0,"key":"FairyPotion"},{"floor":10.0,"key":"Fire Potion"},{"floor":19,"key":"Ancient Potion"},{"floor":21,"key":"ColorlessPotion"},{"floor":29,"key":"SkillPotion"}],"is_trial":false,"path_per_floor":["M","M","?","M","?","R","E","R","T","M","R","M","M","E","R","B",null,"M","M","M","M","$","R","?","R","T","E","R","E","$","?","R","B",null,"M","M","$","T","$","E","?","E","T","M","?","T","M","E","R","B",null,"R","$","E","B"],"character_chosen":"DEFECT","items_purchased":["Storm","Pantograph","FossilizedHelix","Doom and Gloom","Sunder","Capacitor","Lantern"],"campfire_rested":2,"item_purchase_floors":[0,0,22,22,30,37,37],"current_hp_per_floor":[52,52,40,39,57,57,41,41,41,41,41,44,48,41,41,33,75,72,75,63,46,46,46,10,32,32,36,58,68,68,68,68,48,75,69,73,73,73,73,75,75,71,71,75,75,75,75,75,75,67,75,75,75,75,0,0],"gold":77,"neow_bonus":"","is_daily":false,"chose_seed":false,"campfire_upgraded":7,"win_rate":0.0,"timestamp":1610010784,"path_taken":["M","M","?","M","?","R","E","R","T","M","R","M","M","E","R","BOSS","M","M","M","M","$","R","?","R","T","E","R","E","?","?","R","BOSS","M","M","$","?","?","E","?","E","T","M","?","?","M","E","R","BOSS","R","$","E","BOSS"],"items_purchased_type":["Card","Relic","Relic","Card","Card","Card","Relic"],"build_version":"2020-12-22","purchased_purges":2,"victory":false,"max_hp_per_floor":[75,75,75,75,75,75,75,75,75,75,75,75,75,75,75,75,75,75,75,75,75,75,75,75,75,75,75,75,75,75,75,75,75,75,75,75,75,75,75,75,75,75,75,75,75,75,75,75,75,75,75,75,75,75,75,75],"card_choices":[{"not_picked":["Hologram","Turbo"],"picked":"Coolheaded","floor":1.0},{"not_picked":["Stack","Ball Lightning"],"picked":"Coolheaded","floor":2.0},{"not_picked":["Barrage","Turbo"],"picked":"Auto Shields","floor":4.0},{"not_picked":["Streamline","Gash"],"picked":"BootSequence","floor":7.0},{"not_picked":["Fusion","BootSequence"],"picked":"Storm","floor":10.0},{"not_picked":["Barrage","Beam Cell"],"picked":"Go for the Eyes","floor":12.0},{"not_picked":["Gash","Redo"],"picked":"Beam Cell","floor":13.0},{"not_picked":["Redo","Coolheaded"],"picked":"Fission","floor":14.0},{"not_picked":["Thunder Strike","Rainbow"],"picked":"Creative AI","floor":16},{"not_picked":["Rebound","Hologram"],"picked":"Conserve Battery+1","floor":18},{"not_picked":["Reinforced Body","Stack"],"picked":"Turbo","floor":19},{"not_picked":["Leap+1","Go for the Eyes"],"picked":"Ball Lightning+1","floor":20},{"not_picked":["Redo","Ball Lightning"],"picked":"Cold Snap","floor":21},{"not_picked":["Gash","Recycle"],"picked":"Coolheaded","floor":27},{"not_picked":["Compile Driver","Heatsinks"],"picked":"Tempest+1","floor":29},{"not_picked":["All For One","Rainbow"],"picked":"Echo Form","floor":33},{"not_picked":["Ball Lightning","Sweeping Beam+1"],"picked":"Coolheaded","floor":35},{"not_picked":["Rebound","Streamline+1","Rip and Tear"],"picked":"SKIP","floor":36},{"not_picked":["Core Surge","Chill"],"picked":"Electrodynamics","floor":40},{"not_picked":["Stack","Leap"],"picked":"Lockon","floor":42},{"not_picked":["Scrape","Reprogram"],"picked":"Turbo","floor":44},{"not_picked":["Streamline+1","Gash+1"],"picked":"BootSequence+1","floor":47},{"not_picked":["Self Repair","Hologram"],"picked":"Fusion","floor":48},{"not_picked":["Reprogram","Force Field","Core Surge"],"picked":"SKIP","floor":54}],"player_experience":112405,"relics_obtained":[{"floor":7.0,"key":"Anchor"},{"floor":9.0,"key":"Blue Candle"},{"floor":14.0,"key":"Tiny Chest"},{"floor":26,"key":"Pocketwatch"},{"floor":27,"key":"DataDisk"},{"floor":29,"key":"War Paint"},{"floor":38,"key":"Centennial Puzzle"},{"floor":40,"key":"Letter Opener"},{"floor":42,"key":"The Courier"},{"floor":43,"key":"Mummified Hand"},{"floor":48,"key":"PreservedInsect"},{"floor":54,"key":"Toy Ornithopter"}],"event_choices":[{"damage_healed":0.0,"max_hp_gain":0.0,"max_hp_loss":0.0,"gold_gain":0.0,"event_name":"Scrap Ooze","player_choice":"Success","floor":3.0,"gold_loss":0.0,"damage_taken":12.0,"relics_obtained":["Incense Burner"]},{"damage_healed":18.0,"max_hp_gain":0.0,"max_hp_loss":0.0,"gold_gain":0.0,"event_name":"The Cleric","player_choice":"Healed","floor":5.0,"gold_loss":35.0,"damage_taken":0.0},{"damage_healed":0,"gold_gain":0,"player_choice":"CARD CARD CARD CARD ","damage_taken":36,"max_hp_gain":0,"max_hp_loss":0,"event_name":"Knowing Skull","floor":24,"potions_obtained":[],"gold_loss":0,"cards_obtained":["Blind","Mind Blast","PanicButton","PanicButton"]},{"damage_healed":0,"gold_gain":0,"player_choice":"CARD CARD CARD CARD ","damage_taken":36,"max_hp_gain":0,"max_hp_loss":0,"event_name":"Knowing Skull","floor":24,"potions_obtained":[],"gold_loss":0,"cards_obtained":["Blind","Mind Blast","PanicButton","PanicButton"]},{"damage_healed":0,"gold_gain":99,"player_choice":"Stole From Cult","damage_taken":0,"max_hp_gain":0,"max_hp_loss":0,"event_name":"Nest","floor":31,"gold_loss":0},{"cards_removed":["Coolheaded"],"damage_healed":0,"gold_gain":0,"player_choice":"Removed Skill","damage_taken":0,"max_hp_gain":0,"max_hp_loss":0,"event_name":"Falling","floor":41,"gold_loss":0},{"damage_healed":0,"gold_gain":0,"player_choice":"Paid","damage_taken":0,"relics_obtained":["Red Mask"],"max_hp_gain":0,"max_hp_loss":0,"event_name":"Tomb of Lord Red Mask","floor":45,"gold_loss":87}],"is_beta":false,"boss_relics":[{"not_picked":["Astrolabe","Tiny House"],"picked":"Nuclear Battery"},{"not_picked":["SacredBark","Coffee Dripper"],"picked":"Sozu"}],"items_purged_floors":[0,39],"is_endless":false,"potions_floor_spawned":[2,4,10,19,21,29,36,42,47,48,54],"killed_by":"The Heart","ascension_level":1}}