{"host":"opg65mucj6ra7dr1","time":1610002155,"event":{"mods":["BaseMod","DeckTracker","Keyboard Shortcuts","Minty Spire (QoL Compilation)","Permanent Neow","Quick Restart","everything is the same but u backflip on backflip"],"gold_per_floor":[114,43,54,73,73,104,122,157,157,14,34,34,46,65,65,168,168,182,182,29,48,48,73,89,115,162,176,176,176,206,221,221,325,325,336,346,69,69,86,86,86,106,106,106,106,119,153,171,171,171,171,171,28,63,63,63],"floor_reached":55,"playtime":2344,"items_purged":["Strike_G","Finisher","Strike_G"],"score":791,"play_id":"f1edd247-b311-4b17-a501-ea4701642428","local_time":"20210107154915","is_ascension_mode":true,"campfire_choices":[{"floor":12.0,"key":"REST"},{"data":"Footwork","floor":15.0,"key":"SMITH"},{"floor":29.0,"key":"REST"},{"floor":32.0,"key":"REST"},{"data":"Adrenaline","floor":40.0,"key":"SMITH"},{"data":"Envenom","floor":44.0,"key":"SMITH"},{"floor":49.0,"key":"RECALL"},{"data":"Well Laid Plans","floor":52.0,"key":"SMITH"}],"circlet_count":0,"master_deck":["Strike_G","Strike_G","Defend_G","Defend_G+1","Defend_G","Defend_G","Survivor","Neutralize","Venomology","Poisoned Stab","Footwork+1","Bane","Poisoned Stab","Deflect","Well Laid Plans+1","Backstab","Dagger Spray","Envenom+1","Noxious Fumes+1","Adrenaline+1","Poisoned Stab","Burst","Backflip","Deflect+1","Backflip","Noxious Fumes","Writhe","Doubt","PiercingWail+1","Normality","Outmaneuver","Bouncing Flask","Backflip"],"relics":["Ring of the Snake","Omamori","MealTicket","Bag of Preparation","Cursed Key","TwistedFunnel","Letter Opener","Art of War","Akabeko","Toy Ornithopter","Calling Bell","Smiling Mask","Blue Candle","Du-Vu Doll","War Paint","CaptainsWheel","The Courier","Unceasing Top","Anchor"],"acts_visited":["Exordium","TheCity","TheBeyond","TheEnding"],"potions_floor_usage":[54,55],"damage_taken":[{"damage":0.0,"enemies":"Cultist","floor":1.0,"turns":4.0},{"damage":0.0,"enemies":"Jaw Worm","floor":3.0,"turns":3.0},{"damage":0.0,"enemies":"2 Louse","floor":4.0,"turns":3.0},{"damage":10.0,"enemies":"Gremlin Nob","floor":6.0,"turns":4.0},{"damage":21.0,"enemies":"Exordium Thugs","floor":7.0,"turns":4.0},{"damage":18.0,"enemies":"Lagavulin","floor":8.0,"turns":5.0},{"damage":22.0,"enemies":"Lots of Slimes","floor":11.0,"turns":3.0},{"damage":17.0,"enemies":"Gremlin Gang","floor":13.0,"turns":5.0},{"damage":1.0,"enemies":"Exordium Thugs","floor":14.0,"turns":5.0},{"damage":14.0,"enemies":"Hexaghost","floor":16.0,"turns":12.0},{"damage":0.0,"enemies":"3 Byrds","floor":18.0,"turns":6.0},{"damage":21.0,"enemies":"2 Thieves","floor":21.0,"turns":4.0},{"damage":11.0,"enemies":"Book of Stabbing","floor":23.0,"turns":6.0},{"damage":5.0,"enemies":"3 Cultists","floor":24.0,"turns":4.0},{"damage":15.0,"enemies":"Gremlin Leader","floor":25.0,"turns":4.0},{"damage":13.0,"enemies":"Shelled Parasite and Fungi","floor":27.0,"turns":5.0},{"damage":0.0,"enemies":"Snecko","floor":28.0,"turns":2.0},{"damage":13.0,"enemies":"Slavers","floor":30.0,"turns":3.0},{"damage":5.0,"enemies":"Snake Plant","floor":31.0,"turns":5.0},{"damage":20.0,"enemies":"Champ","floor":33.0,"turns":10.0},{"damage":4.0,"enemies":"3 Darklings","floor":35.0,"turns":3.0},{"damage":7.0,"enemies":"3 Shapes","floor":36.0,"turns":2.0},{"damage":15.0,"enemies":"Writhing Mass","floor":39.0,"turns":6.0},{"damage":2.0,"enemies":"Jaw Worm Horde","floor":42.0,"turns":3.0},{"damage":0.0,"enemies":"Nemesis","floor":45.0,"turns":1.0},{"damage":2.0,"enemies":"4 Shapes","floor":46.0,"turns":4.0},{"damage":57.0,"enemies":"Giant Head","floor":47.0,"turns":8.0},{"damage":13.0,"enemies":"Sphere and 2 Shapes","floor":48.0,"turns":3.0},{"damage":18.0,"enemies":"Donu and Deca","floor":50.0,"turns":8.0},{"damage":69,"enemies":"Shield and Spear","floor":54,"turns":9},{"damage":10,"enemies":"The Heart","floor":55,"turns":2}],"seed_played":"535762731792868872","potions_obtained":[{"floor":1.0,"key":"DuplicationPotion"},{"floor":7.0,"key":"Poison Potion"},{"floor":13.0,"key":"AttackPotion"},{"floor":14.0,"key":"SmokeBomb"},{"floor":24.0,"key":"FearPotion"},{"floor":33.0,"key":"EssenceOfSteel"},{"floor":48.0,"key":"PowerPotion"}],"is_trial":false,"path_per_floor":["M","$","M","M","?","E","M","E","T","$","M","R","M","M","R","B",null,"M","?","$","M","?","E","M","E","T","M","M","R","E","M","R","B",null,"M","M","$","T","M","R","T","M","T","R","E","M","E","M","R","B",null,"R","$","E","B"],"character_chosen":"THE_SILENT","items_purchased":["Footwork","Well Laid Plans","TwistedFunnel","Backflip","Noxious Fumes","War Paint","Bouncing Flask","Backflip"],"campfire_rested":3,"item_purchase_floors":[2,10,20,37,37,37,53,53],"current_hp_per_floor":[70,70,70,70,70,60,39,21,21,36,14,35,18,17,17,3,70,70,70,70,49,49,38,33,18,18,5,5,26,13,8,29,19,70,66,59,70,70,55,55,55,53,53,53,58,56,4,21,21,23,70,70,70,4,0,0],"gold":63,"neow_bonus":"TRANSFORM_CARD","is_daily":false,"chose_seed":false,"campfire_upgraded":4,"win_rate":0.0,"timestamp":1610002155,"path_taken":["M","?","M","M","?","E","?","E","T","$","M","R","M","M","R","BOSS","M","?","?","M","?","E","M","E","T","?","?","R","E","?","R","BOSS","M","M","?","?","M","R","?","M","T","R","E","M","E","M","R","BOSS","R","$","E","BOSS"],"items_purchased_type":["Card","Card","Relic","Card","Card","Relic","Card","Card"],"build_version":"2020-12-22","purchased_purges":3,"victory":false,"max_hp_per_floor":[70,70,70,70,70,70,70,70,70,70,70,70,70,70,70,70,70,70,70,70,70,70,70,70,70,70,70,70,70,70,70,70,70,70,70,70,70,70,70,70,70,70,70,70,70,70,70,70,70,70,70,70,70,70,70,70],"card_choices":[{"not_picked":["Acrobatics","Bane"],"picked":"Poisoned Stab","floor":1.0},{"not_picked":["Dodge and Roll","Deadly Poison"],"picked":"Bane","floor":3.0},{"not_picked":["Outmaneuver","Escape Plan","Reflex"],"picked":"SKIP","floor":4.0},{"not_picked":["Cloak And Dagger","Masterful Stab","Dagger Throw"],"picked":"SKIP","floor":6.0},{"not_picked":["Skewer","Cloak And Dagger"],"picked":"Poisoned Stab","floor":7.0},{"not_picked":["Deadly Poison","Infinite Blades"],"picked":"Deflect","floor":8.0},{"not_picked":["Unload","Dagger Throw","Riddle With Holes"],"picked":"SKIP","floor":11.0},{"not_picked":["Quick Slash","Expertise"],"picked":"Backstab","floor":13.0},{"not_picked":["Dodge and Roll","Sucker Punch"],"picked":"Dagger Spray","floor":14.0},{"not_picked":["Tools of the Trade","Doppelganger"],"picked":"Envenom","floor":16.0},{"not_picked":["Cloak And Dagger","Prepared"],"picked":"Noxious Fumes+1","floor":18.0},{"not_picked":["Deadly Poison","All Out Attack+1","Outmaneuver"],"picked":"SKIP","floor":21.0},{"not_picked":["Prepared+1","Deadly Poison+1"],"picked":"Adrenaline","floor":23.0},{"not_picked":["Dash+1","Bane","Poisoned Stab"],"picked":"SKIP","floor":24.0},{"not_picked":["Dash+1","Bane"],"picked":"Poisoned Stab","floor":24.0},{"not_picked":["PiercingWail","Outmaneuver"],"picked":"Burst","floor":25.0},{"not_picked":["Acrobatics+1","Venomology"],"picked":"Backflip","floor":27.0},{"not_picked":["Blade Dance","Bane","Escape Plan"],"picked":"SKIP","floor":30.0},{"not_picked":["Backstab","Well Laid Plans","Deflect"],"picked":"SKIP","floor":31.0},{"not_picked":["Backstab","Well Laid Plans"],"picked":"Deflect","floor":31.0},{"not_picked":["Bane+1","Deflect","Predator+1"],"picked":"SKIP","floor":35.0},{"not_picked":["Escape Plan","Bane+1","Predator+1"],"picked":"SKIP","floor":36.0},{"not_picked":["Underhanded Strike+1","Flying Knee","Sucker Punch"],"picked":"SKIP","floor":39.0},{"not_picked":["Well Laid Plans","Blur"],"picked":"PiercingWail+1","floor":42.0},{"not_picked":["Die Die Die","Quick Slash+1"],"picked":"Outmaneuver","floor":46.0},{"not_picked":["Distraction","Poisoned Stab+1","Flying Knee"],"picked":"SKIP","floor":47.0},{"not_picked":["Dash","Blade Dance+1","Distraction"],"picked":"SKIP","floor":48.0},{"not_picked":["All Out Attack","Poisoned Stab+1","Accuracy+1"],"picked":"SKIP","floor":54},{"not_picked":["All Out Attack","Poisoned Stab+1","Accuracy+1"],"picked":"SKIP","floor":54}],"player_experience":81062,"relics_obtained":[{"floor":6.0,"key":"Omamori"},{"floor":8.0,"key":"MealTicket"},{"floor":9.0,"key":"Bag of Preparation"},{"floor":23.0,"key":"Letter Opener"},{"floor":25.0,"key":"Art of War"},{"floor":26.0,"key":"Akabeko"},{"floor":30.0,"key":"Toy Ornithopter"},{"floor":34.0,"key":"Smiling Mask"},{"floor":34.0,"key":"Blue Candle"},{"floor":34.0,"key":"Du-Vu Doll"},{"floor":38.0,"key":"CaptainsWheel"},{"floor":43.0,"key":"The Courier"},{"floor":47.0,"key":"Unceasing Top"},{"floor":54,"key":"Anchor"}],"event_choices":[{"damage_healed":0.0,"max_hp_gain":0.0,"max_hp_loss":0.0,"gold_gain":0.0,"event_name":"Match and Keep!","player_choice":"0 cards matched","floor":5.0,"gold_loss":0.0,"damage_taken":0.0,"cards_obtained":[]},{"damage_healed":0.0,"max_hp_gain":0.0,"max_hp_loss":0.0,"gold_gain":0.0,"cards_transformed":["Defend_G"],"event_name":"Transmorgrifier","player_choice":"Transformed","floor":19.0,"gold_loss":0.0,"damage_taken":0.0,"cards_obtained":["Finisher"]},{"damage_healed":0.0,"max_hp_gain":0.0,"max_hp_loss":0.0,"gold_gain":0.0,"event_name":"Match and Keep!","player_choice":"0 cards matched","floor":22.0,"gold_loss":0.0,"damage_taken":0.0,"cards_obtained":[]}],"is_beta":false,"boss_relics":[{"not_picked":["Pandora\u0027s Box","Tiny House"],"picked":"Cursed Key"},{"not_picked":["Astrolabe","Sozu"],"picked":"Calling Bell"}],"items_purged_floors":[10,37,53],"is_endless":false,"potions_floor_spawned":[1,7,13,14,18,21,24,33,36,39,45,46,48],"killed_by":"The Heart","ascension_level":1}}