{"host":"dgf4n6lo35jtjz0c","time":1610017378,"event":{"mods":["AchievementEnabler","BaseMod","Bestiary","Colored Powertips","Minty Spire (QoL Compilation)"],"gold_per_floor":[115,115,115,136,101,101,120,51,131,145,145,220,234,234,234,353,353,366,379,157,157,157,157],"floor_reached":22,"playtime":4545,"items_purged":[],"score":174,"play_id":"064fbad9-5f5b-43c5-a497-2d13530f9cd1","local_time":"20210107220258","is_ascension_mode":false,"campfire_choices":[{"data":"Eruption","floor":6,"key":"SMITH"},{"data":"Halt","floor":11,"key":"SMITH"},{"data":"Crescendo","floor":15,"key":"SMITH"}],"circlet_count":0,"master_deck":["Strike_P","Strike_P","Strike_P","Defend_P","Defend_P","Defend_P","Defend_P","Eruption+1","Vigilance","PathToVictory","FearNoEvil","Halt+1","PathToVictory","LikeWater","Indignation","Crescendo+1","Establishment","Indignation","JustLucky","Crescendo","Ragnarok"],"relics":["PureWater","NeowsBlessing","Golden Idol","Pantograph","Eternal Feather","Black Star","Peace Pipe"],"acts_visited":["Exordium","TheCity"],"potions_floor_usage":[16,18],"damage_taken":[{"damage":0,"enemies":"2 Louse","floor":1,"turns":1},{"damage":0,"enemies":"Jaw Worm","floor":4,"turns":1},{"damage":0,"enemies":"Cultist","floor":7,"turns":1},{"damage":16,"enemies":"3 Louse","floor":10,"turns":3},{"damage":0,"enemies":"Blue Slaver","floor":13,"turns":3},{"damage":44,"enemies":"The Guardian","floor":16,"turns":8},{"damage":25,"enemies":"2 Thieves","floor":18,"turns":4},{"damage":19,"enemies":"Chosen","floor":19,"turns":5},{"damage":74,"enemies":"Sentry and Sphere","floor":22,"turns":4}],"seed_played":"2727252633023604282","potions_obtained":[{"floor":4,"key":"Weak Potion"},{"floor":7,"key":"SneckoOil"}],"is_trial":false,"path_per_floor":["M","?","?","M","?","R","M","$","T","M","R","?","M","T","R","B",null,"M","M","$","?","M"],"character_chosen":"WATCHER","items_purchased":["LikeWater","Crescendo","Ragnarok","FairyPotion"],"campfire_rested":0,"item_purchase_floors":[8,20,20,20],"current_hp_per_floor":[72,54,54,54,72,72,72,72,72,56,56,45,45,45,54,28,72,47,28,28,28,0,0],"gold":157,"neow_bonus":"THREE_ENEMY_KILL","is_daily":false,"chose_seed":false,"campfire_upgraded":3,"win_rate":0.0,"timestamp":1610017378,"path_taken":["M","?","?","M","?","R","?","?","T","M","R","?","M","?","R","BOSS","M","?","$","?","?"],"items_purchased_type":["Card","Card","Card","Potion"],"build_version":"2020-12-22","purchased_purges":0,"victory":false,"max_hp_per_floor":[72,72,72,72,72,72,72,72,72,72,72,72,72,72,72,72,72,72,72,72,72,72,72],"card_choices":[{"not_picked":["BowlingBash","Weave"],"picked":"PathToVictory","floor":1},{"not_picked":["BowlingBash","SashWhip"],"picked":"Halt","floor":4},{"not_picked":["Consecrate","BowlingBash"],"picked":"PathToVictory","floor":7},{"not_picked":["CrushJoints","Consecrate"],"picked":"Indignation","floor":10},{"not_picked":["FlyingSleeves","WreathOfFlame"],"picked":"Crescendo","floor":13},{"not_picked":["Omniscience","DeusExMachina"],"picked":"Establishment","floor":16},{"not_picked":["SashWhip","Protect"],"picked":"Indignation","floor":18},{"not_picked":["Swivel","ThirdEye"],"picked":"JustLucky","floor":19}],"player_experience":105379,"relics_obtained":[{"floor":9,"key":"Pantograph"},{"floor":14,"key":"Eternal Feather"},{"floor":21,"key":"Peace Pipe"}],"event_choices":[{"damage_healed":0,"gold_gain":0,"player_choice":"Take Damage","damage_taken":18,"relics_obtained":["Golden Idol"],"max_hp_gain":0,"max_hp_loss":0,"event_name":"Golden Idol","floor":2,"gold_loss":0},{"damage_healed":0,"gold_gain":0,"cards_transformed":["Strike_P"],"player_choice":"Change","damage_taken":0,"max_hp_gain":0,"max_hp_loss":0,"event_name":"Living Wall","floor":3,"gold_loss":0,"cards_obtained":["FearNoEvil"]},{"damage_healed":18,"gold_gain":0,"player_choice":"Healed","damage_taken":0,"max_hp_gain":0,"max_hp_loss":0,"event_name":"The Cleric","floor":5,"gold_loss":35},{"damage_healed":0,"gold_gain":75,"player_choice":"Gather Gold","damage_taken":11,"max_hp_gain":0,"max_hp_loss":0,"event_name":"World of Goop","floor":12,"gold_loss":0},{"damage_healed":0,"gold_gain":0,"player_choice":"Relic","damage_taken":0,"max_hp_gain":0,"max_hp_loss":0,"event_name":"Wheel of Change","floor":21,"gold_loss":0}],"is_beta":false,"boss_relics":[{"not_picked":["Snecko Eye","Velvet Choker"],"picked":"Black Star"}],"items_purged_floors":[],"is_endless":false,"potions_floor_spawned":[4,7],"killed_by":"Sentry and Sphere","ascension_level":0}}