{"host":"y89x8uui45kcjy42","time":1610007243,"event":{"mods":["2.2 Compatiblity","BaseMod","CapriCore","Colored Map","Colored Powertips","Custom Start","Friendly Minions","Keyboard Shortcuts","Minty Spire (QoL Compilation)","Relic Stats","Slay the Relics Exporter","StSLib","SuperFastMode","Uncapped"],"gold_per_floor":[113,114,94,12,29,29,29,29,29,29,52,52,87,87,87,161,161,178,188,188,205,45,45,45,58,58,58,88,43,74,74,74,153,153,171,0,16,16,16,16,44,76,76,76,76,89,89,122,122,122,122,122],"floor_reached":51,"playtime":1737,"items_purged":["CutThroughFate","ThirdEye"],"score":2076,"play_id":"80282247-a399-448e-8f63-1d984ee43917","local_time":"20210107171403","is_ascension_mode":true,"campfire_choices":[{"data":"ClearTheMind","floor":6,"key":"SMITH"},{"data":"Nirvana","floor":7,"key":"SMITH"},{"data":"Nirvana","floor":8,"key":"SMITH"},{"data":"Weave","floor":10,"key":"SMITH"},{"data":"Weave","floor":12,"key":"SMITH"},{"data":"CutThroughFate","floor":15,"key":"SMITH"},{"data":"Vault","floor":23,"key":"SMITH"},{"data":"Crescendo","floor":24,"key":"SMITH"},{"data":"CutThroughFate","floor":27,"key":"SMITH"},{"data":"Wireheading","floor":32,"key":"SMITH"},{"data":"CutThroughFate","floor":40,"key":"SMITH"},{"floor":44,"key":"RECALL"},{"data":"ThirdEye","floor":47,"key":"SMITH"},{"floor":49,"key":"REST"}],"circlet_count":0,"master_deck":["CutThroughFate+1","CutThroughFate+1","CutThroughFate+1","JustLucky+1","ThirdEye+1","ThirdEye+1","Nirvana+1","Weave+1","Weave+1","Nirvana+1","ClearTheMind+1","Vault+1","Crescendo+1","Wireheading+1","ThirdEye+1","JustLucky+1","Wireheading+1","After Image+1","After Image+1","After Image+1","After Image+1","After Image+1"],"relics":["HolyWater","GoldenEye","Melange","Anchor","Membership Card","War Paint","Mummified Hand","Sling","HornCleat","Odd Mushroom","Bird Faced Urn","Lantern","Medical Kit","Bag of Preparation","Blue Candle","Sundial","Black Star","Red Mask","WingedGreaves","Strawberry","MealTicket","Meat on the Bone","Bronze Scales","Pear","PreservedInsect"],"acts_visited":["Exordium","TheCity","TheBeyond"],"potions_floor_usage":[34],"damage_taken":[{"damage":0,"enemies":"Small Slimes","floor":1,"turns":2},{"damage":0,"enemies":"Cultist","floor":5,"turns":2},{"damage":0,"enemies":"The Mushroom Lair","floor":11,"turns":2},{"damage":0,"enemies":"Gremlin Nob","floor":13,"turns":2},{"damage":8,"enemies":"The Guardian","floor":16,"turns":5},{"damage":0,"enemies":"Chosen","floor":18,"turns":2},{"damage":0,"enemies":"Shell Parasite","floor":19,"turns":1},{"damage":0,"enemies":"Centurion and Healer","floor":21,"turns":2},{"damage":0,"enemies":"Chosen and Byrds","floor":25,"turns":2},{"damage":0,"enemies":"Slavers","floor":28,"turns":2},{"damage":0,"enemies":"Book of Stabbing","floor":30,"turns":2},{"damage":0,"enemies":"Automaton","floor":33,"turns":3},{"damage":0,"enemies":"3 Shapes","floor":35,"turns":2},{"damage":0,"enemies":"3 Darklings","floor":37,"turns":2},{"damage":0,"enemies":"Giant Head","floor":41,"turns":2},{"damage":0,"enemies":"Nemesis","floor":42,"turns":3},{"damage":0,"enemies":"Maw","floor":46,"turns":3},{"damage":0,"enemies":"Giant Head","floor":48,"turns":4},{"damage":0,"enemies":"Donu and Deca","floor":50,"turns":6},{"damage":0,"enemies":"Time Eater","floor":51,"turns":1}],"seed_played":"8347597247659141353","potions_obtained":[{"floor":1,"key":"FearPotion"},{"floor":3,"key":"Strength Potion"},{"floor":25,"key":"Energy Potion"},{"floor":28,"key":"DistilledChaos"},{"floor":33,"key":"Fruit Juice"},{"floor":35,"key":"BlessingOfTheForge"},{"floor":46,"key":"Ambrosia"}],"is_trial":false,"path_per_floor":["M","$","?","$","M","R","R","R","T","R","?","R","E","?","R","B",null,"M","M","?","M","$","R","R","M","T","R","E","$","E","$","R","B",null,"M","?","M","$","?","R","E","E","T","R","?","M","R","E","R","B","B"],"character_chosen":"WATCHER","items_purchased":["Nirvana","War Paint","Mummified Hand","Sling","Lantern","Medical Kit","Wireheading"],"campfire_rested":1,"item_purchase_floors":[2,2,2,4,22,22,29],"current_hp_per_floor":[61,61,61,61,61,61,61,61,61,61,61,61,61,68,68,60,66,68,68,68,68,68,68,68,68,68,68,68,68,68,68,68,68,73,73,73,73,73,73,73,80,80,80,80,80,80,80,90,90,90,90,90],"gold":122,"neow_bonus":"RANDOM_COMMON_RELIC","is_daily":false,"chose_seed":false,"campfire_upgraded":12,"win_rate":0.0,"timestamp":1610007243,"path_taken":["M","$","?","$","?","R","R","R","T","R","?","R","E","?","R","BOSS","M","?","?","M","$","R","R","M","T","R","E","$","E","$","R","BOSS","M","?","M","$","?","R","E","E","T","R","?","?","R","E","R","BOSS","BOSS"],"items_purchased_type":["Card","Relic","Relic","Relic","Relic","Relic","Card"],"build_version":"2020-12-22","purchased_purges":2,"victory":false,"max_hp_per_floor":[68,68,68,68,68,68,68,68,68,68,68,68,68,68,68,68,68,68,68,68,68,68,68,68,68,68,68,68,68,68,68,68,68,73,73,73,73,73,73,73,80,80,80,80,80,80,80,90,90,90,90,90],"relic_stats":{"counters":[20,50],"Blue Candle":[0],"Melange":[69],"PreservedInsect":0,"Bag of Preparation":[22],"War Paint":["ThirdEye","ThirdEye"],"GoldenEye":[200],"Medical Kit":[2],"Mummified Hand":[60],"Sundial":[6],"Bird Faced Urn":[2],"Bronze Scales":[12],"MealTicket":0,"Black Star":3,"obtain_stats":[{"Lantern":22,"Melange":0,"Bag of Preparation":26,"Sling":4,"HornCleat":9,"Mummified Hand":2,"Sundial":30,"Strawberry":41,"MealTicket":41,"WingedGreaves":1,"Red Mask":36,"Pear":48,"Blue Candle":28,"PreservedInsect":48,"War Paint":2,"Odd Mushroom":11,"GoldenEye":0,"Medical Kit":22,"Anchor":0,"Bird Faced Urn":13,"Bronze Scales":42,"HolyWater":17,"Black Star":34,"Membership Card":1,"PureWater":0,"Meat on the Bone":42},{"Lantern":8,"Melange":0,"Bag of Preparation":9,"Sling":1,"HornCleat":2,"Mummified Hand":1,"Sundial":11,"Strawberry":15,"MealTicket":15,"WingedGreaves":1,"Red Mask":13,"Pear":18,"Blue Candle":10,"PreservedInsect":18,"War Paint":1,"Odd Mushroom":3,"GoldenEye":0,"Medical Kit":8,"Anchor":0,"Bird Faced Urn":4,"Bronze Scales":16,"HolyWater":5,"Black Star":12,"Membership Card":1,"PureWater":0,"Meat on the Bone":16},{"Lantern":18,"Melange":0,"Bag of Preparation":20,"Sling":2,"HornCleat":4,"Mummified Hand":2,"Sundial":24,"Strawberry":33,"MealTicket":33,"WingedGreaves":2,"Red Mask":29,"Pear":43,"Blue Candle":22,"PreservedInsect":43,"War Paint":2,"Odd Mushroom":6,"GoldenEye":0,"Medical Kit":18,"Anchor":0,"Bird Faced Urn":8,"Bronze Scales":36,"HolyWater":13,"Black Star":27,"Membership Card":2,"PureWater":0,"Meat on the Bone":36}],"Meat on the Bone":0},"card_choices":[{"not_picked":["SandsOfTime","CrushJoints","BowlingBash"],"picked":"SKIP","floor":1},{"not_picked":["Protect","FlurryOfBlows"],"picked":"ClearTheMind","floor":5},{"not_picked":["Crescendo","Pray"],"picked":"Nirvana","floor":13},{"not_picked":["Alpha","DeusExMachina"],"picked":"Vault","floor":16},{"not_picked":["CutThroughFate","WindmillStrike"],"picked":"Crescendo","floor":18},{"not_picked":["Consecrate","Vengeance","Prostrate"],"picked":"SKIP","floor":19},{"not_picked":["ClearTheMind","CrushJoints","Weave"],"picked":"SKIP","floor":21},{"not_picked":["Evaluate","WheelKick","TalkToTheHand"],"picked":"SKIP","floor":25},{"not_picked":["InnerPeace","Crescendo","Tantrum+1"],"picked":"SKIP","floor":28},{"not_picked":["CrushJoints","CutThroughFate","Evaluate"],"picked":"SKIP","floor":30},{"not_picked":["FlyingSleeves+1","CrushJoints"],"picked":"ThirdEye","floor":35},{"not_picked":["Indignation","ReachHeaven"],"picked":"JustLucky+1","floor":37},{"not_picked":["PathToVictory","Meditate","FollowUp"],"picked":"SKIP","floor":41},{"not_picked":["EmptyBody","Wallop+1","DeusExMachina"],"picked":"SKIP","floor":42},{"not_picked":["SashWhip","DeceiveReality","CrushJoints"],"picked":"SKIP","floor":46},{"not_picked":["Wallop","EmptyBody","LikeWater+1"],"picked":"SKIP","floor":48}],"player_experience":574655,"relics_obtained":[{"floor":9,"key":"HornCleat"},{"floor":11,"key":"Odd Mushroom"},{"floor":13,"key":"Bird Faced Urn"},{"floor":26,"key":"Bag of Preparation"},{"floor":28,"key":"Blue Candle"},{"floor":30,"key":"Sundial"},{"floor":41,"key":"Strawberry"},{"floor":41,"key":"MealTicket"},{"floor":42,"key":"Meat on the Bone"},{"floor":42,"key":"Bronze Scales"},{"floor":48,"key":"Pear"},{"floor":48,"key":"PreservedInsect"}],"event_choices":[{"damage_healed":0,"gold_gain":0,"player_choice":"Bought 1 Potion","damage_taken":0,"max_hp_gain":0,"max_hp_loss":0,"event_name":"The Woman in Blue","floor":3,"gold_loss":0},{"damage_healed":0,"gold_gain":0,"player_choice":"Fought Mushrooms","damage_taken":0,"max_hp_gain":0,"max_hp_loss":0,"event_name":"Mushrooms","floor":11,"gold_loss":0},{"cards_removed":["Nirvana"],"damage_healed":7,"gold_gain":0,"player_choice":"Offered Uncommon","damage_taken":0,"max_hp_gain":0,"max_hp_loss":0,"event_name":"Bonfire Elementals","floor":14,"gold_loss":0},{"cards_removed":["ThirdEye"],"damage_healed":0,"gold_gain":0,"player_choice":"Elegance","damage_taken":0,"max_hp_gain":0,"max_hp_loss":0,"event_name":"Back to Basics","floor":20,"gold_loss":0},{"damage_healed":0,"gold_gain":0,"player_choice":"Paid","damage_taken":0,"relics_obtained":["Red Mask"],"max_hp_gain":0,"max_hp_loss":0,"event_name":"Tomb of Lord Red Mask","floor":36,"gold_loss":171},{"damage_healed":0,"gold_gain":0,"player_choice":"Memory 1","damage_taken":0,"max_hp_gain":0,"max_hp_loss":0,"event_name":"SensoryStone","floor":39,"gold_loss":0},{"damage_healed":0,"gold_gain":0,"player_choice":"Copied","damage_taken":0,"max_hp_gain":0,"max_hp_loss":0,"event_name":"Duplicator","floor":45,"gold_loss":0,"cards_obtained":["Wireheading"]}],"is_beta":false,"boss_relics":[{"not_picked":["Fusion Hammer","Philosopher\u0027s Stone"],"picked":"HolyWater"},{"not_picked":["Astrolabe","Velvet Choker"],"picked":"Black Star"}],"items_purged_floors":[2,4],"is_endless":false,"potions_floor_spawned":[1,25,28,33,35,46],"killed_by":"Time Eater","ascension_level":20}}