{"host":"xrbutm0tzv4qwo7u","time":1610034503,"event":{"mods":["AchievementEnabler","BaseMod","Colored Powertips","Hermit","Minty Spire (QoL Compilation)","StSLib","The Cursed","The Marked"],"gold_per_floor":[113,131,131,131,151,151,163,163,216,216,42,77,27,27,27,146,146,171,28,28,28,303,321,321,359,359,359,359,359,1,19,19,147,147,172,172,191,114,114,114,39,39,39,39,39,107,15,29,29,29,29],"floor_reached":50,"playtime":1790,"items_purged":["Strike_G","Regret"],"score":525,"play_id":"a5b3ecb7-9cb6-4d6d-8601-d4f33f88307a","local_time":"20210107094823","is_ascension_mode":false,"campfire_choices":[{"data":"Poisoned Stab","floor":6,"key":"SMITH"},{"data":"Crippling Poison","floor":10,"key":"SMITH"},{"floor":15,"key":"REST"},{"floor":24,"key":"REST"},{"floor":27,"key":"REST"},{"floor":32,"key":"REST"},{"data":"Catalyst","floor":40,"key":"SMITH"},{"data":"Bullet Time","floor":42,"key":"SMITH"},{"data":"Bane","floor":44,"key":"SMITH"},{"data":"Chrysalis","floor":49,"key":"SMITH"}],"circlet_count":0,"master_deck":["Defend_G+1","Defend_G+1","Defend_G+1","Defend_G+1","Neutralize","Poisoned Stab+1","Flying Knee","Dagger Spray","Crippling Poison+1","Bane","Sucker Punch","Catalyst+1","Bullet Time+1","Riddle With Holes+1","Heel Hook+1","Flying Knee","Blur+1","Prepared+1","Necronomicurse","Bane+1","Acrobatics+1","Corpse Explosion","Slice","Deflect","Crippling Poison+1","Poisoned Stab+1","Deadly Poison","Catalyst+1","Calculated Gamble+1","Trip","Chrysalis+1","Apotheosis","Noxious Fumes","Deadly Poison"],"relics":["Ring of the Snake","NeowsBlessing","Juzu Bracelet","Regal Pillow","Golden Idol","Astrolabe","TwistedFunnel","Tiny Chest","Pocketwatch","Pen Nib","Necronomicon","Membership Card","Ice Cream","Empty Cage","Toy Ornithopter","Orrery","Oddly Smooth Stone","Eternal Feather","Pear","Toolbox"],"acts_visited":["Exordium","TheCity","TheBeyond"],"potions_floor_usage":[16,23,33,50,50],"damage_taken":[{"damage":0,"enemies":"Cultist","floor":1,"turns":1},{"damage":0,"enemies":"Small Slimes","floor":2,"turns":1},{"damage":0,"enemies":"Jaw Worm","floor":5,"turns":1},{"damage":9,"enemies":"2 Fungi Beasts","floor":7,"turns":2},{"damage":31,"enemies":"3 Sentries","floor":12,"turns":9},{"damage":14,"enemies":"Hexaghost","floor":16,"turns":8},{"damage":3,"enemies":"Chosen","floor":18,"turns":3},{"damage":11,"enemies":"2 Thieves","floor":23,"turns":3},{"damage":41,"enemies":"Book of Stabbing","floor":25,"turns":6},{"damage":10,"enemies":"Centurion and Healer","floor":31,"turns":4},{"damage":86,"enemies":"Automaton","floor":33,"turns":12},{"damage":4,"enemies":"Orb Walker","floor":35,"turns":3},{"damage":7,"enemies":"3 Darklings","floor":37,"turns":2},{"damage":27,"enemies":"Maw","floor":48,"turns":6},{"damage":83,"enemies":"Time Eater","floor":50,"turns":10}],"seed_played":"5212393602546467941","potions_obtained":[{"floor":1,"key":"Block Potion"},{"floor":7,"key":"SteroidPotion"},{"floor":16,"key":"FairyPotion"},{"floor":23,"key":"CunningPotion"},{"floor":33,"key":"DistilledChaos"},{"floor":48,"key":"DistilledChaos"}],"is_trial":false,"path_per_floor":["M","M","?","?","M","R","M","?","T","R","$","E","?","?","R","B",null,"M","$","?","?","?","M","R","E","T","R","?","?","$","M","R","B",null,"M","T","M","$","?","R","$","R","T","R","?","T","$","M","R","B"],"character_chosen":"THE_SILENT","items_purchased":["Bane","Sucker Punch","TwistedFunnel","Membership Card","Bane","Ice Cream","Orrery","Oddly Smooth Stone","Noxious Fumes","Toolbox"],"campfire_rested":4,"item_purchase_floors":[11,11,19,30,30,30,38,41,47,47],"current_hp_per_floor":[70,70,56,56,56,56,47,40,40,40,40,9,9,9,45,31,70,67,67,54,54,54,43,75,34,34,71,71,55,55,45,75,22,75,71,71,64,64,64,64,64,64,64,75,65,75,75,48,66,0,0],"gold":29,"neow_bonus":"THREE_ENEMY_KILL","is_daily":false,"chose_seed":false,"campfire_upgraded":6,"win_rate":0.0,"timestamp":1610034503,"path_taken":["M","?","?","?","M","R","?","?","T","R","$","E","?","?","R","BOSS","M","$","?","?","?","M","R","E","T","R","?","?","$","M","R","BOSS","M","?","M","$","?","R","?","R","T","R","?","?","$","M","R","BOSS"],"items_purchased_type":["Card","Card","Relic","Relic","Card","Relic","Relic","Relic","Card","Relic"],"build_version":"2020-12-22","purchased_purges":2,"victory":false,"max_hp_per_floor":[70,70,70,70,70,70,70,70,70,70,70,70,70,70,70,70,70,70,70,75,75,75,75,75,75,75,75,75,75,75,75,75,75,75,75,75,75,75,75,75,75,75,75,75,75,85,85,85,85,85,85],"card_choices":[{"not_picked":["Endless Agony","Flying Knee"],"picked":"Poisoned Stab","floor":1},{"not_picked":["Quick Slash","Endless Agony"],"picked":"Flying Knee","floor":2},{"not_picked":["Skewer","Endless Agony"],"picked":"Dagger Spray","floor":5},{"not_picked":["Prepared","Expertise"],"picked":"Crippling Poison","floor":7},{"not_picked":["Glass Knife","Eviscerate"],"picked":"Catalyst","floor":12},{"not_picked":["Malaise","After Image"],"picked":"Bullet Time","floor":16},{"not_picked":["Blade Dance","Deflect"],"picked":"Flying Knee","floor":18},{"not_picked":["Backflip+1","Flying Knee"],"picked":"Blur+1","floor":23},{"not_picked":["Caltrops","Flechettes+1"],"picked":"Prepared+1","floor":25},{"not_picked":["Tactician","Slice"],"picked":"Acrobatics+1","floor":31},{"not_picked":["Venomology","After Image"],"picked":"Corpse Explosion","floor":33},{"not_picked":["Quick Slash","Well Laid Plans"],"picked":"Slice","floor":35},{"not_picked":["Dodge and Roll+1","All Out Attack+1"],"picked":"Deflect","floor":37},{"not_picked":["PiercingWail","Dodge and Roll"],"picked":"Crippling Poison+1","floor":38},{"not_picked":["PiercingWail+1","Doppelganger"],"picked":"Poisoned Stab+1","floor":38},{"not_picked":["A Thousand Cuts","Eviscerate"],"picked":"Deadly Poison","floor":38},{"not_picked":["Deadly Poison","Prepared+1"],"picked":"Catalyst+1","floor":38},{"not_picked":["Slice+1","Sucker Punch"],"picked":"Calculated Gamble+1","floor":38},{"not_picked":["Deep Breath","Madness"],"picked":"Trip","floor":45},{"not_picked":["Finesse","Trip"],"picked":"Chrysalis","floor":45},{"not_picked":["Jack Of All Trades","Bandage Up"],"picked":"Apotheosis","floor":45},{"not_picked":["Backflip","PiercingWail"],"picked":"Deadly Poison","floor":48}],"player_experience":25253,"relics_obtained":[{"floor":9,"key":"Juzu Bracelet"},{"floor":12,"key":"Regal Pillow"},{"floor":25,"key":"Pocketwatch"},{"floor":26,"key":"Pen Nib"},{"floor":29,"key":"Necronomicon"},{"floor":36,"key":"Toy Ornithopter"},{"floor":43,"key":"Eternal Feather"},{"floor":46,"key":"Pear"}],"event_choices":[{"damage_healed":0,"gold_gain":0,"player_choice":"Entered Light","damage_taken":14,"max_hp_gain":0,"max_hp_loss":0,"event_name":"Shining Light","floor":3,"gold_loss":0,"cards_upgraded":["Defend_G","Strike_G"]},{"cards_removed":["Strike_G"],"damage_healed":0,"gold_gain":0,"player_choice":"Purged","damage_taken":0,"max_hp_gain":0,"max_hp_loss":0,"event_name":"Purifier","floor":4,"gold_loss":0},{"cards_removed":["Strike_G"],"damage_healed":0,"gold_gain":0,"player_choice":"Card Removal","damage_taken":7,"max_hp_gain":0,"max_hp_loss":0,"event_name":"Golden Wing","floor":8,"gold_loss":0},{"cards_removed":["Strike_G"],"damage_healed":0,"gold_gain":0,"player_choice":"Card Removal","damage_taken":0,"max_hp_gain":0,"max_hp_loss":0,"event_name":"The Cleric","floor":13,"gold_loss":50},{"damage_healed":0,"gold_gain":0,"player_choice":"Take Wound","damage_taken":0,"relics_obtained":["Golden Idol"],"max_hp_gain":0,"max_hp_loss":0,"event_name":"Golden Idol","floor":14,"gold_loss":0,"cards_obtained":["Injury"]},{"damage_healed":0,"gold_gain":0,"player_choice":"Shed Blood","damage_taken":18,"max_hp_gain":5,"max_hp_loss":0,"event_name":"Forgotten Altar","floor":20,"gold_loss":0},{"damage_healed":0,"gold_gain":0,"player_choice":"Opened","damage_taken":0,"relics_obtained":["Tiny Chest"],"max_hp_gain":0,"max_hp_loss":0,"event_name":"The Mausoleum","floor":21,"gold_loss":0},{"damage_healed":0,"gold_gain":275,"player_choice":"Desecrate","damage_taken":0,"max_hp_gain":0,"max_hp_loss":0,"event_name":"Golden Shrine","floor":22,"gold_loss":0,"cards_obtained":["Regret"]},{"damage_healed":0,"gold_gain":0,"player_choice":"Simplicity","damage_taken":0,"max_hp_gain":0,"max_hp_loss":0,"event_name":"Back to Basics","floor":28,"gold_loss":0,"cards_upgraded":["Defend_G","Defend_G","Defend_G"]},{"damage_healed":0,"gold_gain":0,"player_choice":"Obtained Book","damage_taken":16,"max_hp_gain":0,"max_hp_loss":0,"event_name":"Cursed Tome","floor":29,"gold_loss":0},{"damage_healed":0,"gold_gain":0,"player_choice":"Ignored","damage_taken":0,"max_hp_gain":0,"max_hp_loss":0,"event_name":"NoteForYourself","floor":39,"gold_loss":0},{"damage_healed":0,"gold_gain":0,"player_choice":"Memory 3","damage_taken":10,"max_hp_gain":0,"max_hp_loss":0,"event_name":"SensoryStone","floor":45,"gold_loss":0}],"is_beta":false,"boss_relics":[{"not_picked":["Runic Pyramid","Calling Bell"],"picked":"Astrolabe"},{"not_picked":["Cursed Key","HoveringKite"],"picked":"Empty Cage"}],"items_purged_floors":[11,30],"is_endless":false,"potions_floor_spawned":[1,7,16,23,33,48],"killed_by":"Time Eater","ascension_level":0}}