{"host":"sav7uxregyirlf69","time":1610027395,"event":{"mods":["AchievementEnabler","BaseMod","Colored Map","DeckTracker","Keyboard Shortcuts","Minty Spire (QoL Compilation)","READ ME - Guardian Mod","StSLib","SuperFastMode"],"gold_per_floor":[119,119,135,155,155,165,165,182,263,263,263],"floor_reached":10,"playtime":137,"items_purged":[],"score":120,"play_id":"618d968f-94c4-4b00-8f2a-b8e0089a942f","local_time":"20210107224955","is_ascension_mode":true,"campfire_choices":[{"floor":7,"key":"REST"}],"circlet_count":0,"master_deck":["AscendersBane","Strike_B","Strike_B","Strike_B","Defend_B","Defend_B","Defend_B","Zap","Dualcast","Sweeping Beam","Fusion","Reprogram","Go for the Eyes","Barrage","Steam","Beam Cell"],"relics":["Cracked Core","WingedGreaves","FaceOfCleric","Singing Bowl"],"acts_visited":["Exordium"],"potions_floor_usage":[],"damage_taken":[{"damage":1,"enemies":"Cultist","floor":1,"turns":3},{"damage":17,"enemies":"Jaw Worm","floor":3,"turns":4},{"damage":3,"enemies":"Small Slimes","floor":4,"turns":3},{"damage":39,"enemies":"Exordium Thugs","floor":6,"turns":6},{"damage":7,"enemies":"Red Slaver","floor":8,"turns":3},{"damage":25,"enemies":"3 Sentries","floor":10,"turns":2}],"seed_played":"2472086390108215726","potions_obtained":[{"floor":1,"key":"GamblersBrew"},{"floor":6,"key":"CultistPotion"}],"is_trial":false,"path_per_floor":["M","T","M","M","?","M","R","M","T","E"],"character_chosen":"DEFECT","items_purchased":[],"campfire_rested":1,"item_purchase_floors":[],"current_hp_per_floor":[63,63,46,43,43,5,24,18,18,0,0],"gold":263,"neow_bonus":"TRANSFORM_TWO_CARDS","is_daily":false,"chose_seed":false,"campfire_upgraded":0,"win_rate":0.0,"timestamp":1610027395,"path_taken":["M","?","?","M","?","M","R","M","T","E"],"items_purchased_type":[],"build_version":"2020-12-22","purchased_purges":0,"victory":false,"max_hp_per_floor":[64,64,64,64,64,65,65,66,66,66,66],"card_choices":[{"not_picked":["Barrage","Defragment"],"picked":"Reprogram","floor":1},{"not_picked":["Conserve Battery","Hello World"],"picked":"Go for the Eyes","floor":3},{"not_picked":["Conserve Battery","Sunder"],"picked":"Barrage","floor":4},{"not_picked":["Turbo","Stack"],"picked":"Steam","floor":6},{"not_picked":["Steam Power","Rebound"],"picked":"Beam Cell","floor":8}],"player_experience":1183191,"relics_obtained":[{"floor":2,"key":"WingedGreaves"},{"floor":9,"key":"Singing Bowl"}],"event_choices":[{"damage_healed":0,"gold_gain":0,"player_choice":"Trade","damage_taken":0,"relics_obtained":["FaceOfCleric"],"max_hp_gain":0,"max_hp_loss":0,"event_name":"FaceTrader","floor":5,"gold_loss":0}],"is_beta":false,"boss_relics":[],"items_purged_floors":[],"is_endless":false,"potions_floor_spawned":[1,6],"killed_by":"3 Sentries","ascension_level":20}}