{"host":"69bxgjr0sv0a6xc4","time":1610056095,"event":{"mods":["Act Like it!","BaseMod","Better Altar","Better Match","Better Note","Better Sensory Stone","Better Skull","Better Third Choice","BetterRewards","DeckTracker","Friendly Minions","Jorbs\u0027s Wanderer Trilogy","Lobotomy","LobotomyExtend","Minty Spire (QoL Compilation)","Relic Stats","Spicy Shops","StSLib","The Bladedancer","Unceasing Turn Reminder"],"gold_per_floor":[270,270,55,74,91,104,131,67,67,9,81,159,170,190,190,224,235,235,235,267,267,282,301,80,80,156,156,175,175,226,226,226,226],"floor_reached":32,"playtime":1649,"items_purged":["Strike_G"],"score":718,"play_id":"d492a5c4-eb05-40fa-9be5-f0dfce72b763","local_time":"20210107224815","is_ascension_mode":true,"campfire_choices":[{"data":"Masterful Stab","floor":18,"key":"SMITH"},{"data":"Poisoned Stab","floor":25,"key":"SMITH"}],"circlet_count":0,"master_deck":["Strike_G+1","Defend_G","Defend_G","Survivor","OldLady","Poisoned Stab+1","Reckless Charge","Masterful Stab+1","UniverseFragment","Blade Dance+1","Blade Dance+1","Funeral","Burst+1","CurseOfTheBell","BlueStar"],"relics":["Ring of the Snake","CogitoBucket","Orichalcum","DollysMirror","Paper Crane","betterThird:SlimedRelic","Toxic Egg 2","Gaze_r","Whetstone","TreeSap","LetterFromLob","HornCleat","Odd Mushroom","Darkstone Periapt","Meat on the Bone","Nunchaku","SkinProphecy","Tingsha","Calling Bell","Vajra","Matryoshka","Peace Pipe","Bird Faced Urn"],"acts_visited":["Exordium","TheBeyond"],"potions_floor_usage":[20,22,28,28,30],"damage_taken":[{"damage":2.0,"enemies":"Jaw Worm","floor":1.0,"turns":6.0},{"damage":0.0,"enemies":"Small Slimes","floor":4.0,"turns":2.0},{"damage":1.0,"enemies":"2 Louse","floor":5.0,"turns":2.0},{"damage":0.0,"enemies":"Red Slaver","floor":6.0,"turns":2.0},{"damage":18.0,"enemies":"3 Sentries","floor":7.0,"turns":9.0},{"damage":0.0,"enemies":"3 Sentries","floor":10.0,"turns":2.0},{"damage":10,"enemies":"2 Louse","floor":11,"turns":5},{"damage":0,"enemies":"Small Slimes","floor":13,"turns":2},{"damage":0,"enemies":"The Mushroom Lair","floor":14,"turns":3},{"damage":0,"enemies":"Gremlin Nob","floor":16,"turns":3},{"damage":0,"enemies":"Cultist","floor":17,"turns":1},{"damage":0,"enemies":"Lagavulin","floor":20,"turns":3},{"damage":0,"enemies":"Looter","floor":22,"turns":4},{"damage":0,"enemies":"2 Fungi Beasts","floor":23,"turns":2},{"damage":6,"enemies":"The Guardian","floor":26,"turns":10},{"damage":3,"enemies":"3 Darklings","floor":28,"turns":6},{"damage":27,"enemies":"2 Orb Walkers","floor":30,"turns":3},{"damage":48,"enemies":"3 Shapes","floor":32,"turns":3}],"seed_played":"-3159678134569471417","potions_obtained":[{"floor":4.0,"key":"LiquidBronze"},{"floor":7.0,"key":"SpeedPotion"},{"floor":13,"key":"LiquidBronze"},{"floor":14,"key":"AttackPotion"},{"floor":26,"key":"EntropicBrew"}],"is_trial":false,"path_per_floor":["M","?","$","M","M","M","E","?","T","?","M","T","M","?","?","E","M","R","T","E","?","M","M","$","R","B",null,"M","?","?","?","M"],"character_chosen":"THE_SILENT","items_purchased":["Masterful Stab","DollysMirror","Whetstone","Tingsha"],"campfire_rested":0,"item_purchase_floors":[3,3,10,24],"current_hp_per_floor":[57,45,45,45,44,44,26,15,15,53,43,43,43,43,43,43,43,43,43,43,66,66,63,63,63,58,73,68,68,50,50,0,0],"gold":226,"neow_bonus":"","is_daily":false,"chose_seed":false,"campfire_upgraded":2,"win_rate":0.0,"timestamp":1610056095,"path_taken":["M","?","$","M","M","M","E","?","T","?","M","?","M","?","?","E","M","R","T","E","?","M","M","$","R","BOSS","M","?","?","?","M"],"items_purchased_type":["Card","Relic","Relic","Relic"],"build_version":"2020-12-22","purchased_purges":1,"victory":false,"max_hp_per_floor":[66,66,66,66,66,66,66,66,66,66,66,66,66,66,66,66,66,66,66,66,66,66,68,68,68,70,76,78,78,65,65,69,69],"relic_stats":{"Darkstone Periapt":6,"Peace Pipe":0,"Nunchaku":[11],"counters":[21,82],"Bird Faced Urn":[0],"Tingsha":[18],"Whetstone":["Masterful Stab","Strike_G"],"Orichalcum":[54],"obtain_stats":[{"Darkstone Periapt":16,"The Specimen":9,"Vajra":27,"Tingsha":24,"Whetstone":10,"Odd Mushroom":14,"SkinProphecy":22,"Calling Bell":27,"Peace Pipe":27,"CogitoBucket":0,"Nunchaku":20,"HornCleat":12,"Matryoshka":27,"TreeSap":11,"Bird Faced Urn":30,"LetterFromLob":1,"ShedSkin_r":4,"Ring of the Snake":0,"Meat on the Bone":19},{"Darkstone Periapt":11,"The Specimen":2,"Vajra":17,"Tingsha":16,"Whetstone":6,"Odd Mushroom":10,"SkinProphecy":15,"Calling Bell":17,"Peace Pipe":17,"CogitoBucket":0,"Nunchaku":13,"HornCleat":8,"Matryoshka":17,"TreeSap":8,"Bird Faced Urn":19,"LetterFromLob":1,"ShedSkin_r":2,"Ring of the Snake":0,"Meat on the Bone":12},{"Darkstone Periapt":48,"The Specimen":10,"Vajra":69,"Tingsha":59,"Whetstone":34,"Odd Mushroom":45,"SkinProphecy":57,"Calling Bell":69,"Peace Pipe":69,"CogitoBucket":0,"Nunchaku":52,"HornCleat":40,"Matryoshka":69,"TreeSap":40,"Bird Faced Urn":78,"LetterFromLob":6,"ShedSkin_r":10,"Ring of the Snake":0,"Meat on the Bone":49}],"Ring of the Snake":[42],"Meat on the Bone":0},"card_choices":[{"not_picked":["CrumblingArmor","BlackSwan"],"picked":"OldLady","floor":1.0},{"not_picked":["Accuracy","Choke"],"picked":"Poisoned Stab","floor":1.0},{"not_picked":["PiercingWail","Caltrops","Distraction"],"picked":"SKIP","floor":4.0},{"not_picked":["Flying Knee","Skewer","Catalyst"],"picked":"SKIP","floor":5.0},{"not_picked":["Murderer","DespairKnight"],"picked":"UniverseFragment","floor":6.0},{"not_picked":["Deflect","Leg Sweep","Concentrate"],"picked":"SKIP","floor":6.0},{"not_picked":["Distraction","Acrobatics","Cloak And Dagger"],"picked":"SKIP","floor":7.0},{"not_picked":["ShyLook","Wellcheers"],"picked":"SpiderBud","floor":11},{"not_picked":["PiercingWail+1","Acrobatics+1"],"picked":"Blade Dance+1","floor":11},{"not_picked":["Dagger Throw","Prepared+1"],"picked":"Deadly Poison+1","floor":13},{"not_picked":["Leg Sweep+1","Storm of Steel+1"],"picked":"Blade Dance+1","floor":16},{"not_picked":["Bane","Dash","Heel Hook"],"picked":"SKIP","floor":17},{"not_picked":["FairyFestival","BigBadWolf"],"picked":"Funeral","floor":20},{"not_picked":["Calculated Gamble+1","PiercingWail+1"],"picked":"Noxious Fumes","floor":20},{"not_picked":["Slice","Underhanded Strike","Unload"],"picked":"SKIP","floor":22},{"not_picked":["Slice","Acrobatics+1","Setup+1"],"picked":"SKIP","floor":23},{"not_picked":["Die Die Die","Tools of the Trade"],"picked":"Burst+1","floor":26},{"not_picked":["Cloak And Dagger+1","Sucker Punch","Dagger Throw"],"picked":"SKIP","floor":28},{"not_picked":["OSAHOGD","Porccubus"],"picked":"BlueStar","floor":30}],"player_experience":884292,"relics_obtained":[{"floor":1.0,"key":"LetterFromLob"},{"floor":7.0,"key":"Paper Crane"},{"floor":9.0,"key":"Toxic Egg 2"},{"floor":11,"key":"LetterFromLob"},{"floor":12,"key":"HornCleat"},{"floor":14,"key":"Odd Mushroom"},{"floor":16,"key":"Darkstone Periapt"},{"floor":19,"key":"Meat on the Bone"},{"floor":20,"key":"Nunchaku"},{"floor":27,"key":"Vajra"},{"floor":27,"key":"Matryoshka"},{"floor":27,"key":"Peace Pipe"},{"floor":30,"key":"Bird Faced Urn"}],"event_choices":[{"damage_healed":0.0,"max_hp_gain":0.0,"max_hp_loss":0.0,"gold_gain":0.0,"event_name":"betterThird:BetterGoop","player_choice":"Slimed","floor":8.0,"gold_loss":64.0,"damage_taken":11.0},{"damage_healed":0,"gold_gain":0,"player_choice":"Fought Mushrooms","damage_taken":0,"max_hp_gain":0,"max_hp_loss":0,"event_name":"Mushrooms","floor":14,"gold_loss":0},{"damage_healed":43,"gold_gain":0,"player_choice":"Leave","damage_taken":0,"max_hp_gain":0,"max_hp_loss":66,"event_name":"betterThird:BetterShining","floor":15,"gold_loss":0},{"cards_removed":["Defend_G"],"damage_healed":0,"gold_gain":0,"player_choice":"Removed Skill","damage_taken":0,"max_hp_gain":0,"max_hp_loss":0,"event_name":"Falling","floor":29,"gold_loss":0},{"damage_healed":0,"gold_gain":0,"player_choice":"Fight","damage_taken":0,"max_hp_gain":0,"max_hp_loss":0,"event_name":"Mysterious Sphere","floor":30,"gold_loss":0},{"damage_healed":0,"gold_gain":0,"player_choice":"Ignored","damage_taken":0,"max_hp_gain":0,"max_hp_loss":0,"event_name":"Tomb of Lord Red Mask","floor":31,"gold_loss":0}],"is_beta":false,"boss_relics":[{"not_picked":["Runic Dome","Philosopher\u0027s Stone"],"picked":"Calling Bell"}],"items_purged_floors":[24],"is_endless":false,"potions_floor_spawned":[4,7,10,13,14,17,26],"killed_by":"3 Shapes","ascension_level":15}}