{"host":"2lo6hma6kymb0g9i","time":1610007610,"event":{"mods":["BaseMod","Colored Map","DeckTracker","Minty Spire (QoL Compilation)"],"gold_per_floor":[19,19,94,112,133,133,183,221,221,221,246,246,171,171,171,294,294,318,243,243,266,12,12,12,35,35,58,72,111,111,111,111,111,111],"floor_reached":33,"playtime":1823,"items_purged":["Strike_B","Aggregate"],"score":328,"play_id":"aeebac99-3e03-4c0c-ab2d-f818839bf58a","local_time":"20210107172010","is_ascension_mode":true,"campfire_choices":[{"data":"Streamline","floor":6,"key":"SMITH"},{"data":"Conserve Battery","floor":10,"key":"SMITH"},{"floor":12,"key":"REST"},{"data":"Zap","floor":15,"key":"SMITH"},{"floor":23,"key":"REST"},{"floor":32,"key":"REST"}],"circlet_count":0,"master_deck":["Defend_B","Defend_B","Defend_B","Defend_B","Zap+1","Dualcast","Beam Cell","Conserve Battery+1","Streamline+1","Chill","Leap","Buffer","Leap+1","Redo+1","Rebound"],"relics":["Cracked Core","Bloody Idol","Bronze Scales","StoneCalendar","Toxic Egg 2","Fusion Hammer","Medical Kit","Girya","Juzu Bracelet"],"acts_visited":["Exordium","TheCity"],"potions_floor_usage":[14,33,33,33],"damage_taken":[{"damage":7,"enemies":"Jaw Worm","floor":1,"turns":3},{"damage":0,"enemies":"2 Louse","floor":4,"turns":3},{"damage":0,"enemies":"Small Slimes","floor":5,"turns":3},{"damage":14,"enemies":"Lagavulin","floor":8,"turns":5},{"damage":9,"enemies":"Blue Slaver","floor":11,"turns":3},{"damage":0,"enemies":"Gremlin Nob","floor":14,"turns":2},{"damage":18,"enemies":"Hexaghost","floor":16,"turns":8},{"damage":26,"enemies":"Chosen","floor":18,"turns":6},{"damage":11,"enemies":"3 Byrds","floor":21,"turns":4},{"damage":10,"enemies":"Shelled Parasite and Fungi","floor":25,"turns":6},{"damage":11,"enemies":"Snecko","floor":27,"turns":6},{"damage":0,"enemies":"Cultist and Chosen","floor":28,"turns":7},{"damage":27,"enemies":"Gremlin Leader","floor":29,"turns":7},{"damage":45,"enemies":"Collector","floor":33,"turns":7}],"seed_played":"-7713021484606149961","potions_obtained":[{"floor":4,"key":"SmokeBomb"},{"floor":11,"key":"CultistPotion"},{"floor":18,"key":"Energy Potion"},{"floor":27,"key":"Weak Potion"}],"is_trial":false,"path_per_floor":["M","?","?","M","M","R","T","E","T","R","M","R","$","E","R","B",null,"M","?","?","M","$","R","?","M","T","M","M","E","$","?","R","B"],"character_chosen":"DEFECT","items_purchased":["Medical Kit"],"campfire_rested":3,"item_purchase_floors":[22],"current_hp_per_floor":[68,50,39,39,39,39,39,25,25,25,16,38,38,38,38,20,75,49,49,49,38,38,60,60,50,50,39,39,12,12,12,34,0,0],"gold":111,"neow_bonus":"TRANSFORM_TWO_CARDS","is_daily":false,"chose_seed":false,"campfire_upgraded":3,"win_rate":0.0,"timestamp":1610007610,"path_taken":["M","?","?","M","M","R","?","E","T","R","M","R","$","E","R","BOSS","M","?","?","M","$","R","?","M","T","M","M","E","$","?","R","BOSS"],"items_purchased_type":["Relic"],"build_version":"2020-12-22","purchased_purges":2,"victory":false,"max_hp_per_floor":[75,75,75,75,75,75,75,75,75,75,75,75,75,75,75,75,75,75,75,75,75,75,75,75,75,75,75,75,75,75,75,75,75,75],"card_choices":[{"not_picked":["Turbo","Barrage"],"picked":"Conserve Battery","floor":1},{"not_picked":["Hologram","Rebound"],"picked":"Streamline","floor":4},{"not_picked":["Barrage","Steam"],"picked":"Chill","floor":5},{"not_picked":["Force Field","Rebound"],"picked":"Leap","floor":8},{"not_picked":["Barrage","Streamline","Beam Cell"],"picked":"SKIP","floor":11},{"not_picked":["Amplify+1","Machine Learning"],"picked":"Buffer","floor":16},{"not_picked":["Double Energy+1","Rebound","Stack+1"],"picked":"SKIP","floor":18},{"not_picked":["FTL","Conserve Battery+1"],"picked":"Leap+1","floor":21},{"not_picked":["Steam+1","Stack+1","Aggregate+1"],"picked":"SKIP","floor":25},{"not_picked":["Darkness+1","FTL","Conserve Battery+1"],"picked":"SKIP","floor":27},{"not_picked":["Conserve Battery+1","Force Field+1"],"picked":"Redo+1","floor":28},{"not_picked":["Coolheaded+1","Stack+1"],"picked":"Rebound","floor":29}],"player_experience":938839,"relics_obtained":[{"floor":7,"key":"Bronze Scales"},{"floor":8,"key":"StoneCalendar"},{"floor":9,"key":"Toxic Egg 2"},{"floor":26,"key":"Girya"},{"floor":29,"key":"Juzu Bracelet"}],"event_choices":[{"damage_healed":0,"gold_gain":0,"player_choice":"Take Damage","damage_taken":18,"relics_obtained":["Golden Idol"],"max_hp_gain":0,"max_hp_loss":0,"event_name":"Golden Idol","floor":2,"gold_loss":0},{"damage_healed":0,"gold_gain":75,"player_choice":"Gather Gold","damage_taken":11,"max_hp_gain":0,"max_hp_loss":0,"event_name":"World of Goop","floor":3,"gold_loss":0},{"cards_removed":["Strike_B"],"damage_healed":0,"gold_gain":0,"player_choice":"Gave Gold","damage_taken":0,"max_hp_gain":0,"max_hp_loss":0,"event_name":"Beggar","floor":19,"gold_loss":75},{"damage_healed":0,"gold_gain":0,"player_choice":"Ignored","damage_taken":0,"max_hp_gain":0,"max_hp_loss":0,"event_name":"Ghosts","floor":20,"gold_loss":0},{"damage_healed":0,"gold_gain":0,"player_choice":"Ignored","damage_taken":0,"max_hp_gain":0,"max_hp_loss":0,"event_name":"The Mausoleum","floor":24,"gold_loss":0},{"damage_healed":0,"gold_gain":0,"player_choice":"Gave Idol","damage_taken":0,"relics_obtained":["Bloody Idol"],"max_hp_gain":0,"max_hp_loss":0,"event_name":"Forgotten Altar","floor":31,"relics_lost":["Golden Idol"],"gold_loss":0}],"is_beta":false,"boss_relics":[{"not_picked":["Philosopher\u0027s Stone","Sozu"],"picked":"Fusion Hammer"}],"items_purged_floors":[13,22],"is_endless":false,"potions_floor_spawned":[4,11,14,18,27],"killed_by":"Collector","ascension_level":4}}