{"host":"m1dcqu7ormc1ttl9","time":1610022266,"event":{"mods":["Act Like it!","BaseMod","Downfall","Lobotomy","LobotomyExtend","Minty Spire (QoL Compilation)","Remilia£®¿Ÿ√◊¿Ú—«£©","StSLib"],"gold_per_floor":[115,115,153,164,204,204,204,234,261,299,313,588,638,265,265,265,265],"floor_reached":16,"playtime":993,"items_purged":["Scarecrow"],"score":104,"play_id":"63e79834-797a-4352-891e-569996092a36","local_time":"20210107202425","is_ascension_mode":false,"campfire_choices":[{"data":"TransientEternity","floor":6,"key":"SMITH"},{"data":"ScarletNetherworld","floor":15,"key":"SMITH"}],"circlet_count":0,"master_deck":["Strike_RM","Strike_RM","Strike_RM","Strike_RM","Defend_RM","Defend_RM","Defend_RM","Defend_RM","RedMoon+1","ScarletShoot","FavorOfDestiny","ScarletNetherworld+1","CherryBlossoms","NightDance","TransientEternity+1","CrumblingArmor","VampirishNight","CharismaGuard","Regret","LittleHelper","BloodHunter"],"relics":["ScarletHat","CogitoBucket","LetterFromLob","LaetitiaHeart","MagicBullet_r","Happy Flower","Gungnir"],"acts_visited":["Exordium"],"potions_floor_usage":[7,13,13],"damage_taken":[{"damage":0,"enemies":"Jaw Worm","floor":1,"turns":5},{"damage":5,"enemies":"Cultist","floor":3,"turns":7},{"damage":0,"enemies":"2 Louse","floor":4,"turns":3},{"damage":21,"enemies":"Lots of Slimes","floor":5,"turns":6},{"damage":1,"enemies":"Lagavulin","floor":7,"turns":3},{"damage":10,"enemies":"Lagavulin","floor":7,"turns":4},{"damage":2,"enemies":"Lagavulin","floor":7,"turns":4},{"damage":0,"enemies":"Lagavulin","floor":7,"turns":3},{"damage":4,"enemies":"Gremlin Gang","floor":8,"turns":7},{"damage":8,"enemies":"Looter","floor":10,"turns":3},{"damage":0,"enemies":"3 Louse","floor":11,"turns":4},{"damage":12,"enemies":"Lagavulin","floor":13,"turns":8},{"damage":81,"enemies":"Slime Boss","floor":16,"turns":9}],"seed_played":"-8312528695318343160","potions_obtained":[{"floor":3,"key":"GamblersBrew"},{"floor":5,"key":"Fire Potion"},{"floor":8,"key":"SpeedPotion"},{"floor":10,"key":"Energy Potion"}],"is_trial":false,"path_per_floor":["M","?","M","M","M","R","E","M","T","M","M","?","E","$","R","B"],"character_chosen":"REMILIA","items_purchased":["Gungnir"],"campfire_rested":0,"item_purchase_floors":[14],"current_hp_per_floor":[75,75,70,70,56,56,75,71,71,71,75,75,65,65,65,0,0],"gold":265,"neow_bonus":"","is_daily":false,"chose_seed":false,"campfire_upgraded":2,"win_rate":0.0,"timestamp":1610022265,"path_taken":["M","?","M","M","?","R","E","M","T","M","M","?","E","$","R","BOSS"],"items_purchased_type":["Relic"],"build_version":"2020-12-22","purchased_purges":1,"victory":false,"max_hp_per_floor":[75,75,75,75,75,75,75,75,75,75,75,75,75,75,75,75,75],"card_choices":[{"not_picked":["OldLady","OSAHOGD","NakedNest"],"picked":"Singing Bowl","floor":1},{"not_picked":["OSAHOGD","VoidDream"],"picked":"Scarecrow","floor":1},{"not_picked":["ScarletDevil","UnderTheZenith"],"picked":"FavorOfDestiny","floor":1},{"not_picked":["SingingMachine","Bloodbath","WallGazer"],"picked":"Singing Bowl","floor":3},{"not_picked":["HunterOfTheNight","Stigmanizer"],"picked":"ScarletNetherworld","floor":3},{"not_picked":["MHz","FairyFestival"],"picked":"CherryBlossoms","floor":4},{"not_picked":["BlasphemousPunishment","ScarletImprint"],"picked":"NightDance","floor":4},{"not_picked":["ScarletImprint","FavorOfDestiny"],"picked":"TransientEternity","floor":5},{"not_picked":["VoidDream","Murderer","OldLady"],"picked":"Singing Bowl","floor":8},{"not_picked":["BloodHunter","UnstableMagic","NightDance"],"picked":"SKIP","floor":8},{"not_picked":["NothingThere","DreamingCurrent"],"picked":"CrumblingArmor","floor":10},{"not_picked":["RedMagic","VampireKiss"],"picked":"VampirishNight","floor":10},{"not_picked":["BloodyMagicSquare","ScarletImprint"],"picked":"CharismaGuard","floor":11},{"not_picked":["OldLady","Murderer","BlackArmy"],"picked":"Singing Bowl","floor":13},{"not_picked":["Bloodbath","UniverseFragment"],"picked":"LittleHelper","floor":13},{"not_picked":["StarOfDavid","Stigmanizer"],"picked":"BloodHunter","floor":13}],"player_experience":94417,"relics_obtained":[{"floor":1,"key":"LetterFromLob"},{"floor":13,"key":"Happy Flower"}],"event_choices":[{"damage_healed":0,"gold_gain":0,"player_choice":"Upgraded","damage_taken":0,"max_hp_gain":0,"max_hp_loss":0,"event_name":"Upgrade Shrine","floor":2,"gold_loss":0,"cards_upgraded":["RedMoon"]},{"damage_healed":0,"gold_gain":275,"player_choice":"Desecrate","damage_taken":0,"max_hp_gain":0,"max_hp_loss":0,"event_name":"Golden Shrine","floor":12,"gold_loss":0,"cards_obtained":["Regret"]}],"is_beta":false,"boss_relics":[],"items_purged_floors":[14],"is_endless":false,"potions_floor_spawned":[3,5,7,7,8,10],"killed_by":"Slime Boss","ascension_level":0}}