{"host":"51mqhfpmwwd4kxyt","time":1610001281,"event":{"mods":["BaseMod","Downfall","Googly Eyes","Highlight Path","Minty Spire (QoL Compilation)","READ ME - Guardian Mod","StSLib","The Cursed","The Servant 0.9.4"],"gold_per_floor":[19,19,19,34,34,34,68,87,87,111,130,130,169,185,185,313,313,336,380,404,417,440,440,461,475,475,495,534,534,534,572,572,697,697,715,728,728,744,744,778,1111,1125,1125,1153,1153,1165,1177,1230,1230,1230],"floor_reached":51,"playtime":3429,"items_purged":[],"score":1076,"play_id":"4b737ade-6784-4a9c-bc5d-8953657eef37","local_time":"20210107013441","is_ascension_mode":true,"campfire_choices":[{"floor":6,"key":"REST"},{"floor":15,"key":"REST"},{"floor":23,"key":"REST"},{"floor":29,"key":"REST"},{"floor":32,"key":"RECALL"},{"floor":45,"key":"REST"},{"floor":49,"key":"REST"}],"circlet_count":0,"master_deck":["Strike_G","Strike_G","Strike_G","Strike_G","Strike_G","Defend_G","Defend_G","Defend_G","Defend_G+1","Defend_G","Survivor","Neutralize","Apotheosis+1","Outmaneuver","Injury","Bouncing Flask","Calculated Gamble","Backflip+1","Backflip","Acrobatics","Outmaneuver","Prepared","Tools of the Trade","Prepared+1","Concentrate","Backflip","Terror+1","Corpse Explosion","Well Laid Plans","Leg Sweep","Calculated Gamble","Distraction","A Thousand Cuts","Footwork+1","Noxious Fumes+1","Acrobatics+1","Backflip+1","Madness","Madness","Reflex+1","expansioncontent:LastStand","Blur","Underhanded Strike","Storm of Steel","Underhanded Strike+1","Accuracy","Underhanded Strike+1","Footwork+1","Blade Dance+1"],"relics":["Ring of the Snake","White Beast Statue","PreservedInsect","Incense Burner","War Paint","Lizard Tail","HoveringKite","Red Mask","Prayer Wheel","Dream Catcher","Bottled Lightning","SacredBark","Orichalcum","Peace Pipe","Tough Bandages","Gambling Chip"],"acts_visited":["Exordium","TheCity","TheBeyond"],"potions_floor_usage":[13,16,16,16,16,16,19,19,19,22,25,27,28,31,33,35,40,40,48,48,50],"damage_taken":[{"damage":3,"enemies":"Small Slimes","floor":1,"turns":5},{"damage":0,"enemies":"2 Louse","floor":4,"turns":3},{"damage":8,"enemies":"Lagavulin","floor":7,"turns":6},{"damage":4,"enemies":"Jaw Worm","floor":8,"turns":4},{"damage":12,"enemies":"Large Slime","floor":10,"turns":4},{"damage":1,"enemies":"Red Slaver","floor":11,"turns":4},{"damage":13,"enemies":"Gremlin Nob","floor":13,"turns":4},{"damage":16,"enemies":"Exordium Wildlife","floor":14,"turns":4},{"damage":22,"enemies":"Slime Boss","floor":16,"turns":15},{"damage":15,"enemies":"Chosen","floor":18,"turns":6},{"damage":39,"enemies":"Masked Bandits","floor":19,"turns":5},{"damage":9,"enemies":"3 Byrds","floor":20,"turns":7},{"damage":5,"enemies":"Snake Plant","floor":21,"turns":5},{"damage":1,"enemies":"Shelled Parasite and Fungi","floor":22,"turns":6},{"damage":4,"enemies":"Sentry and Sphere","floor":24,"turns":5},{"damage":0,"enemies":"3 Cultists","floor":25,"turns":2},{"damage":13,"enemies":"Centurion and Healer","floor":27,"turns":7},{"damage":0,"enemies":"Book of Stabbing","floor":28,"turns":4},{"damage":5,"enemies":"Gremlin Leader","floor":31,"turns":4},{"damage":55,"enemies":"Collector","floor":33,"turns":8},{"damage":11,"enemies":"3 Darklings","floor":35,"turns":3},{"damage":5,"enemies":"Orb Walker","floor":36,"turns":4},{"damage":20,"enemies":"Jaw Worm Horde","floor":38,"turns":3},{"damage":0,"enemies":"Nemesis","floor":40,"turns":7},{"damage":5,"enemies":"Spire Growth","floor":42,"turns":5},{"damage":0,"enemies":"Giant Head","floor":44,"turns":6},{"damage":0,"enemies":"3 Darklings","floor":46,"turns":6},{"damage":6,"enemies":"Sphere and 2 Shapes","floor":47,"turns":4},{"damage":9,"enemies":"2 Orb Walkers","floor":48,"turns":7},{"damage":1,"enemies":"Donu and Deca","floor":50,"turns":7}],"seed_played":"-2203609403492452454","potions_obtained":[{"floor":1,"key":"Ancient Potion"},{"floor":4,"key":"EntropicBrew"},{"floor":7,"key":"Energy Potion"},{"floor":13,"key":"BlessingOfTheForge"},{"floor":14,"key":"Swift Potion"},{"floor":16,"key":"Swift Potion"},{"floor":18,"key":"Energy Potion"},{"floor":19,"key":"SteroidPotion"},{"floor":20,"key":"DuplicationPotion"},{"floor":21,"key":"EssenceOfSteel"},{"floor":22,"key":"ColorlessPotion"},{"floor":24,"key":"ColorlessPotion"},{"floor":25,"key":"SpeedPotion"},{"floor":27,"key":"DistilledChaos"},{"floor":28,"key":"DistilledChaos"},{"floor":31,"key":"Energy Potion"},{"floor":33,"key":"Regen Potion"},{"floor":35,"key":"Energy Potion"},{"floor":38,"key":"PowerPotion"},{"floor":40,"key":"ColorlessPotion"},{"floor":42,"key":"CunningPotion"},{"floor":44,"key":"GhostInAJar"},{"floor":47,"key":"hexamod:EctoCoolerPotion"},{"floor":48,"key":"Fire Potion"}],"is_trial":false,"path_per_floor":["M","?","?","M","?","R","E","M","T","M","M","T","E","M","R","B",null,"M","?","M","M","M","R","M","M","T","M","E","R","?","E","R","B",null,"M","M","?","M","?","E","?","M","T","E","R","M","M","?","R","B",null],"character_chosen":"THE_SILENT","items_purchased":[],"campfire_rested":6,"item_purchase_floors":[],"current_hp_per_floor":[67,67,49,49,49,70,62,58,58,46,45,45,32,16,37,15,70,55,16,7,2,1,22,18,18,18,5,5,26,70,65,65,10,70,59,54,45,25,25,35,35,40,40,40,61,61,55,46,67,66],"gold":1230,"neow_bonus":"RANDOM_COLORLESS_2","is_daily":false,"chose_seed":false,"campfire_upgraded":0,"win_rate":0.0,"timestamp":1610001281,"path_taken":["M","?","?","M","?","R","E","M","T","M","M","?","E","M","R","BOSS","M","?","M","M","M","R","M","M","T","M","E","R","?","E","R","BOSS","M","M","?","M","?","E","?","M","T","E","R","M","M","?","R","BOSS"],"items_purchased_type":[],"build_version":"2020-12-22","purchased_purges":0,"victory":true,"max_hp_per_floor":[70,70,70,70,70,70,70,70,70,70,70,70,70,70,70,70,70,70,70,70,70,70,70,70,70,70,70,70,70,70,70,70,70,70,70,70,70,70,70,70,70,70,70,70,70,70,70,70,70,70],"card_choices":[{"not_picked":["expansioncontent:QuickStudy","expansioncontent:StudyTheSpire"],"picked":"Apotheosis","floor":0},{"not_picked":["Blade Dance","Flechettes"],"picked":"Outmaneuver","floor":1},{"not_picked":["Flying Knee","Finisher"],"picked":"Bouncing Flask","floor":4},{"not_picked":["Infinite Blades","Escape Plan"],"picked":"Calculated Gamble","floor":7},{"not_picked":["Tactician","PiercingWail"],"picked":"Backflip","floor":8},{"not_picked":["Skewer","Bouncing Flask"],"picked":"Backflip","floor":10},{"not_picked":["Quick Slash","Sucker Punch"],"picked":"Acrobatics","floor":11},{"not_picked":["Eviscerate","Blade Dance"],"picked":"Outmaneuver","floor":13},{"not_picked":["Deflect","Skewer"],"picked":"Prepared","floor":14},{"not_picked":["Doppelganger","Adrenaline"],"picked":"Tools of the Trade","floor":16},{"not_picked":["Dagger Spray","Deflect"],"picked":"Prepared+1","floor":18},{"not_picked":["Flying Knee","Underhanded Strike"],"picked":"Concentrate","floor":19},{"not_picked":["Bane","Underhanded Strike+1"],"picked":"Backflip","floor":20},{"not_picked":["Endless Agony","Finisher"],"picked":"Terror+1","floor":21},{"not_picked":["Masterful Stab+1","Dodge and Roll","Sucker Punch+1"],"picked":"SKIP","floor":22},{"not_picked":["Bane","Eviscerate+1"],"picked":"Corpse Explosion","floor":24},{"not_picked":["Terror","Bouncing Flask"],"picked":"Well Laid Plans","floor":25},{"not_picked":["Dodge and Roll","Slice"],"picked":"Leg Sweep","floor":27},{"not_picked":["Riddle With Holes","PiercingWail","Deadly Poison"],"picked":"SKIP","floor":27},{"not_picked":["Storm of Steel","Endless Agony+1"],"picked":"Calculated Gamble","floor":28},{"not_picked":["Sucker Punch","Deflect+1"],"picked":"Distraction","floor":29},{"not_picked":["Dodge and Roll+1","Well Laid Plans","Deflect"],"picked":"SKIP","floor":31},{"not_picked":["Adrenaline","Doppelganger"],"picked":"A Thousand Cuts","floor":33},{"not_picked":["Deadly Poison+1","Prepared+1"],"picked":"Footwork+1","floor":35},{"not_picked":["Prepared+1","Deflect+1"],"picked":"Noxious Fumes+1","floor":35},{"not_picked":["Poisoned Stab+1","Terror"],"picked":"Acrobatics+1","floor":36},{"not_picked":["Flechettes","Prepared"],"picked":"Backflip+1","floor":36},{"not_picked":["Prepared","Glass Knife"],"picked":"Reflex+1","floor":38},{"not_picked":["Deadly Poison+1","Caltrops","Quick Slash+1"],"picked":"SKIP","floor":38},{"not_picked":["expansioncontent:GoopSpray","expansioncontent:PolyBeam"],"picked":"expansioncontent:LastStand","floor":39},{"not_picked":["Unload","Outmaneuver+1"],"picked":"Blur","floor":40},{"not_picked":["Acrobatics+1","Deflect+1"],"picked":"Underhanded Strike","floor":42},{"not_picked":["Leg Sweep","Dodge and Roll","Dagger Throw+1"],"picked":"SKIP","floor":42},{"not_picked":["Prepared","Backflip"],"picked":"Storm of Steel","floor":44},{"not_picked":["Prepared","Cloak And Dagger"],"picked":"Underhanded Strike+1","floor":45},{"not_picked":["Grand Finale","Dagger Throw"],"picked":"Accuracy","floor":46},{"not_picked":["Flying Knee+1","Blade Dance"],"picked":"Underhanded Strike+1","floor":46},{"not_picked":["All Out Attack+1","Calculated Gamble+1"],"picked":"Footwork+1","floor":47},{"not_picked":["Endless Agony","Flying Knee","Caltrops"],"picked":"SKIP","floor":47},{"not_picked":["Dagger Spray","Flying Knee+1"],"picked":"Blade Dance+1","floor":48}],"player_experience":333585,"relics_obtained":[{"floor":7,"key":"PreservedInsect"},{"floor":9,"key":"Incense Burner"},{"floor":12,"key":"War Paint"},{"floor":13,"key":"Lizard Tail"},{"floor":19,"key":"Red Mask"},{"floor":26,"key":"Prayer Wheel"},{"floor":28,"key":"Dream Catcher"},{"floor":31,"key":"Bottled Lightning"},{"floor":40,"key":"Orichalcum"},{"floor":43,"key":"Peace Pipe"},{"floor":44,"key":"Tough Bandages"},{"floor":48,"key":"Gambling Chip"}],"event_choices":[{"damage_healed":0,"gold_gain":0,"player_choice":"Take Wound","damage_taken":0,"relics_obtained":["Golden Idol"],"max_hp_gain":0,"max_hp_loss":0,"event_name":"Golden Idol","floor":2,"gold_loss":0,"cards_obtained":["Injury"]},{"damage_healed":0,"gold_gain":0,"player_choice":"Success","damage_taken":18,"relics_obtained":["White Beast Statue"],"max_hp_gain":0,"max_hp_loss":0,"event_name":"Scrap Ooze","floor":3,"gold_loss":0},{"damage_healed":0,"gold_gain":0,"player_choice":"Grow","damage_taken":0,"max_hp_gain":0,"max_hp_loss":0,"event_name":"Living Wall","floor":5,"gold_loss":0,"cards_upgraded":["Apotheosis"]},{"damage_healed":0,"gold_gain":0,"player_choice":"Fought Bandits","damage_taken":0,"max_hp_gain":0,"max_hp_loss":0,"event_name":"Masked Bandits","floor":19,"gold_loss":0},{"damage_healed":44,"gold_gain":0,"player_choice":"Full Heal","damage_taken":0,"max_hp_gain":0,"max_hp_loss":0,"event_name":"Wheel of Change","floor":30,"gold_loss":0},{"damage_healed":0,"gold_gain":0,"player_choice":"Embrace Madness","damage_taken":9,"max_hp_gain":0,"max_hp_loss":0,"event_name":"Winding Halls","floor":37,"gold_loss":0,"cards_obtained":["Madness","Madness"]},{"damage_healed":0,"gold_gain":0,"player_choice":"Memory 1","damage_taken":0,"max_hp_gain":0,"max_hp_loss":0,"event_name":"SensoryStone","floor":39,"gold_loss":0},{"damage_healed":0,"gold_gain":333,"player_choice":"Gave Idol","damage_taken":0,"max_hp_gain":0,"max_hp_loss":0,"event_name":"The Moai Head","floor":41,"relics_lost":["Golden Idol"],"gold_loss":0},{"damage_healed":0,"gold_gain":0,"player_choice":"Fight","damage_taken":0,"max_hp_gain":0,"max_hp_loss":0,"event_name":"Mysterious Sphere","floor":48,"gold_loss":0}],"is_beta":false,"boss_relics":[{"not_picked":["Astrolabe","Snecko Eye"],"picked":"HoveringKite"},{"not_picked":["Ring of the Serpent","Sozu"],"picked":"SacredBark"}],"items_purged_floors":[],"is_endless":false,"potions_floor_spawned":[1,4,7,8,10,11,13,14,16,18,19,20,21,22,24,25,27,28,31,33,35,36,38,40,42,44,46,47,48],"ascension_level":4}}