{"host":"ymw71f7rc9ndansy","time":1610028252,"event":{"mods":["ATMod(阿瑾Mod)","Act Like it!","Aspiration","BaseMod","DeckTracker","Hubris","Library of Ruina","Library of Ruina Extra","Lobotomy","LobotomyExtend","Minty Spire (QoL Compilation)","MostiFishMod","Remove Card Discount Mod","Replay The Spire","StSLib","TestMod","【功能Mod】精心准备","【遗物卡牌】REMEMod"],"gold_per_floor":[111,121,121,132,146,175,188,220,220,220,236,270,270,282,362,436,436,455,455,472,482,502,531,544,561,561,573,573,573,573,590,590,662,662,662],"floor_reached":34,"playtime":1270,"items_purged":[],"score":1450,"play_id":"439a24cc-0c83-44fa-a745-d015bb08d2c2","local_time":"20210107220412","is_ascension_mode":true,"campfire_choices":[{"data":"Reload","floor":13.0,"key":"SMITH"},{"data":"Reload","floor":30,"key":"SMITH"},{"floor":32,"key":"RECALL"}],"circlet_count":0,"master_deck":["Woodsman","AscendersBane","Dodge","LightDefense","LightAttack","LightAttack","LightAttack","LightDefense","LightDefense","LightDefense","ChargeAndCover","FocusedStrikes","AT_FamilyPortrait","testmod-PainDetonator","Pride","testmod-Lust","testmod-Wrath","testmod-Sloth","testmod-Envy","testmod-Greed","testmod-Gluttony","testmod-Gluttony","SpiderBud","Reload+1","QuickSuppression","testmod-Gluttony","DesperateStruggle","FieryBird","ExtractFuel","testmod-Gluttony","PuppetBlockade","Leap_lor","OSAHOGD","WrathOfTorment","FlamingDragonFist","testmod-Gluttony","ChargeUp","DriedUp","PuppetBlockade","Reload+1","SilentOrchestra","BoundaryOfDeath","IronWall","testmod-Gluttony","Reload+1","Unlock1+1","Quickness","Rewind","ToOvercomeCrisis"],"relics":["PageOfLibrarian","testmod-TestBox","DaveBox","REME_ComplimentaryCards","AT_ATBox","BirthdayGift-Tetrahedron","testmod-SevenDeadlySins","Du-Vu Doll","Darkstone Periapt","Blue Candle","CogitoBucket","RabbitCall","SynthV:TestCard","REME_HourglassOfDeath","Logging_r","AdjustmentMirror","Blood Vial","PageOfForsakenMurderer","AT_SpeedBoots","hubris:VirtuousBlindfold","aspiration:RandomNobGenerator","ChangeAnything","aspiration:SeaSaltIceCream","DaveBox","ShadowXiaoBlade","AtMidnight","TreeSap","testmod-Prudence","PageOfBlackSwan"],"acts_visited":["Exordium","TheCity"],"potions_floor_usage":[],"damage_taken":[{"damage":5.0,"enemies":"Small Slimes","floor":1.0,"turns":2.0},{"damage":1.0,"enemies":"2 Louse","floor":2.0,"turns":1.0},{"damage":0.0,"enemies":"Cultist","floor":4.0,"turns":1.0},{"damage":10.0,"enemies":"Blue Slaver","floor":5.0,"turns":2.0},{"damage":2.0,"enemies":"Replay:BlueRogue","floor":6.0,"turns":2.0},{"damage":26.0,"enemies":"Large Slime","floor":7.0,"turns":3.0},{"damage":5.0,"enemies":"Lagavulin","floor":8.0,"turns":1.0},{"damage":1.0,"enemies":"Lots of Slimes","floor":11.0,"turns":1.0},{"damage":7.0,"enemies":"3 Sentries","floor":12.0,"turns":2.0},{"damage":2.0,"enemies":"Blue Slaver","floor":14.0,"turns":1.0},{"damage":4.0,"enemies":"Slime Boss","floor":16.0,"turns":1.0},{"damage":54,"enemies":"2 Thieves","floor":18,"turns":2},{"damage":1,"enemies":"3 Byrds","floor":20,"turns":1},{"damage":9,"enemies":"Snecko","floor":21,"turns":2},{"damage":7,"enemies":"Sentry and Sphere","floor":22,"turns":1},{"damage":3,"enemies":"REME_1_Revenger","floor":23,"turns":2},{"damage":4,"enemies":"Shelled Parasite and Fungi","floor":24,"turns":2},{"damage":8,"enemies":"Snake Plant","floor":25,"turns":1},{"damage":10,"enemies":"Cultist and Chosen","floor":27,"turns":2},{"damage":1,"enemies":"Snecko","floor":31,"turns":1},{"damage":145,"enemies":"Pondfish","floor":33,"turns":2}],"seed_played":"4735646329159117584","potions_obtained":[{"floor":1.0,"key":"Strength Potion"},{"floor":2.0,"key":"Swift Potion"},{"floor":6.0,"key":"Adrenaline Potion"}],"is_trial":false,"path_per_floor":["M","M","?","M","M","E","M","E","T","?","M","E","R","M","R","B",null,"M","?","M","M","M","E","M","M","T","M","?","?","R","M","R","B",null],"character_chosen":"Librarian","items_purchased":[],"campfire_rested":0,"item_purchase_floors":[],"current_hp_per_floor":[97,102,102,104,96,102,76,77,77,77,108,129,129,135,135,141,148,120,120,145,150,149,150,156,156,156,155,155,143,143,150,150,21,21,21],"gold":662,"neow_bonus":"","is_daily":false,"chose_seed":false,"campfire_upgraded":2,"win_rate":0.0,"timestamp":1610028252,"path_taken":["M","M","?","M","M","E","M","E","T","?","M","E","R","M","R","BOSS","M","?","M","M","M","E","M","M","T","M","?","?","R","M","R","BOSS"],"items_purchased_type":[],"build_version":"2020-12-22","purchased_purges":0,"victory":false,"max_hp_per_floor":[108,121,121,121,121,139,139,139,139,139,139,150,150,150,150,150,150,150,150,150,150,150,150,158,158,158,158,158,158,158,158,158,158,158,158],"card_choices":[{"not_picked":["CrumblingArmor","BigBadWolf","VoidDream"],"picked":"Singing Bowl","floor":1.0},{"not_picked":["WallGazer","MeatLantern"],"picked":"SpiderBud","floor":1.0},{"not_picked":["Faith","StayCalm","Wallop_lor","DesperateStruggle","AsThePrescriptOrders","SweepTheBackstreets","DeepDrag","Standoff"],"picked":"Reload","floor":1.0},{"not_picked":["Bloodbath","Murderer"],"picked":"Woodsman","floor":2.0},{"not_picked":["BackAttack","EnergyConversion","Outburst","StrongStrike","ShockRound","HardRehearsal","Faith","YouOnlyLiveOnce","LossOfSenses","Mutilate"],"picked":"QuickSuppression","floor":2.0},{"not_picked":["QueenBee","WhitesApple","ShyLook"],"picked":"Singing Bowl","floor":4.0},{"not_picked":["EndlessBattle","SunsetBlade","NightInTheBackstreets","Thrust","FierceCharge","FocusFire","Diversion","DeepDrag","Retaliate","ViolentFlame"],"picked":"DesperateStruggle","floor":4.0},{"not_picked":["CrumblingArmor","ShyLook","PunishingBird"],"picked":"Singing Bowl","floor":5.0},{"not_picked":["UniverseFragment","Murderer"],"picked":"FieryBird","floor":5.0},{"not_picked":["FleetFootsteps","IllEndYou","MultiHit","Faith","BattleCommand","SpearedSweep","PinpointShot","WillOfThePrescript","UnforgettableMelody","CumulusWall"],"picked":"ExtractFuel","floor":5.0},{"not_picked":["VoidDream","ShyLook","LittlePrince"],"picked":"Singing Bowl","floor":6.0},{"not_picked":["Mutilate","GuardingStance","Eject","SharpSwipe","PinpointShot","BackAttack","YoureTooSlow","FeatherShield","Reload","FleetFootsteps"],"picked":"PuppetBlockade","floor":6.0},{"not_picked":["CherryBlossoms","CrumblingArmor","Bloodbath"],"picked":"Singing Bowl","floor":7.0},{"not_picked":["InhaleSmoke","SunsetBlade","EnergyShield","WillOfThePrescript","GuidanceOfTheGears","SkitterAway","SmokingPipe","Tttonst","HighKick","EnergyStrike"],"picked":"Leap_lor","floor":7.0},{"not_picked":["MeatLantern","WallGazer","Freischutz"],"picked":"Singing Bowl","floor":8.0},{"not_picked":["Murderer","Freischutz"],"picked":"OSAHOGD","floor":8.0},{"not_picked":["RapidGashes","BackAttack","NonstopAssault","BindingChains","Collision","Retaliate","Rampage_lor","Commandeering","UndertakePrescript","Quickness"],"picked":"WrathOfTorment","floor":8.0},{"not_picked":["CherryBlossoms","UniverseFragment","GreedKing"],"picked":"Singing Bowl","floor":11.0},{"not_picked":["SetFire","Unlock1","Retaliate","AsThePrescriptOrders","Standoff","Parry","FrontalAssault","DarkCloud","MultiHit","SharpenedBlade"],"picked":"FlamingDragonFist","floor":11.0},{"not_picked":["OldLady","Wellcheers","MeatLantern"],"picked":"Singing Bowl","floor":12.0},{"not_picked":["FendThisOffIfYouCan","PreemptiveStrike","HandleRequest","Decapitation","SuppressingShot","SharpenedBlade","SmokingPipe","FlowOfTheSword","FaintMemories","TendonChords"],"picked":"ChargeUp","floor":12.0},{"not_picked":["QueenBee","Murderer","Bloodbath"],"picked":"Singing Bowl","floor":14.0},{"not_picked":["Struggle","MultiBlock","Leap_lor","Bvapour","KeepItFresh","MultiHit","FleetEdge","Diversion","ShockingBlow","SharpSwipe"],"picked":"DriedUp","floor":14.0},{"not_picked":["Mercenary","CrumblingArmor","CherryBlossoms"],"picked":"Singing Bowl","floor":16.0},{"not_picked":["MHz","Wellcheers","Scarecrow"],"picked":"Singing Bowl","floor":18},{"not_picked":["HandleRequest","YouOnlyLiveOnce+1","LawAndOrder+1","GaleKick","Execute_lor","FieryWaltz","Standoff","Creak","GrazeTheGrass","RapidGashes"],"picked":"PuppetBlockade","floor":18},{"not_picked":["Yin","Alriune","Scarecrow"],"picked":"Singing Bowl","floor":20},{"not_picked":["SingingMachine","WhiteNight"],"picked":"SilentOrchestra","floor":20},{"not_picked":["DesperateStruggle","Rewind","FleetFootsteps+1","ForTheFamily","Faith","Castigation","ViolentFlame","Pound","StrongStrike","HeavyPeaks","ClassAndRespect"],"picked":"SKIP","floor":20},{"not_picked":["DespairKnight","HeroicMonk","Laetitia"],"picked":"Singing Bowl","floor":21},{"not_picked":["Quickness","QuickAttack","FleetEdge","CumulusWall","FendThisOffIfYouCan","ClassAndRespect","StrongStrike+1","InkOver","UpbeatPerformance","Rewind"],"picked":"BoundaryOfDeath","floor":21},{"not_picked":["WallGazer","FairyFestival","RedShoes"],"picked":"Singing Bowl","floor":22},{"not_picked":["StrongStrike","Faith","CutIn","Diversion","EnergyStrike","UncannyStrike","InhaleSmoke","Outburst","Thrust","Suppress","YoureTooSlow+1"],"picked":"SKIP","floor":22},{"not_picked":["BladeWhirl","InnerArdor","UpbeatPerformance","Track","AutomatedMovement+1","SturdyDefense","MindPrepared","FendThisOffIfYouCan","ProselytesBlade","YouOnlyLiveOnce"],"picked":"IronWall","floor":23},{"not_picked":["LittlePrince","MeatLantern","FairyFestival"],"picked":"Singing Bowl","floor":23},{"not_picked":["Laetitia","BodiesMountain","VoidDream"],"picked":"Singing Bowl","floor":24},{"not_picked":["AsThePrescriptOrders","YoureTooSlow","SharpSwipe","MultiBlock","Concentration","ButterflySlash+1","Pound+1","TrimTheIngredients","Disposal","SunsetBlade+1"],"picked":"Reload","floor":24},{"not_picked":["BlackSwan","HeroicMonk","MeatLantern"],"picked":"Singing Bowl","floor":25},{"not_picked":["IllEndYou","Reload","FleetFootsteps","AssaultOrder+1","StrongStrike","SharpSwipe","MultiBlock","Suppress","TheArtOfRapidSteps","FrontalAssault"],"picked":"Unlock1+1","floor":25},{"not_picked":["Porccubus","Freischutz","Wellcheers"],"picked":"Singing Bowl","floor":27},{"not_picked":["GuidanceOfTheGears","Multislash","GuardingStance","Reload","WillOfThePrescript","UpbeatPerformance","InhaleSmoke+1","PinpointShot","Rewind","RhinoRam"],"picked":"Quickness","floor":27},{"not_picked":["AssaultOrder","EnergyCycle","DevastatingThrash","FaintMemories","IllEndYou+1","Standoff","YoureAHindrance","ShockingBlow","Pound","Rewind"],"picked":"ToOvercomeCrisis","floor":29},{"not_picked":["VoidDream","Laetitia","Bloodbath"],"picked":"Singing Bowl","floor":31},{"not_picked":["Retaliate","HighKick","BindingArms","GaleKick","Track","Standoff+1","FleshFillet","DevastatingThrash","BackAttack","ChopItOff","Unlock1"],"picked":"SKIP","floor":31},{"not_picked":["HeroicMonk","Wellcheers","DreamingCurrent"],"picked":"Singing Bowl","floor":33}],"player_experience":1089044,"relics_obtained":[{"floor":1.0,"key":"SynthV:TestCard"},{"floor":6.0,"key":"REME_HourglassOfDeath"},{"floor":8.0,"key":"Blood Vial"},{"floor":9.0,"key":"PageOfForsakenMurderer"},{"floor":12.0,"key":"AT_SpeedBoots"},{"floor":23,"key":"aspiration:SeaSaltIceCream"},{"floor":24,"key":"AtMidnight"}],"event_choices":[{"damage_healed":0.0,"max_hp_gain":0.0,"max_hp_loss":0.0,"gold_gain":0.0,"event_name":"The Cleric","player_choice":"Leave","floor":3.0,"gold_loss":0.0,"damage_taken":0.0},{"damage_healed":0.0,"max_hp_gain":0.0,"max_hp_loss":0.0,"gold_gain":80.0,"event_name":"Golden Wing","player_choice":"Gained Gold","floor":15.0,"gold_loss":0.0,"damage_taken":0.0},{"damage_healed":0,"gold_gain":0,"player_choice":"Copied","damage_taken":0,"max_hp_gain":0,"max_hp_loss":0,"event_name":"Duplicator","floor":19,"gold_loss":0,"cards_obtained":["Reload"]},{"damage_healed":0,"gold_gain":0,"player_choice":"Read","damage_taken":0,"max_hp_gain":0,"max_hp_loss":0,"event_name":"The Library","floor":28,"gold_loss":0,"cards_obtained":["Rewind"]}],"is_beta":false,"boss_relics":[{"not_picked":["Replay:Bronze Core","TimeKeys"],"picked":"aspiration:RandomNobGenerator"},{"not_picked":["testmod-BatchProcessingSystem","aspiration:WatcherSkillbook"],"picked":"PageOfBlackSwan"}],"items_purged_floors":[],"is_endless":false,"potions_floor_spawned":[1,2,6,7,11,20,21,23,24,27,33],"ascension_level":20}}