{"host":"p5axfb00mxhraew6","time":1610032662,"event":{"mods":["Abigail Mod","Act Like it!","BaseMod","CapriCore","Friendly Minions","GifTheSpireLib","Jedi Mod","KomeijiMod","MarisaÅiñ∂âJÅ@ñÇóùçπÅj","Minty Spire (QoL Compilation)","Prisma Mod","ReimuÅiîé??öÎÅj","RemiliaÅiÂQïƒ‰ª?Åj","SOSÅiézîb?îVéqÅj","StSLib","Td1madao Mod","The Alterego","The Immortal","The Problem Sleuth","Yakumo Yukari mod"],"gold_per_floor":[110,110,61,61,61,61,61,61,61,87,100,100,127,142,142,142,142],"floor_reached":16,"playtime":423,"items_purged":[],"score":180,"play_id":"7737a3fd-bdfb-47ad-812d-1f3c279ec625","local_time":"20210108001742","is_ascension_mode":true,"campfire_choices":[{"data":"alterego_mod:1TonWallop","floor":6.0,"key":"SMITH"},{"data":"alterego_mod:Punishment","floor":8.0,"key":"SMITH"},{"floor":12,"key":"REST"},{"floor":15,"key":"REST"}],"circlet_count":0,"master_deck":["AscendersBane","alterego_mod:Strike+1","alterego_mod:Strike+1","alterego_mod:Strike","alterego_mod:Defend","alterego_mod:Defend","alterego_mod:Defend","alterego_mod:Defend","alterego_mod:BigMeatyClaws","alterego_mod:BrynhildrsRune","alterego_mod:Punishment+1","alterego_mod:1TonWallop+1","alterego_mod:Birthday","alterego_mod:Punishment","alterego_mod:Clones"],"relics":["alterego_mod:MasochisticConstitution","Potion Belt","Bottled Flame","Gambling Chip","Whetstone"],"acts_visited":["Exordium"],"potions_floor_usage":[13,13],"damage_taken":[{"damage":4.0,"enemies":"Jaw Worm","floor":1.0,"turns":7.0},{"damage":37,"enemies":"Gremlin Nob","floor":10,"turns":4},{"damage":0,"enemies":"2 Louse","floor":11,"turns":1},{"damage":28,"enemies":"Lagavulin","floor":13,"turns":4},{"damage":1,"enemies":"Small Slimes","floor":14,"turns":2},{"damage":15,"enemies":"Hexaghost","floor":16,"turns":7}],"seed_played":"7659477434296478912","potions_obtained":[{"floor":10,"key":"jedi:StrikingPotion"},{"floor":11,"key":"AttackPotion"},{"floor":14,"key":"GamblersBrew"}],"is_trial":false,"path_per_floor":["M","?","$","?","?","R","?","R","T","E","M","R","E","M","R","B"],"character_chosen":"The_Alterego","items_purchased":["alterego_mod:1TonWallop"],"campfire_rested":2,"item_purchase_floors":[3],"current_hp_per_floor":[63,56,56,56,49,49,49,49,49,13,15,35,17,19,39,26,26],"gold":142,"neow_bonus":"REMOVE_CARD","is_daily":false,"chose_seed":false,"campfire_upgraded":2,"win_rate":0.0,"timestamp":1610032662,"path_taken":["M","?","$","?","?","R","?","R","T","E","?","R","E","M","R","BOSS"],"items_purchased_type":["Card"],"build_version":"2020-12-22","purchased_purges":0,"victory":false,"max_hp_per_floor":[66,66,66,66,66,66,66,66,66,67,67,67,68,69,69,69,69],"card_choices":[{"not_picked":["alterego_mod:Maid","alterego_mod:Crossover"],"picked":"alterego_mod:Punishment","floor":1.0},{"not_picked":["alterego_mod:TrashNCrash","alterego_mod:Jiggle"],"picked":"alterego_mod:Birthday","floor":10},{"not_picked":["alterego_mod:Rip","alterego_mod:GachaTicket","alterego_mod:Bounce"],"picked":"SKIP","floor":11},{"not_picked":["alterego_mod:Undulate","alterego_mod:Cycle"],"picked":"alterego_mod:Punishment","floor":13},{"not_picked":["alterego_mod:GachaTicket","alterego_mod:Cooking"],"picked":"alterego_mod:Clones","floor":14}],"player_experience":1191295,"relics_obtained":[{"floor":9.0,"key":"Bottled Flame"},{"floor":10,"key":"Gambling Chip"},{"floor":13,"key":"Whetstone"}],"event_choices":[{"damage_healed":0.0,"max_hp_gain":0.0,"max_hp_loss":0.0,"gold_gain":0.0,"event_name":"Scrap Ooze","player_choice":"Success","floor":2.0,"gold_loss":0.0,"damage_taken":7.0,"relics_obtained":["Potion Belt"]},{"damage_healed":0.0,"max_hp_gain":0.0,"max_hp_loss":0.0,"gold_gain":0.0,"event_name":"Liars Game","player_choice":"Ignored","floor":4.0,"gold_loss":0.0,"damage_taken":0.0},{"cards_removed":["alterego_mod:Strike"],"damage_healed":0.0,"max_hp_gain":0.0,"max_hp_loss":0.0,"gold_gain":0.0,"event_name":"Golden Wing","player_choice":"Card Removal","floor":5.0,"gold_loss":0.0,"damage_taken":7.0},{"damage_healed":0.0,"max_hp_gain":0.0,"max_hp_loss":0.0,"gold_gain":0.0,"event_name":"Dead Adventurer","player_choice":"Searched \u00271\u0027 times","floor":7.0,"gold_loss":0.0,"damage_taken":0.0}],"is_beta":false,"boss_relics":[],"items_purged_floors":[],"is_endless":false,"potions_floor_spawned":[10,11,14],"killed_by":"Hexaghost","ascension_level":14}}