{"host":"0m9eol038u0i1tir","time":1610050342,"event":{"mods":["BaseMod","BetterRewards","CapriCore","Clockwork Mod","Ekko","Evolution","Friendly Minions","Hubris","Minty Spire (QoL Compilation)","Permanent Neow","Replay The Spire","Robot Space Explorer","Shade Mod","StSLib","SuperFastMode","The Marked","TheVacant","vexMod"],"gold_per_floor":[118,118,118,133,143,143,163,163,211,231,261,261,317,334,334,438,538,552,569,569,569,569],"floor_reached":21,"playtime":830,"items_purged":[],"score":181,"play_id":"bab3e374-532e-459b-ac6a-9ba049cdda16","local_time":"20210107171222","is_ascension_mode":false,"campfire_choices":[{"data":"RobotSpaceExplorer:StarDust","floor":6,"key":"SMITH"},{"data":"RobotSpaceExplorer:Pulsar","floor":8,"key":"SMITH"},{"floor":15,"key":"REST"}],"circlet_count":0,"master_deck":["RobotSpaceExplorer:MetalStrike+1","RobotSpaceExplorer:MetalStrike","RobotSpaceExplorer:MetalStrike","RobotSpaceExplorer:Strike","RobotSpaceExplorer:Defend","RobotSpaceExplorer:Defend","RobotSpaceExplorer:Defend","RobotSpaceExplorer:Defend","RobotSpaceExplorer:Scan","RobotSpaceExplorer:MiniLasers","RobotSpaceExplorer:Pulsar+1","RobotSpaceExplorer:StarDust+1","RobotSpaceExplorer:Pulsar","RobotSpaceExplorer:Calculate","RobotSpaceExplorer:Accelerator","RobotSpaceExplorer:StarLightning","Voices"],"relics":["RobotSpaceExplorer:RoboCore","EVO:Axolotl","Replay:Baseball","vexMod:FocusSash","Replay:Multitool","hubris:Icosahedron","Regal Pillow","Replay:Wanted Poster","ReplayTheSpireMod:Ring of Exchange"],"acts_visited":["Exordium","TheCity"],"potions_floor_usage":[10,14,18,18,18],"damage_taken":[{"damage":0,"enemies":"Cultist","floor":1,"turns":4},{"damage":0,"enemies":"Small Slimes","floor":4,"turns":4},{"damage":0,"enemies":"2 Louse","floor":5,"turns":2},{"damage":0,"enemies":"Large Slime","floor":7,"turns":4},{"damage":12,"enemies":"Exordium Thugs","floor":10,"turns":2},{"damage":21,"enemies":"Gremlin Nob","floor":11,"turns":5},{"damage":17,"enemies":"3 Sentries","floor":13,"turns":6},{"damage":0,"enemies":"Lots of Slimes","floor":14,"turns":2},{"damage":17,"enemies":"Slime Boss","floor":16,"turns":8},{"damage":0,"enemies":"3 Byrds","floor":18,"turns":5},{"damage":5,"enemies":"Spheric Guardian","floor":19,"turns":4}],"seed_played":"-4309914428566508652","potions_obtained":[{"floor":1,"key":"Explosive Potion"},{"floor":3,"key":"Death Potion"},{"floor":3,"key":"EntropicBrew"},{"floor":10,"key":"Explosive Potion"},{"floor":16,"key":"Fire Potion"}],"is_trial":false,"path_per_floor":["M","?","?","M","M","R","M","R","T","M","E","?","?","M","R","B",null,"M","M","?","$"],"character_chosen":"RobotSpaceExplorer","items_purchased":[],"campfire_rested":1,"item_purchase_floors":[],"current_hp_per_floor":[75,75,75,75,75,75,75,75,75,63,42,42,25,25,62,45,75,75,70,70,70,70],"gold":569,"neow_bonus":"RANDOM_COMMON_RELIC","is_daily":false,"chose_seed":false,"campfire_upgraded":2,"win_rate":0.0,"timestamp":1610050342,"path_taken":["M","?","?","?","M","R","M","R","T","M","E","?","?","M","R","BOSS","M","M","?","$"],"items_purchased_type":[],"build_version":"2020-12-22","purchased_purges":0,"victory":false,"max_hp_per_floor":[75,75,75,75,75,75,75,75,75,75,75,75,75,75,75,75,75,75,75,75,75,75],"card_choices":[{"not_picked":["RobotSpaceExplorer:ImprovisedAttack","RobotSpaceExplorer:FrostMissile","RobotSpaceExplorer:BigMissile"],"picked":"SKIP","floor":1},{"not_picked":["RobotSpaceExplorer:FreezingShield","RobotSpaceExplorer:LuckyStrike"],"picked":"RobotSpaceExplorer:Pulsar","floor":4},{"not_picked":["RobotSpaceExplorer:ShovelStrike","RobotSpaceExplorer:FranticSearch"],"picked":"RobotSpaceExplorer:StarDust","floor":5},{"not_picked":["RobotSpaceExplorer:MiniDrones","RobotSpaceExplorer:Blitz","RobotSpaceExplorer:ShovelStrike"],"picked":"SKIP","floor":7},{"not_picked":["RobotSpaceExplorer:ShockKick","RobotSpaceExplorer:BlastShield"],"picked":"RobotSpaceExplorer:Pulsar","floor":10},{"not_picked":["RobotSpaceExplorer:SurgingShield","RobotSpaceExplorer:ExhaustFan","RobotSpaceExplorer:StunGrenade"],"picked":"SKIP","floor":11},{"not_picked":["RobotSpaceExplorer:ImprovisedAttack","RobotSpaceExplorer:ShockKick"],"picked":"RobotSpaceExplorer:Calculate","floor":13},{"not_picked":["RobotSpaceExplorer:MetalStrike","RobotSpaceExplorer:JunkDive","RobotSpaceExplorer:TurboDodge"],"picked":"SKIP","floor":14},{"not_picked":["RobotSpaceExplorer:ChargingLaser","RobotSpaceExplorer:Multitool"],"picked":"RobotSpaceExplorer:Accelerator","floor":16},{"not_picked":["RobotSpaceExplorer:Pulsar+1","RobotSpaceExplorer:MetalStrike"],"picked":"RobotSpaceExplorer:StarLightning","floor":18},{"not_picked":["RobotSpaceExplorer:Counterblock+1","RobotSpaceExplorer:MiniBoosters+1","RobotSpaceExplorer:ScrapMissile"],"picked":"SKIP","floor":19}],"player_experience":1149075,"relics_obtained":[{"floor":9,"key":"vexMod:FocusSash"},{"floor":11,"key":"Replay:Multitool"},{"floor":13,"key":"Regal Pillow"},{"floor":20,"key":"ReplayTheSpireMod:Ring of Exchange"}],"event_choices":[{"damage_healed":0,"gold_gain":0,"player_choice":"Got Potions","damage_taken":0,"max_hp_gain":0,"max_hp_loss":0,"event_name":"Lab","floor":3,"gold_loss":0},{"damage_healed":0,"gold_gain":0,"player_choice":"Searched \u00271\u0027 times","damage_taken":0,"max_hp_gain":0,"max_hp_loss":0,"event_name":"Dead Adventurer","floor":13,"gold_loss":0}],"is_beta":false,"boss_relics":[{"not_picked":["Empty Cage","vexMod:BigBerry"],"picked":"Replay:Wanted Poster"}],"items_purged_floors":[],"is_endless":false,"potions_floor_spawned":[1,10,11,16,18],"ascension_level":0}}