{"host":"k4et7hlhlqy8fuoz","time":1610015303,"event":{"mods":["2.2 Compatiblity","AchievementEnabler","BaseMod","Colored Map","DeckTracker","Highlight Path","Minty Spire (QoL Compilation)","Random Character Button","Rare Cards Sparkle"],"gold_per_floor":[113,132,132,152,166,166,20,20,44,44,44,63,83,94,94,191,191,206,225,225,21,41,41,57,72,72,72,89,89,100,199,199,199,199],"floor_reached":33,"playtime":3290,"items_purged":[],"score":243,"play_id":"a28e8f15-a9aa-430f-b63d-90aae680cae2","local_time":"20210107112823","is_ascension_mode":false,"campfire_choices":[{"data":"Apotheosis","floor":6,"key":"SMITH"},{"data":"Crippling Poison","floor":8,"key":"SMITH"},{"data":"Backstab","floor":10,"key":"SMITH"},{"floor":15,"key":"REST"},{"data":"Blade Dance","floor":23,"key":"SMITH"},{"floor":27,"key":"REST"},{"data":"Bouncing Flask","floor":29,"key":"SMITH"},{"floor":32,"key":"REST"}],"circlet_count":0,"master_deck":["Strike_G+1","Strike_G+1","Strike_G+1","Strike_G+1","Strike_G+1","Defend_G+1","Defend_G+1","Defend_G+1","Defend_G+1","Defend_G+1","Survivor","Neutralize","Apotheosis+1","Flying Knee","Bouncing Flask+1","Backflip","Crippling Poison+1","Accuracy","Backstab+1","Endless Agony","Backstab","Eviscerate","Envenom","Noxious Fumes+1","Masterful Stab","Blade Dance+1","Slice","Deflect+1","Poisoned Stab","Caltrops","Deadly Poison+1"],"relics":["Ring of the Snake","GremlinMask","Blood Vial","HoveringKite","TwistedFunnel","Snake Skull"],"acts_visited":["Exordium","TheCity"],"potions_floor_usage":[16,16,19,33,33],"damage_taken":[{"damage":0,"enemies":"Cultist","floor":1,"turns":4},{"damage":1,"enemies":"Jaw Worm","floor":2,"turns":5},{"damage":1,"enemies":"2 Louse","floor":4,"turns":4},{"damage":0,"enemies":"Exordium Wildlife","floor":5,"turns":5},{"damage":5,"enemies":"Blue Slaver","floor":12,"turns":4},{"damage":0,"enemies":"Exordium Thugs","floor":13,"turns":3},{"damage":11,"enemies":"Exordium Wildlife","floor":14,"turns":3},{"damage":35,"enemies":"The Guardian","floor":16,"turns":11},{"damage":6,"enemies":"3 Byrds","floor":18,"turns":6},{"damage":15,"enemies":"Chosen","floor":19,"turns":5},{"damage":0,"enemies":"Snecko","floor":22,"turns":5},{"damage":9,"enemies":"Cultist and Chosen","floor":24,"turns":4},{"damage":21,"enemies":"Shelled Parasite and Fungi","floor":25,"turns":4},{"damage":9,"enemies":"Snake Plant","floor":28,"turns":3},{"damage":13,"enemies":"Centurion and Healer","floor":30,"turns":5},{"damage":53,"enemies":"Collector","floor":33,"turns":5}],"seed_played":"5496198759150213133","potions_obtained":[{"floor":4,"key":"Weak Potion"},{"floor":13,"key":"Dexterity Potion"},{"floor":14,"key":"SkillPotion"},{"floor":16,"key":"PowerPotion"},{"floor":25,"key":"CultistPotion"},{"floor":28,"key":"EssenceOfSteel"}],"is_trial":false,"path_per_floor":["M","M","?","M","M","R","$","R","T","R","$","M","M","M","R","B",null,"M","M","?","$","M","R","M","M","T","R","M","R","M","?","R","B"],"character_chosen":"THE_SILENT","items_purchased":["Accuracy","Backstab","Blade Dance","TwistedFunnel"],"campfire_rested":3,"item_purchase_floors":[7,7,21,21],"current_hp_per_floor":[49,48,48,47,47,47,47,47,47,47,47,44,46,37,58,25,70,64,51,51,51,53,53,46,27,27,48,41,41,30,30,51,0,0],"gold":199,"neow_bonus":"RANDOM_COLORLESS_2","is_daily":false,"chose_seed":false,"campfire_upgraded":5,"win_rate":0.0,"timestamp":1610015303,"path_taken":["M","M","?","M","M","R","?","R","T","R","$","M","?","M","R","BOSS","M","M","?","$","M","R","M","M","T","R","M","R","M","?","R","BOSS"],"items_purchased_type":["Card","Card","Card","Relic"],"build_version":"2020-12-22","purchased_purges":0,"victory":false,"max_hp_per_floor":[70,70,70,70,70,70,70,70,70,70,70,70,70,70,70,70,70,70,70,70,70,70,70,70,70,70,70,70,70,70,70,70,70,70],"card_choices":[{"not_picked":["Magnetism","Thinking Ahead"],"picked":"Apotheosis","floor":0},{"not_picked":["Backflip","Quick Slash"],"picked":"Flying Knee","floor":1},{"not_picked":["Underhanded Strike","Deflect"],"picked":"Bouncing Flask","floor":2},{"not_picked":["Expertise","Dagger Throw"],"picked":"Backflip","floor":4},{"not_picked":["Outmaneuver","Accuracy"],"picked":"Crippling Poison","floor":5},{"not_picked":["Blur","Dagger Throw"],"picked":"Endless Agony","floor":12},{"not_picked":["Heel Hook","Acrobatics"],"picked":"Backstab","floor":13},{"not_picked":["Prepared","Acrobatics"],"picked":"Eviscerate","floor":14},{"not_picked":["Tools of the Trade","Unload"],"picked":"Envenom","floor":16},{"not_picked":["Flying Knee","Flechettes"],"picked":"Noxious Fumes+1","floor":18},{"not_picked":["Acrobatics","Skewer"],"picked":"Masterful Stab","floor":19},{"not_picked":["Sucker Punch","Bane"],"picked":"Slice","floor":22},{"not_picked":["Quick Slash","Noxious Fumes"],"picked":"Deflect+1","floor":24},{"not_picked":["Finisher","PiercingWail"],"picked":"Poisoned Stab","floor":25},{"not_picked":["Tactician","Skewer"],"picked":"Caltrops","floor":28},{"not_picked":["Tools of the Trade","Outmaneuver"],"picked":"Deadly Poison+1","floor":30}],"player_experience":83319,"relics_obtained":[{"floor":9,"key":"Blood Vial"},{"floor":26,"key":"Snake Skull"}],"event_choices":[{"damage_healed":0,"gold_gain":0,"player_choice":"Trade","damage_taken":0,"relics_obtained":["GremlinMask"],"max_hp_gain":0,"max_hp_loss":0,"event_name":"FaceTrader","floor":3,"gold_loss":0},{"damage_healed":0,"gold_gain":0,"player_choice":"Simplicity","damage_taken":0,"max_hp_gain":0,"max_hp_loss":0,"event_name":"Back to Basics","floor":20,"gold_loss":0,"cards_upgraded":["Strike_G","Strike_G","Strike_G","Strike_G","Strike_G","Defend_G","Defend_G","Defend_G","Defend_G","Defend_G"]},{"damage_healed":0,"gold_gain":99,"player_choice":"Stole From Cult","damage_taken":0,"max_hp_gain":0,"max_hp_loss":0,"event_name":"Nest","floor":31,"gold_loss":0}],"is_beta":false,"boss_relics":[{"not_picked":["Cursed Key","Coffee Dripper"],"picked":"HoveringKite"}],"items_purged_floors":[],"is_endless":false,"potions_floor_spawned":[4,13,14,16,25,28,30],"killed_by":"Collector","ascension_level":0}}