{"host":"ff4g3thpm8pmsxyp","time":1610028622,"event":{"mods":["AchievementEnabler","BaseMod","Colored Map","DeckTracker","Highlight Path","Minty Spire (QoL Compilation)","Permanent Neow","Rare Cards Sparkle","Relic Stats","StSLib","SuperFastMode"],"gold_per_floor":[110,110,33,33,48,80,80,80,80],"floor_reached":8,"playtime":218,"items_purged":[],"score":65,"play_id":"b02c0e3c-2060-4d77-8da8-f4ee319f12b8","local_time":"20210107091022","is_ascension_mode":true,"campfire_choices":[],"circlet_count":0,"master_deck":["Strike_P+1","Strike_P","Strike_P","Strike_P","Defend_P","Defend_P+1","Defend_P+1","Defend_P+1","Eruption","Vigilance+1","LessonLearned","Evaluate","WheelKick+1","ThirdEye+1"],"relics":["PureWater","War Paint","Omamori"],"acts_visited":["Exordium"],"potions_floor_usage":[],"damage_taken":[{"damage":0,"enemies":"2 Louse","floor":1,"turns":2},{"damage":14,"enemies":"Small Slimes","floor":5,"turns":4},{"damage":19,"enemies":"3 Sentries","floor":6,"turns":5},{"damage":0,"enemies":"Lagavulin","floor":8,"turns":4}],"seed_played":"-5460122415126129220","potions_obtained":[{"floor":6,"key":"Ancient Potion"}],"is_trial":false,"path_per_floor":["M","?","$","?","M","E","?","E"],"character_chosen":"WATCHER","items_purchased":["WheelKick"],"campfire_rested":0,"item_purchase_floors":[3],"current_hp_per_floor":[65,53,53,53,39,20,7,7,7],"gold":80,"neow_bonus":"THREE_RARE_CARDS","is_daily":false,"chose_seed":false,"campfire_upgraded":0,"win_rate":0.0,"timestamp":1610028622,"path_taken":["M","?","$","?","M","E","?","E"],"items_purchased_type":["Card"],"build_version":"2020-12-22","purchased_purges":0,"victory":false,"max_hp_per_floor":[65,65,65,65,65,65,65,65,65],"relic_stats":{"counters":[4,15],"War Paint":["Defend_P","Defend_P"],"obtain_stats":[{"Omamori":6,"PureWater":0,"War Paint":2},{"Omamori":3,"PureWater":0,"War Paint":1},{"Omamori":11,"PureWater":0,"War Paint":2}]},"card_choices":[{"not_picked":["Omniscience","Establishment"],"picked":"LessonLearned","floor":0},{"not_picked":["CutThroughFate","FlurryOfBlows"],"picked":"Evaluate","floor":1},{"not_picked":["FollowUp","SandsOfTime"],"picked":"ThirdEye","floor":5},{"not_picked":["EmptyBody","Evaluate","FlurryOfBlows"],"picked":"SKIP","floor":6}],"player_experience":257531,"relics_obtained":[{"floor":6,"key":"Omamori"}],"event_choices":[{"damage_healed":0,"gold_gain":0,"player_choice":"Success","damage_taken":12,"relics_obtained":["War Paint"],"max_hp_gain":0,"max_hp_loss":0,"event_name":"Scrap Ooze","floor":2,"gold_loss":0},{"damage_healed":0,"gold_gain":0,"player_choice":"Ignored","damage_taken":0,"max_hp_gain":0,"max_hp_loss":0,"event_name":"Liars Game","floor":4,"gold_loss":0},{"damage_healed":0,"gold_gain":0,"player_choice":"Entered Light","damage_taken":13,"max_hp_gain":0,"max_hp_loss":0,"event_name":"Shining Light","floor":7,"gold_loss":0,"cards_upgraded":["Defend_P","ThirdEye"]}],"is_beta":false,"boss_relics":[],"items_purged_floors":[],"is_endless":false,"potions_floor_spawned":[6],"killed_by":"Lagavulin","ascension_level":4}}