{"host":"laaugowj4oxtps61","time":1610008168,"event":{"mods":["2.2 Compatiblity","AchievementEnabler","Act Like it!","BaseMod","Better Third Choice","Conspire","Curses Come First","Downfall","Hubris","Hyrulean Relics","Infinite Spire","Minty Spire (QoL Compilation)","Nova Terra(??·??)","Pale of the Ancients","Prisma Mod","Rare Cards Sparkle","Replay The Spire","SOS???????","Small Relic Pack","StSLib","The Bug Knight","The Cursed","The Death Knight","The Exalted","The Kombatant","The Saiyan","The Servant 0.9.4","The Wild Card","TheHero","TheVelvet","vexMod"],"gold_per_floor":[114,164,181,201,216,298,298,298,298],"floor_reached":8,"playtime":707,"items_purged":[],"score":58,"play_id":"227bee49-3881-4769-bf8e-c99f6e505dfd","local_time":"20210107022928","is_ascension_mode":false,"campfire_choices":[{"floor":7,"key":"REST"}],"circlet_count":0,"master_deck":["Strike_G","Strike_G","Strike_G","Strike_G","Strike_G","Defend_G","Defend_G","Defend_G","Defend_G","Defend_G","Survivor","Neutralize","Hidden Blade","Looming Evil","All Out Attack","Dodge and Roll","Infinite Blades","Deadly Poison","hubris:Despair"],"relics":["conspire:RoyalGoblet","Ring of Fury","Ring of Greed","hubris:MobiusCoin","Smiling Mask","hubris:SphereOfDissonance"],"acts_visited":["Exordium"],"potions_floor_usage":[8,8],"damage_taken":[{"damage":0,"enemies":"Small Slimes","floor":1,"turns":5},{"damage":10,"enemies":"Jaw Worm","floor":3,"turns":5},{"damage":2,"enemies":"Cultist","floor":4,"turns":4},{"damage":12,"enemies":"Looter","floor":5,"turns":4},{"damage":43,"enemies":"HollowMod:MossKnight","floor":6,"turns":13},{"damage":25,"enemies":"Lagavulin","floor":8,"turns":5}],"seed_played":"6804674907726921404","potions_obtained":[{"floor":4,"key":"Block Potion"},{"floor":6,"key":"Reflective Coating"}],"is_trial":false,"path_per_floor":["M","?","M","M","M","E","R","E"],"character_chosen":"THE_SILENT","items_purchased":[],"campfire_rested":1,"item_purchase_floors":[],"current_hp_per_floor":[70,70,60,58,46,3,24,0,0],"gold":298,"neow_bonus":"BOSS_RELIC","is_daily":false,"chose_seed":false,"campfire_upgraded":0,"win_rate":0.0,"timestamp":1610008168,"path_taken":["M","?","M","M","M","E","R","E"],"items_purchased_type":[],"build_version":"2020-12-22","purchased_purges":0,"victory":false,"max_hp_per_floor":[70,70,70,70,70,70,70,70,70],"card_choices":[{"not_picked":["Flying Knee","Underhanded Strike"],"picked":"Hidden Blade","floor":1},{"not_picked":["Slice","Outmaneuver"],"picked":"All Out Attack","floor":3},{"not_picked":["Night Terror","ReplayTheSpireMod:Shiv Toss"],"picked":"Dodge and Roll","floor":4},{"not_picked":["Quick Slash","Flechettes"],"picked":"Infinite Blades","floor":5},{"not_picked":["ReplayTheSpireMod:Scrap Shanks","Backflip"],"picked":"Deadly Poison","floor":6}],"player_experience":480428,"relics_obtained":[{"floor":2,"key":"Ring of Fury"},{"floor":2,"key":"Ring of Greed"},{"floor":2,"key":"hubris:MobiusCoin"},{"floor":2,"key":"Smiling Mask"},{"floor":6,"key":"hubris:SphereOfDissonance"}],"event_choices":[],"is_beta":false,"boss_relics":[],"items_purged_floors":[],"is_endless":false,"potions_floor_spawned":[4,6],"killed_by":"Lagavulin","ascension_level":0}}