{"host":"b4asi0laiv85suj9","time":1610000728,"event":{"mods":["ATMod(阿瑾Mod)","BaseMod","Minty Spire (QoL Compilation)","MostiFishMod","Relic Stats","StSLib","TestMod","noobMod"],"gold_per_floor":[114,124,49,60,80,115,115,115,142,142,180,180,214,214,214,310,310,330,43,1933,1933,1960,1989,2021,2021,2048,2699,2733,2769,2821,2856,2856,2966,2966,2996,2468,2468,2503,2157,2204,2204,2229,2280,2280,2325,2325,2356,2435,2447,2473,2485,2497,2509,1930,1950,1925],"floor_reached":57,"playtime":3108,"items_purged":["Defend_B","Strike_B","Defend_B","Strike_B+1"],"score":3775,"play_id":"bc034143-5e97-4d34-9491-cf85ccbc54b1","local_time":"20210107142528","is_ascension_mode":true,"campfire_choices":[{"data":"Dualcast","floor":10,"key":"SMITH"},{"data":"Heatsinks","floor":15,"key":"SMITH"},{"floor":32,"key":"RECALL"},{"data":"MostiFishMod:SephirahHod","floor":44,"key":"SMITH"},{"data":"AT_DarkMatter","floor":46,"key":"SMITH"},{"data":"MostiFishMod:ReadyAimFire","floor":49,"key":"SMITH"},{"data":"Hologram","floor":53,"key":"SMITH"}],"circlet_count":0,"master_deck":["AscendersBane","Strike_B+1","Defend_B","Zap","Dualcast+1","AT_RightCognition","Defragment","AT_ThunderBolt","Glacier","Biased Cognition","AT_DarkMatter+1","Heatsinks+1","Skim","MostiFishMod:ActiveDefenseSystem","MostiFishMod:SephirahHod+1","Force Field","Heatsinks","MostiFishMod:GatherIntelligence","Cold Snap","Ball Lightning","Reboot","Coolheaded+1","AT_WarpDrive","Echo Form","AT_StudyProgram","Capacitor","AT_EMC2","Hologram+1","Seek","Self Repair","MostiFishMod:StarOceanB","AT_ThreeBodyProblem","Madness","Madness","AT_EMC2+1","MostiFishMod:ReadyAimFire+1","MostiFishMod:StoryBook","Loop"],"relics":["Cracked Core","testmod-TestBox","DaveBox","ice","AT_ATBox","NeowsBlessing","testmod-FatalChain","OrangePellets","SynthV:TestCard","AT_ChloranthyRing","Darkstone Periapt","Golden Idol","AT_BellDemon","testmod-InjuryResistance","Anchor","Strawberry","Juzu Bracelet","OriginationStaff","MostiFishMod:Hod","testmod-Acrobat","Medical Kit","AT_SeraphEmbrace","Letter Opener","testmod-AssaultLearning","BionicSphere","AT_RedTearstoneRing","Potion Belt","Gremlin Horn","Boot","Lantern","Toy Ornithopter","Vajra","Nuclear Battery","Dream Catcher","Bottled Tornado","Cables","Orrery","Orichalcum","Du-Vu Doll","Bag of Preparation","Eternal Feather","Whetstone","MawBank","Blue Candle","Shuriken","Membership Card","AT_BellowingDragoncrestRing","DataDisk","AT_GoldPhoenixTree","Nunchaku"],"acts_visited":["Exordium","TheCity","TheBeyond","TheEnding"],"potions_floor_usage":[27,56,56],"damage_taken":[{"damage":0,"enemies":"Small Slimes","floor":1,"turns":1},{"damage":0,"enemies":"Jaw Worm","floor":2,"turns":1},{"damage":0,"enemies":"2 Louse","floor":4,"turns":1},{"damage":15,"enemies":"Large Slime","floor":5,"turns":4},{"damage":0,"enemies":"Gremlin Nob","floor":6,"turns":5},{"damage":30,"enemies":"Lagavulin","floor":11,"turns":7},{"damage":25,"enemies":"Gremlin Nob","floor":13,"turns":6},{"damage":0,"enemies":"Slime Boss","floor":16,"turns":4},{"damage":0,"enemies":"Shell Parasite","floor":18,"turns":2},{"damage":0,"enemies":"2 Thieves","floor":22,"turns":2},{"damage":0,"enemies":"Snake Plant","floor":23,"turns":2},{"damage":0,"enemies":"Cultist and Chosen","floor":24,"turns":4},{"damage":0,"enemies":"Gremlin Leader","floor":27,"turns":4},{"damage":0,"enemies":"Centurion and Healer","floor":28,"turns":2},{"damage":0,"enemies":"3 Cultists","floor":29,"turns":2},{"damage":0,"enemies":"Book of Stabbing","floor":30,"turns":2},{"damage":0,"enemies":"Cultist and Chosen","floor":31,"turns":2},{"damage":0,"enemies":"Champ","floor":33,"turns":4},{"damage":0,"enemies":"Orb Walker","floor":35,"turns":2},{"damage":0,"enemies":"3 Shapes","floor":38,"turns":2},{"damage":0,"enemies":"Reptomancer","floor":40,"turns":2},{"damage":0,"enemies":"Jaw Worm Horde","floor":42,"turns":2},{"damage":0,"enemies":"Giant Head","floor":45,"turns":1},{"damage":0,"enemies":"Spire Growth","floor":47,"turns":2},{"damage":0,"enemies":"Nemesis","floor":48,"turns":3},{"damage":0,"enemies":"Awakened One","floor":50,"turns":2},{"damage":0,"enemies":"Time Eater","floor":51,"turns":1},{"damage":0,"enemies":"Shield and Spear","floor":55,"turns":1},{"damage":0,"enemies":"The Heart","floor":56,"turns":3}],"seed_played":"1553599950490395054","potions_obtained":[{"floor":2,"key":"SteroidPotion"},{"floor":4,"key":"Energy Potion"},{"floor":18,"key":"AttackPotion"},{"floor":30,"key":"FearPotion"},{"floor":31,"key":"BlessingOfTheForge"},{"floor":33,"key":"Swift Potion"},{"floor":40,"key":"DuplicationPotion"}],"is_trial":false,"path_per_floor":["M","M","?","M","M","E","T","?","T","R","E","?","E","?","R","B",null,"M","$","?","?","M","M","M","?","T","E","M","M","E","M","R","B",null,"M","$","?","M","$","E","?","M","T","R","E","R","M","E","R","B","B",null,"R","$","E","B",null],"character_chosen":"DEFECT","items_purchased":["Medical Kit","Heatsinks","Bottled Tornado","AT_StudyProgram","SkillPotion","Orrery","AttackPotion","Membership Card","AT_BellowingDragoncrestRing","DataDisk","MostiFishMod:StoryBook","Loop"],"campfire_rested":0,"item_purchase_floors":[19,19,36,36,36,39,39,54,54,54,54,54],"current_hp_per_floor":[64,64,64,64,49,49,49,49,49,49,64,57,74,79,79,79,80,80,80,17,17,17,17,17,17,17,17,17,17,17,17,17,17,78,78,78,78,78,78,78,60,70,70,70,80,101,101,102,102,102,102,102,102,102,102,123],"gold":1925,"neow_bonus":"THREE_ENEMY_KILL","is_daily":false,"chose_seed":false,"campfire_upgraded":6,"win_rate":0.0,"timestamp":1610000728,"path_taken":["M","M","?","M","M","E","?","?","T","R","E","?","E","?","R","BOSS","M","$","?","?","M","M","M","?","T","E","M","M","E","M","R","BOSS","M","$","?","M","$","E","?","M","T","R","E","R","M","E","R","BOSS","BOSS","R","$","E","BOSS"],"items_purchased_type":["Relic","Card","Relic","Card","Potion","Relic","Potion","Relic","Relic","Relic","Card","Card"],"build_version":"2020-12-22","purchased_purges":4,"victory":true,"max_hp_per_floor":[71,71,71,71,71,71,71,64,64,64,65,65,75,80,80,80,80,81,81,81,81,83,86,88,88,88,92,93,93,95,95,95,98,98,99,99,99,100,100,100,100,101,101,101,101,101,101,102,102,102,102,102,102,102,102,156],"relic_stats":{"Darkstone Periapt":0,"Gremlin Horn":[7,7],"counters":[29,76],"Golden Idol":203,"Blue Candle":[0],"Eternal Feather":21,"Juzu Bracelet":1,"Bag of Preparation":[14],"Letter Opener":[414],"Whetstone":["Strike_B","Strike_B"],"Orichalcum":[0],"Medical Kit":[19],"Boot":[24],"MawBank":84,"Cables":[10,8,1,0,1],"OrangePellets":[15],"Dream Catcher":0,"Nunchaku":[0],"Shuriken":[1],"obtain_stats":[{"AT_ATBox":0,"Gremlin Horn":29,"Vajra":33,"ice":0,"Whetstone":45,"Bottled Tornado":36,"AT_ArchangelStaff":22,"Boot":30,"Strawberry":13,"MostiFishMod:Hod":17,"AT_RedTearstoneRing":27,"testmod-TestBox":0,"testmod-FatalChain":0,"Blue Candle":48,"Eternal Feather":45,"Letter Opener":23,"Cables":38,"Du-Vu Doll":42,"OrangePellets":0,"Shuriken":48,"testmod-Acrobat":18,"BionicSphere":27,"OriginationStaff":16,"Darkstone Periapt":7,"AT_BellDemon":9,"AT_SeraphEmbrace":38,"Lantern":30,"DaveBox":0,"Juzu Bracelet":13,"Bag of Preparation":43,"Dream Catcher":35,"Nunchaku":55,"testmod-InjuryResistance":11,"Cracked Core":0,"AT_ChloranthyRing":6,"Potion Belt":28,"NeowsBlessing":0,"Golden Idol":8,"AT_GoldPhoenixTree":55,"Orichalcum":40,"Medical Kit":19,"MawBank":47,"Nuclear Battery":34,"Anchor":11,"DataDisk":54,"SynthV:TestCard":1,"AT_BellowingDragoncrestRing":54,"testmod-AssaultLearning":24,"Orrery":39,"Membership Card":54,"Toy Ornithopter":31},{"AT_ATBox":0,"Gremlin Horn":15,"Vajra":18,"ice":0,"Whetstone":23,"Bottled Tornado":19,"AT_ArchangelStaff":10,"Boot":16,"Strawberry":7,"MostiFishMod:Hod":8,"AT_RedTearstoneRing":13,"testmod-TestBox":0,"testmod-FatalChain":0,"Blue Candle":25,"Eternal Feather":23,"Letter Opener":11,"Cables":20,"Du-Vu Doll":22,"OrangePellets":0,"Shuriken":25,"testmod-Acrobat":9,"BionicSphere":13,"OriginationStaff":8,"Darkstone Periapt":5,"AT_BellDemon":5,"AT_SeraphEmbrace":20,"Lantern":16,"DaveBox":0,"Juzu Bracelet":7,"Bag of Preparation":22,"Dream Catcher":19,"Nunchaku":28,"testmod-InjuryResistance":6,"Cracked Core":0,"AT_ChloranthyRing":5,"Potion Belt":14,"NeowsBlessing":0,"Golden Idol":5,"AT_GoldPhoenixTree":28,"Orichalcum":21,"Medical Kit":9,"MawBank":24,"Nuclear Battery":18,"Anchor":6,"DataDisk":27,"SynthV:TestCard":1,"AT_BellowingDragoncrestRing":27,"testmod-AssaultLearning":12,"Orrery":20,"Membership Card":27,"Toy Ornithopter":17},{"AT_ATBox":0,"Gremlin Horn":47,"Vajra":55,"ice":0,"Whetstone":64,"Bottled Tornado":57,"AT_ArchangelStaff":33,"Boot":49,"Strawberry":25,"MostiFishMod:Hod":29,"AT_RedTearstoneRing":43,"testmod-TestBox":0,"testmod-FatalChain":0,"Blue Candle":69,"Eternal Feather":64,"Letter Opener":35,"Cables":59,"Du-Vu Doll":63,"OrangePellets":0,"Shuriken":69,"testmod-Acrobat":31,"BionicSphere":43,"OriginationStaff":29,"Darkstone Periapt":12,"AT_BellDemon":12,"AT_SeraphEmbrace":59,"Lantern":49,"DaveBox":0,"Juzu Bracelet":25,"Bag of Preparation":63,"Dream Catcher":57,"Nunchaku":73,"testmod-InjuryResistance":19,"Cracked Core":0,"AT_ChloranthyRing":12,"Potion Belt":45,"NeowsBlessing":0,"Golden Idol":12,"AT_GoldPhoenixTree":73,"Orichalcum":61,"Medical Kit":31,"MawBank":66,"Nuclear Battery":55,"Anchor":19,"DataDisk":72,"SynthV:TestCard":1,"AT_BellowingDragoncrestRing":72,"testmod-AssaultLearning":39,"Orrery":59,"Membership Card":72,"Toy Ornithopter":51}],"Toy Ornithopter":10},"card_choices":[{"not_picked":["Gash","Consume"],"picked":"Defragment","floor":1},{"not_picked":["Compile Driver","AT_HeatAcrobatics","Barrage","MostiFishMod:Impulse"],"picked":"AT_ThunderBolt","floor":2},{"not_picked":["Streamline","Cold Snap","Go for the Eyes","Conserve Battery"],"picked":"Glacier","floor":4},{"not_picked":["Consume","FTL","Go for the Eyes","Beam Cell"],"picked":"Biased Cognition","floor":5},{"not_picked":["Turbo","Barrage","Rebound","Leap"],"picked":"AT_DarkMatter","floor":6},{"not_picked":["Chill","Compile Driver","MostiFishMod:PushDownKick","AT_DarkMatter"],"picked":"Heatsinks","floor":11},{"not_picked":["Hello World","Genetic Algorithm","Barrage","Steam"],"picked":"Skim","floor":13},{"not_picked":["Electrodynamics","MostiFishMod:Overload","MostiFishMod:InterfaceCompatibility","MostiFishMod:StarOceanB"],"picked":"MostiFishMod:ActiveDefenseSystem","floor":16},{"not_picked":["MostiFishMod:Impulse","Redo","MostiFishMod:PushDownKick","Sweeping Beam"],"picked":"Force Field","floor":18},{"not_picked":["Darkness","Go for the Eyes","Steam","MostiFishMod:PushDownKick"],"picked":"MostiFishMod:GatherIntelligence","floor":22},{"not_picked":["Steam","Blizzard","Seek","MostiFishMod:PushDownKick"],"picked":"Cold Snap","floor":23},{"not_picked":["Genetic Algorithm","Steam Power","Cold Snap","MostiFishMod:GatherIntelligence","Beam Cell"],"picked":"SKIP","floor":24},{"not_picked":["Rebound","MostiFishMod:ReprogramOld","Cold Snap","Go for the Eyes"],"picked":"Ball Lightning","floor":27},{"not_picked":["AT_HeatAcrobatics","Turbo","Darkness","Ball Lightning"],"picked":"Reboot","floor":28},{"not_picked":["Steam","Streamline","Static Discharge","Gash"],"picked":"Coolheaded+1","floor":29},{"not_picked":["MostiFishMod:Hijack","Gash","Chill","Go for the Eyes"],"picked":"AT_WarpDrive","floor":30},{"not_picked":["MostiFishMod:PushDownKick","Compile Driver","FTL","Go for the Eyes+1","AT_HeatAcrobatics"],"picked":"SKIP","floor":31},{"not_picked":["MostiFishMod:StarOceanB","MostiFishMod:IceShield","All For One","MostiFishMod:Overload"],"picked":"Echo Form","floor":33},{"not_picked":["AT_RobotInSpace","Beam Cell","Gash+1","Stack","Scrape"],"picked":"SKIP","floor":35},{"not_picked":["Rebound+1","Go for the Eyes","Compile Driver","Conserve Battery+1"],"picked":"Capacitor","floor":38},{"not_picked":["Coolheaded+1","Go for the Eyes+1","AT_HeatAcrobatics","Compile Driver"],"picked":"AT_EMC2","floor":39},{"not_picked":["Coolheaded","Go for the Eyes+1","Redo","MostiFishMod:FluxCapactior+1"],"picked":"Hologram","floor":39},{"not_picked":["Coolheaded","Compile Driver","Skim+1","MostiFishMod:FluxCapactior"],"picked":"Seek","floor":39},{"not_picked":["Streamline+1","Beam Cell","Go for the Eyes","Double Energy"],"picked":"Self Repair","floor":39},{"not_picked":["Reprogram","Conserve Battery","Scrape+1","Turbo+1"],"picked":"MostiFishMod:StarOceanB","floor":39},{"not_picked":["Hologram","Compile Driver","MostiFishMod:IceShield","Coolheaded"],"picked":"AT_ThreeBodyProblem","floor":40},{"not_picked":["Coolheaded+1","Redo+1","Force Field","AT_StudyProgram","Streamline"],"picked":"SKIP","floor":42},{"not_picked":["Hologram","AT_StudyProgram","BootSequence","Barrage"],"picked":"AT_EMC2+1","floor":45},{"not_picked":["Ball Lightning","Redo","Barrage","AT_HeatAcrobatics+1","Conserve Battery"],"picked":"SKIP","floor":47},{"not_picked":["Steam Power","Doom and Gloom","Glacier+1","Barrage+1"],"picked":"MostiFishMod:ReadyAimFire","floor":48},{"not_picked":["BootSequence","Stack+1","MostiFishMod:Impulse","Compile Driver","Turbo"],"picked":"SKIP","floor":55}],"player_experience":287104,"relics_obtained":[{"floor":1,"key":"SynthV:TestCard"},{"floor":6,"key":"AT_ChloranthyRing"},{"floor":7,"key":"Darkstone Periapt"},{"floor":9,"key":"AT_BellDemon"},{"floor":11,"key":"testmod-InjuryResistance"},{"floor":11,"key":"Anchor"},{"floor":13,"key":"Strawberry"},{"floor":13,"key":"Juzu Bracelet"},{"floor":16,"key":"OriginationStaff"},{"floor":18,"key":"testmod-Acrobat"},{"floor":22,"key":"AT_ArchangelStaff"},{"floor":23,"key":"Letter Opener"},{"floor":24,"key":"testmod-AssaultLearning"},{"floor":27,"key":"BionicSphere"},{"floor":27,"key":"AT_RedTearstoneRing"},{"floor":28,"key":"Potion Belt"},{"floor":29,"key":"Gremlin Horn"},{"floor":30,"key":"Boot"},{"floor":30,"key":"Lantern"},{"floor":31,"key":"Toy Ornithopter"},{"floor":33,"key":"Vajra"},{"floor":35,"key":"Dream Catcher"},{"floor":38,"key":"Cables"},{"floor":40,"key":"Orichalcum"},{"floor":42,"key":"Du-Vu Doll"},{"floor":43,"key":"Bag of Preparation"},{"floor":45,"key":"Eternal Feather"},{"floor":45,"key":"Whetstone"},{"floor":47,"key":"MawBank"},{"floor":48,"key":"Blue Candle"},{"floor":48,"key":"Shuriken"},{"floor":55,"key":"AT_GoldPhoenixTree"},{"floor":55,"key":"Nunchaku"}],"event_choices":[{"cards_removed":["Strike_B"],"damage_healed":0,"gold_gain":0,"player_choice":"Card Removal","damage_taken":0,"max_hp_gain":0,"max_hp_loss":0,"event_name":"The Cleric","floor":3,"gold_loss":75},{"damage_healed":0,"gold_gain":0,"player_choice":"Lose Max HP","damage_taken":0,"relics_obtained":["Golden Idol"],"max_hp_gain":0,"max_hp_loss":7,"event_name":"Golden Idol","floor":8,"gold_loss":0},{"cards_removed":["Defend_B"],"damage_healed":0,"gold_gain":0,"player_choice":"Card Removal","damage_taken":7,"max_hp_gain":0,"max_hp_loss":0,"event_name":"Golden Wing","floor":12,"gold_loss":0},{"damage_healed":0,"gold_gain":0,"player_choice":"Donut","damage_taken":0,"max_hp_gain":5,"max_hp_loss":0,"event_name":"Big Fish","floor":14,"gold_loss":0},{"damage_healed":0,"gold_gain":1890,"player_choice":"GOLD GOLD GOLD GOLD GOLD GOLD GOLD GOLD GOLD GOLD GOLD GOLD GOLD GOLD GOLD GOLD GOLD GOLD GOLD GOLD GOLD ","damage_taken":342,"max_hp_gain":0,"max_hp_loss":0,"event_name":"Knowing Skull","floor":20,"potions_obtained":[],"gold_loss":0,"cards_obtained":[]},{"damage_healed":0,"gold_gain":0,"player_choice":"Ignored","damage_taken":0,"max_hp_gain":0,"max_hp_loss":0,"event_name":"Vampires","floor":21,"gold_loss":0},{"damage_healed":0,"gold_gain":0,"player_choice":"Ignored","damage_taken":0,"max_hp_gain":0,"max_hp_loss":0,"event_name":"给自己的盒子","floor":25,"gold_loss":0},{"damage_healed":0,"gold_gain":0,"player_choice":"Ignored","damage_taken":0,"max_hp_gain":0,"max_hp_loss":0,"event_name":"Tomb of Lord Red Mask","floor":37,"gold_loss":0},{"damage_healed":0,"gold_gain":0,"player_choice":"Embrace Madness","damage_taken":18,"max_hp_gain":0,"max_hp_loss":0,"event_name":"Winding Halls","floor":41,"gold_loss":0,"cards_obtained":["Madness","Madness"]}],"is_beta":false,"boss_relics":[{"not_picked":["Philosopher\u0027s Stone","FixedStarFall"],"picked":"MostiFishMod:Hod"},{"not_picked":["Velvet Choker","testmod-CardMagician"],"picked":"Nuclear Battery"}],"items_purged_floors":[19,36,39,54],"is_endless":false,"potions_floor_spawned":[2,4,6,11,16,18,22,24,30,31,33,38,40,48,55],"ascension_level":20}}