{"host":"dcj2yvrgcvh5dl2s","time":1610014900,"event":{"mods":["BaseMod","Better Note","Block Reminder","Colored Powertips","DeckTracker","Minty Spire (QoL Compilation)","Quick Restart","Rare Cards Sparkle","Relic Stats","StSLib"],"gold_per_floor":[115,115,129,38,38,38,69,82,159,159,176,186,204,236,236,236,236],"floor_reached":16,"playtime":1831,"items_purged":[],"score":140,"play_id":"ca1f013f-2bd1-45ef-8fb7-22c475d1c7f2","local_time":"20210107202140","is_ascension_mode":true,"campfire_choices":[{"floor":6,"key":"REST"},{"floor":10,"key":"REST"},{"floor":15,"key":"REST"}],"circlet_count":0,"master_deck":["Strike_G","Strike_G","Defend_G","Defend_G","Defend_G+1","Defend_G","Defend_G","Survivor+1","Neutralize","Poisoned Stab","Backflip","Backflip","Heel Hook","Blade Dance","Dodge and Roll","PiercingWail","Backflip","Blade Dance"],"relics":["Ring of the Snake","Smiling Mask","War Paint","Letter Opener","Prayer Wheel"],"acts_visited":["Exordium"],"potions_floor_usage":[14,16],"damage_taken":[{"damage":5,"enemies":"Cultist","floor":1,"turns":5},{"damage":6,"enemies":"Jaw Worm","floor":3,"turns":6},{"damage":40,"enemies":"Lagavulin","floor":7,"turns":10},{"damage":0,"enemies":"Small Slimes","floor":8,"turns":4},{"damage":0,"enemies":"Red Slaver","floor":11,"turns":5},{"damage":1,"enemies":"3 Louse","floor":12,"turns":4},{"damage":7,"enemies":"Large Slime","floor":13,"turns":9},{"damage":27,"enemies":"Gremlin Nob","floor":14,"turns":4},{"damage":31,"enemies":"Hexaghost","floor":16,"turns":14}],"seed_played":"-7862212098572032405","potions_obtained":[{"floor":7,"key":"CunningPotion"},{"floor":11,"key":"Fire Potion"},{"floor":14,"key":"GamblersBrew"}],"is_trial":false,"path_per_floor":["M","?","M","$","?","R","E","M","T","R","M","M","M","E","R","B"],"character_chosen":"THE_SILENT","items_purchased":["Backflip","Slice"],"campfire_rested":3,"item_purchase_floors":[4,4],"current_hp_per_floor":[44,44,38,38,38,59,19,19,19,40,40,39,32,5,26,0,0],"gold":236,"neow_bonus":"REMOVE_TWO","is_daily":false,"chose_seed":false,"campfire_upgraded":0,"win_rate":0.0,"timestamp":1610014900,"path_taken":["M","?","?","?","?","R","E","M","T","R","M","M","M","E","R","BOSS"],"items_purchased_type":["Card","Card"],"build_version":"2020-12-22","purchased_purges":0,"victory":false,"max_hp_per_floor":[70,70,70,70,70,70,70,70,70,70,70,70,70,70,70,70,70],"relic_stats":{"counters":[9,61],"Prayer Wheel":0,"Letter Opener":[56],"War Paint":["Defend_G","Survivor"],"Smiling Mask":0,"obtain_stats":[{"Prayer Wheel":14,"Letter Opener":9,"War Paint":7,"Smiling Mask":5,"Ring of the Snake":0},{"Prayer Wheel":8,"Letter Opener":4,"War Paint":3,"Smiling Mask":2,"Ring of the Snake":0},{"Prayer Wheel":47,"Letter Opener":25,"War Paint":21,"Smiling Mask":11,"Ring of the Snake":0}],"Ring of the Snake":[18]},"card_choices":[{"not_picked":["Sucker Punch","Tactician"],"picked":"Poisoned Stab","floor":1},{"not_picked":["Deadly Poison","Endless Agony"],"picked":"Backflip","floor":3},{"not_picked":["Underhanded Strike","Outmaneuver"],"picked":"Heel Hook","floor":7},{"not_picked":["Leg Sweep","Deflect"],"picked":"Blade Dance","floor":8},{"not_picked":["Concentrate","Flying Knee"],"picked":"Dodge and Roll","floor":11},{"not_picked":["Poisoned Stab","Unload"],"picked":"PiercingWail","floor":12},{"not_picked":["Acrobatics","Infinite Blades"],"picked":"Backflip","floor":13},{"not_picked":["Deadly Poison","Backflip"],"picked":"Blade Dance","floor":14}],"player_experience":2234301,"relics_obtained":[{"floor":7,"key":"War Paint"},{"floor":9,"key":"Letter Opener"},{"floor":14,"key":"Prayer Wheel"}],"event_choices":[{"cards_removed":["Strike_G"],"damage_healed":0,"gold_gain":0,"player_choice":"Purged","damage_taken":0,"max_hp_gain":0,"max_hp_loss":0,"event_name":"Purifier","floor":2,"gold_loss":0},{"cards_removed":["Slice"],"damage_healed":0,"gold_gain":0,"player_choice":"Gave Card","damage_taken":0,"relics_obtained":["Smiling Mask"],"max_hp_gain":0,"max_hp_loss":0,"event_name":"WeMeetAgain","floor":5,"gold_loss":0}],"is_beta":false,"boss_relics":[],"items_purged_floors":[],"is_endless":false,"potions_floor_spawned":[7,11,14],"killed_by":"Hexaghost","ascension_level":5}}