{"host":"9d9dhukr2jywmy0f","time":1610023967,"event":{"mods":["2.2 Compatiblity","Alarm Clock","BaseMod","Bestiary","Block Reminder","Colored Map","Colored Powertips","Curses Come First","DeckTracker","Highlight Path","Key Reminder","Minty Spire (QoL Compilation)","Quick Restart","Rare Cards Sparkle","Relic Sorter","Relic Stats","Spire Birthday Party","StSLib","SuperFastMode","Synergy Search","The Blackbeard","Unceasing Turn Reminder","Unknown Chances"],"gold_per_floor":[119,119,134,59,59,59,284,284,284,318,44,44,143,204,204,349,349,414,457,457,332,402,402,513,513,513,581,645,645,708,265,265,418,418,459,284,384,41,41,110,110,154,154,204,204,264,364,409,409,434,434,434,85,171,196],"floor_reached":56,"playtime":3349,"items_purged":["blackbeard:BlackbeardStrike","blackbeard:BlackbeardStrike","blackbeard:BlackbeardStrike","blackbeard:BlackbeardDefend","blackbeard:BlackbeardDefend","blackbeard:BlackbeardDefend","blackbeard:BlackbeardStrike+1"],"score":1591,"play_id":"0a6ad046-8665-4ff8-a2f9-0bc3e80fdb0b","local_time":"20210107205247","is_ascension_mode":true,"campfire_choices":[{"data":"blackbeard:IntimidatingStrike","floor":6.0,"key":"SMITH"},{"floor":8.0,"key":"RECALL"},{"data":"HandOfGreed","floor":15.0,"key":"SMITH"},{"data":"blackbeard:CaptainsCabin","floor":23.0,"key":"SMITH"},{"data":"blackbeard:CaptainsHat","floor":25.0,"key":"SMITH"},{"data":"1","floor":29.0,"key":"LIFT"},{"data":"2","floor":32.0,"key":"LIFT"},{"data":"3","floor":41.0,"key":"LIFT"},{"data":"blackbeard:PirateStrength","floor":45.0,"key":"SMITH"},{"data":"blackbeard:PirateStrength","floor":49.0,"key":"SMITH"},{"data":"blackbeard:Lifeboat","floor":52.0,"key":"SMITH"}],"circlet_count":0,"master_deck":["blackbeard:IntimidatingStrike+1","blackbeard:Provisioning","HandOfGreed+1","blackbeard:CaptainsCabin+1","blackbeard:CaptainsHat+1","blackbeard:CannonballSupply+1","blackbeard:InfiniteBarrage","blackbeard:WiseDefense+1","blackbeard:DoubleBottom","blackbeard:Lifeboat+1","blackbeard:Boarding","blackbeard:PirateStrength+1","blackbeard:WiseDefense+1","blackbeard:CannonballSupply+1","blackbeard:PirateStrength+1","blackbeard:Boarding+1","blackbeard:GoldenGuillotine"],"relics":["Snecko Eye","Dream Catcher","Kunai","Meat on the Bone","HornCleat","Golden Idol","Orichalcum","Empty Cage","MutagenicStrength","Girya","blackbeard:HipFlask","Whetstone","Incense Burner","SacredBark","blackbeard:CannonballsOfSteel","PreservedInsect","Mummified Hand","blackbeard:WhitePearl","Oddly Smooth Stone"],"acts_visited":["Exordium","TheCity","TheBeyond","TheEnding"],"potions_floor_usage":[55,55,55,55,55,55,55,55],"damage_taken":[{"damage":1.0,"enemies":"Jaw Worm","floor":1.0,"turns":2.0},{"damage":0.0,"enemies":"Small Slimes","floor":3.0,"turns":3.0},{"damage":3.0,"enemies":"Gremlin Nob","floor":10.0,"turns":4.0},{"damage":3.0,"enemies":"3 Sentries","floor":13.0,"turns":5.0},{"damage":0.0,"enemies":"2 Louse","floor":14.0,"turns":3.0},{"damage":10.0,"enemies":"Hexaghost","floor":16.0,"turns":4.0},{"damage":0.0,"enemies":"2 Thieves","floor":18.0,"turns":3.0},{"damage":0.0,"enemies":"Spheric Guardian","floor":19.0,"turns":4.0},{"damage":1.0,"enemies":"Centurion and Healer","floor":22.0,"turns":4.0},{"damage":1.0,"enemies":"Slavers","floor":24.0,"turns":7.0},{"damage":0.0,"enemies":"Gremlin Leader","floor":27.0,"turns":7.0},{"damage":0.0,"enemies":"Cultist and Chosen","floor":28.0,"turns":6.0},{"damage":0.0,"enemies":"Chosen and Byrds","floor":30.0,"turns":6.0},{"damage":0.0,"enemies":"Collector","floor":33.0,"turns":7.0},{"damage":0.0,"enemies":"3 Darklings","floor":35.0,"turns":3.0},{"damage":4.0,"enemies":"3 Shapes","floor":37.0,"turns":5.0},{"damage":0.0,"enemies":"Giant Head","floor":40.0,"turns":5.0},{"damage":0.0,"enemies":"Nemesis","floor":42.0,"turns":3.0},{"damage":0.0,"enemies":"Writhing Mass","floor":44.0,"turns":3.0},{"damage":0.0,"enemies":"Reptomancer","floor":46.0,"turns":3.0},{"damage":0.0,"enemies":"Jaw Worm Horde","floor":47.0,"turns":6.0},{"damage":0.0,"enemies":"Maw","floor":48.0,"turns":4.0},{"damage":0.0,"enemies":"Time Eater","floor":50.0,"turns":6.0},{"damage":0,"enemies":"Shield and Spear","floor":54,"turns":3},{"damage":1,"enemies":"The Heart","floor":55,"turns":4}],"seed_played":"1054448346868292944","potions_obtained":[{"floor":3.0,"key":"EssenceOfSteel"},{"floor":10.0,"key":"Regen Potion"},{"floor":14.0,"key":"BlessingOfTheForge"},{"floor":18.0,"key":"BlessingOfTheForge"},{"floor":27.0,"key":"DistilledChaos"},{"floor":35.0,"key":"Fire Potion"},{"floor":44.0,"key":"Fire Potion"}],"is_trial":false,"path_per_floor":["M","?","M","$","?","R","?","R","T","E","$","?","E","M","R","B",null,"M","M","?","$","M","R","E","R","T","E","M","R","M","$","R","B",null,"M","$","M","$","?","E","R","E","T","M","R","E","M","M","R","B",null,"R","$","E","B",null],"character_chosen":"BLACKBEARD_CLASS","items_purchased":["HandOfGreed","Incense Burner","blackbeard:CannonballsOfSteel","blackbeard:GoldenGuillotine","Energy Potion"],"campfire_rested":0,"item_purchase_floors":[11,31,38,53,53],"current_hp_per_floor":[74,79,79,79,67,67,67,67,67,64,64,64,74,74,74,64,74,74,74,74,74,73,73,72,72,72,72,72,72,72,72,72,72,74,74,74,70,70,70,70,70,70,70,70,70,74,74,74,74,74,74,74,74,74,73],"gold":196,"neow_bonus":"BOSS_RELIC","is_daily":false,"chose_seed":false,"campfire_upgraded":7,"win_rate":0.0,"timestamp":1610023967,"path_taken":["M","?","M","$","?","R","?","R","T","E","$","?","E","M","R","BOSS","M","M","?","$","M","R","E","R","T","E","M","R","M","$","R","BOSS","M","$","M","$","?","E","R","E","T","?","R","E","M","M","R","BOSS","R","$","E","BOSS"],"items_purchased_type":["Card","Relic","Relic","Card","Potion"],"build_version":"2020-11-30","purchased_purges":7,"victory":true,"max_hp_per_floor":[75,80,80,80,80,80,80,80,80,80,80,74,74,74,74,74,74,74,74,74,74,74,74,74,74,74,74,74,74,74,74,74,74,74,74,74,74,74,74,74,74,74,74,74,74,74,74,74,74,74,74,74,74,74,74],"relic_stats":{"Dream Catcher":0,"counters":[25,110],"Golden Idol":198,"Mummified Hand":[49],"Snecko Eye":[226,203,202,224],"PreservedInsect":172,"Kunai":[55],"Whetstone":["blackbeard:BlackbeardStrike"],"Orichalcum":[72],"obtain_stats":[{"Girya":24,"Golden Idol":12,"blackbeard:LoadTheCannons":0,"SacredBark":34,"blackbeard:CannonballsOfSteel":38,"Oddly Smooth Stone":54,"PreservedInsect":40,"Incense Burner":31,"Whetstone":27,"blackbeard:WhitePearl":46,"Orichalcum":13,"Empty Cage":17,"blackbeard:HipFlask":26,"keyreminder:keyreminder":8,"Dream Catcher":5,"HornCleat":10,"Mummified Hand":42,"MutagenicStrength":20,"Snecko Eye":0,"Kunai":7,"Meat on the Bone":9},{"Girya":10,"Golden Idol":3,"blackbeard:LoadTheCannons":0,"SacredBark":14,"blackbeard:CannonballsOfSteel":16,"Oddly Smooth Stone":24,"PreservedInsect":17,"Incense Burner":13,"Whetstone":11,"blackbeard:WhitePearl":20,"Orichalcum":4,"Empty Cage":6,"blackbeard:HipFlask":10,"keyreminder:keyreminder":2,"Dream Catcher":2,"HornCleat":3,"Mummified Hand":18,"MutagenicStrength":8,"Snecko Eye":0,"Kunai":2,"Meat on the Bone":2},{"Girya":39,"Golden Idol":9,"blackbeard:LoadTheCannons":0,"SacredBark":65,"blackbeard:CannonballsOfSteel":73,"Oddly Smooth Stone":106,"PreservedInsect":78,"Incense Burner":58,"Whetstone":46,"blackbeard:WhitePearl":87,"Orichalcum":14,"Empty Cage":21,"blackbeard:HipFlask":39,"keyreminder:keyreminder":5,"Dream Catcher":5,"HornCleat":9,"Mummified Hand":81,"MutagenicStrength":28,"Snecko Eye":0,"Kunai":5,"Meat on the Bone":5}],"Meat on the Bone":0},"card_choices":[{"not_picked":["blackbeard:GoldenStrike","blackbeard:Toast"],"picked":"blackbeard:Provisioning","floor":1.0},{"not_picked":["blackbeard:Dagger","blackbeard:Anchor","blackbeard:SmithingHammer"],"picked":"SKIP","floor":3.0},{"not_picked":["blackbeard:Fencing","blackbeard:CloakAndCannonball","blackbeard:Toast"],"picked":"SKIP","floor":10.0},{"not_picked":["blackbeard:CatONineTails","blackbeard:FieryDefense"],"picked":"blackbeard:CaptainsCabin","floor":13.0},{"not_picked":["blackbeard:GoldenStrike","blackbeard:RemoveScurvy","blackbeard:BlindAttacks"],"picked":"SKIP","floor":14.0},{"not_picked":["blackbeard:GoldenStrike","blackbeard:RemoveScurvy","blackbeard:BlindAttacks"],"picked":"SKIP","floor":14.0},{"not_picked":["blackbeard:PowerHungry","blackbeard:Intoxication"],"picked":"blackbeard:CaptainsHat","floor":16.0},{"not_picked":["blackbeard:Sword","blackbeard:DeadlyArsenal"],"picked":"blackbeard:CannonballSupply+1","floor":18.0},{"not_picked":["blackbeard:Upgrade","blackbeard:DoubleCannonball"],"picked":"blackbeard:InfiniteBarrage","floor":19.0},{"not_picked":["blackbeard:PiratesWill","blackbeard:BeatUp"],"picked":"blackbeard:WiseDefense+1","floor":22.0},{"not_picked":["blackbeard:ArmorUp+1","blackbeard:GhostInTheRum+1"],"picked":"blackbeard:DoubleBottom","floor":24.0},{"not_picked":["blackbeard:PirateEarring+1","blackbeard:AgileStrike+1"],"picked":"blackbeard:Lifeboat","floor":27.0},{"not_picked":["blackbeard:JollyRoger","blackbeard:DelayedPain","blackbeard:SwordDance"],"picked":"SKIP","floor":28.0},{"not_picked":["blackbeard:Spear+1","blackbeard:Fencing+1"],"picked":"blackbeard:Boarding","floor":30.0},{"not_picked":["blackbeard:MegaUpgrade","blackbeard:Halberd"],"picked":"blackbeard:PirateStrength","floor":33.0},{"not_picked":["blackbeard:GoldenDefense+1","blackbeard:TerrorOfTheSeas+1"],"picked":"blackbeard:WiseDefense+1","floor":35.0},{"not_picked":["blackbeard:Shrapnel","blackbeard:GoldenDefense"],"picked":"blackbeard:CannonballSupply+1","floor":37.0},{"not_picked":["blackbeard:Upgrade","blackbeard:Toast","blackbeard:CloakAndCannonball+1"],"picked":"SKIP","floor":40.0},{"not_picked":["blackbeard:VengefulSpirit+1","blackbeard:Dagger+1","blackbeard:Fencing"],"picked":"SKIP","floor":42.0},{"not_picked":["blackbeard:WiseDefense","blackbeard:Bandana+1","blackbeard:BeatUp"],"picked":"SKIP","floor":44.0},{"not_picked":["blackbeard:CloakAndCannonball+1","blackbeard:DeadlyArsenal+1"],"picked":"blackbeard:Boarding+1","floor":46.0},{"not_picked":["blackbeard:Toast","blackbeard:DangerousBlow","blackbeard:CaptainsCabin"],"picked":"SKIP","floor":47.0},{"not_picked":["blackbeard:BlindAttacks+1","blackbeard:SwordDance+1","blackbeard:Sword"],"picked":"SKIP","floor":48.0},{"not_picked":["blackbeard:Dagger+1","blackbeard:GoldenRain","blackbeard:PiratesWill+1"],"picked":"SKIP","floor":54}],"player_experience":795879,"relics_obtained":[{"floor":9.0,"key":"Meat on the Bone"},{"floor":10.0,"key":"HornCleat"},{"floor":13.0,"key":"Orichalcum"},{"floor":24.0,"key":"Girya"},{"floor":26.0,"key":"blackbeard:HipFlask"},{"floor":27.0,"key":"Whetstone"},{"floor":40.0,"key":"PreservedInsect"},{"floor":42.0,"key":"Mummified Hand"},{"floor":46.0,"key":"blackbeard:WhitePearl"},{"floor":54,"key":"Oddly Smooth Stone"}],"event_choices":[{"damage_healed":0.0,"max_hp_gain":5.0,"max_hp_loss":0.0,"gold_gain":0.0,"event_name":"Big Fish","player_choice":"Donut","floor":2.0,"gold_loss":0.0,"damage_taken":0.0},{"damage_healed":0.0,"max_hp_gain":0.0,"max_hp_loss":0.0,"gold_gain":0.0,"event_name":"Scrap Ooze","player_choice":"Success","floor":5.0,"gold_loss":0.0,"damage_taken":12.0,"relics_obtained":["Dream Catcher"]},{"damage_healed":0.0,"max_hp_gain":0.0,"max_hp_loss":0.0,"gold_gain":225.0,"event_name":"blackbeard:Ssssserpent","player_choice":"YARR","floor":7.0,"gold_loss":0.0,"damage_taken":0.0,"relics_obtained":["Kunai"]},{"damage_healed":0.0,"max_hp_gain":0.0,"max_hp_loss":6.0,"gold_gain":0.0,"event_name":"Golden Idol","player_choice":"Lose Max HP","floor":12.0,"gold_loss":0.0,"damage_taken":0.0,"relics_obtained":["Golden Idol"]},{"damage_healed":0.0,"max_hp_gain":0.0,"max_hp_loss":0.0,"gold_gain":0.0,"event_name":"Drug Dealer","player_choice":"Inject Mutagens","floor":20.0,"gold_loss":0.0,"damage_taken":0.0,"relics_obtained":["MutagenicStrength"]},{"damage_healed":0.0,"max_hp_gain":0.0,"max_hp_loss":0.0,"gold_gain":0.0,"event_name":"Duplicator","player_choice":"Copied","floor":39.0,"gold_loss":0.0,"damage_taken":0.0,"cards_obtained":["blackbeard:PirateStrength"]}],"is_beta":false,"boss_relics":[{"not_picked":["Astrolabe","Busted Crown"],"picked":"Empty Cage"},{"not_picked":["Cursed Key","Velvet Choker"],"picked":"SacredBark"}],"items_purged_floors":[4,11,21,31,36,38,53],"is_endless":false,"potions_floor_spawned":[3,10,14,18,27,35,44,48],"ascension_level":1}}