{"host":"sav7uxregyirlf69","time":1610011098,"event":{"mods":["AchievementEnabler","BaseMod","Colored Map","DeckTracker","Keyboard Shortcuts","Minty Spire (QoL Compilation)","READ ME - Guardian Mod","StSLib","SuperFastMode"],"gold_per_floor":[17,17,17,32,44,44,44,56,56,56,85,85,99,131,131,203,203,216,44,60,72,86,86,86],"floor_reached":23,"playtime":461,"items_purged":[],"score":406,"play_id":"623df09c-e3ab-4da1-9d29-753d5917b9b0","local_time":"20210107181818","is_ascension_mode":true,"campfire_choices":[{"data":"Inflame","floor":6.0,"key":"SMITH"},{"data":"Hemokinesis","floor":10.0,"key":"SMITH"},{"data":"Blood for Blood","floor":12.0,"key":"SMITH"},{"data":"Rupture","floor":15.0,"key":"SMITH"}],"circlet_count":0,"master_deck":["AscendersBane","Strike_R","Strike_R","Strike_R","Strike_R","Defend_R","Defend_R","Defend_R","Defend_R","Bash","Twin Strike","Thunderclap","Inflame+1","Hemokinesis+1","Power Through","Blood for Blood+1","Rupture+1","Fire Breathing","Brutality","Evolve","Body Slam+1"],"relics":["Burning Blood","Mango","Pantograph","Pocketwatch","Art of War","Coffee Dripper","Orrery"],"acts_visited":["Exordium","TheCity"],"potions_floor_usage":[22,22],"damage_taken":[{"damage":7.0,"enemies":"Jaw Worm","floor":1.0,"turns":3.0},{"damage":7.0,"enemies":"Small Slimes","floor":4.0,"turns":3.0},{"damage":1.0,"enemies":"Cultist","floor":5.0,"turns":3.0},{"damage":7.0,"enemies":"Looter","floor":8.0,"turns":3.0},{"damage":36.0,"enemies":"Gremlin Nob","floor":11.0,"turns":4.0},{"damage":2.0,"enemies":"Blue Slaver","floor":13.0,"turns":2.0},{"damage":22.0,"enemies":"Lagavulin","floor":14.0,"turns":6.0},{"damage":10.0,"enemies":"Slime Boss","floor":16.0,"turns":6.0},{"damage":24.0,"enemies":"Chosen","floor":18.0,"turns":4.0},{"damage":36,"enemies":"2 Thieves","floor":20,"turns":4},{"damage":32,"enemies":"Chosen and Byrds","floor":21,"turns":5},{"damage":4,"enemies":"Snecko","floor":22,"turns":5},{"damage":21,"enemies":"Book of Stabbing","floor":23,"turns":2}],"seed_played":"8236318894007824775","potions_obtained":[{"floor":4.0,"key":"BlessingOfTheForge"},{"floor":11.0,"key":"HeartOfIron"},{"floor":14.0,"key":"LiquidMemories"},{"floor":16.0,"key":"LiquidBronze"},{"floor":21,"key":"Fire Potion"},{"floor":22,"key":"SneckoOil"}],"is_trial":false,"path_per_floor":["M","?","?","M","M","R","$","M","T","R","E","R","M","E","R","B",null,"M","$","M","M","M","E"],"character_chosen":"IRONCLAD","items_purchased":["Orrery"],"campfire_rested":0,"item_purchase_floors":[19],"current_hp_per_floor":[81,81,86,85,90,90,90,89,89,89,59,59,63,47,47,68,88,70,70,40,14,16,0,0],"gold":86,"neow_bonus":"ONE_RARE_RELIC","is_daily":false,"chose_seed":false,"campfire_upgraded":4,"win_rate":0.0,"timestamp":1610011098,"path_taken":["M","?","?","M","M","R","?","M","T","R","E","R","M","E","R","BOSS","M","$","M","M","M","E"],"items_purchased_type":["Relic"],"build_version":"2020-12-22","purchased_purges":0,"victory":false,"max_hp_per_floor":[89,89,94,94,94,94,94,94,94,94,94,94,94,94,94,94,94,94,94,94,94,94,94,94],"card_choices":[{"not_picked":["Disarm","Shrug It Off"],"picked":"Twin Strike","floor":1.0},{"not_picked":["Dropkick","Heavy Blade"],"picked":"Inflame","floor":4.0},{"not_picked":["Pommel Strike","Rampage"],"picked":"Hemokinesis","floor":5.0},{"not_picked":["Armaments","Perfected Strike"],"picked":"Power Through","floor":8.0},{"not_picked":["Armaments","Dropkick"],"picked":"Blood for Blood","floor":11.0},{"not_picked":["Iron Wave","Clothesline"],"picked":"Rupture","floor":13.0},{"not_picked":["Carnage","Feel No Pain"],"picked":"Fire Breathing","floor":14.0},{"not_picked":["Immolate","Fiend Fire"],"picked":"Brutality","floor":16.0},{"not_picked":["Thunderclap","True Grit","Wild Strike"],"picked":"SKIP","floor":18},{"not_picked":["Havoc","Battle Trance+1"],"picked":"Evolve","floor":19},{"not_picked":["Perfected Strike","Intimidate"],"picked":"Body Slam+1","floor":19},{"not_picked":["Warcry","Power Through","Wild Strike"],"picked":"SKIP","floor":20},{"not_picked":["Body Slam","Pommel Strike","Clash"],"picked":"SKIP","floor":21},{"not_picked":["Pommel Strike+1","Flex","True Grit"],"picked":"SKIP","floor":22}],"player_experience":1177981,"relics_obtained":[{"floor":9.0,"key":"Pantograph"},{"floor":11.0,"key":"Pocketwatch"},{"floor":14.0,"key":"Art of War"}],"event_choices":[{"damage_healed":0.0,"max_hp_gain":0.0,"max_hp_loss":0.0,"gold_gain":0.0,"cards_transformed":["Strike_R"],"event_name":"Living Wall","player_choice":"Change","floor":2.0,"gold_loss":0.0,"damage_taken":0.0,"cards_obtained":["Thunderclap"]},{"damage_healed":0.0,"max_hp_gain":5.0,"max_hp_loss":0.0,"gold_gain":0.0,"event_name":"Big Fish","player_choice":"Donut","floor":3.0,"gold_loss":0.0,"damage_taken":0.0}],"is_beta":false,"boss_relics":[{"not_picked":["Snecko Eye","SacredBark"],"picked":"Coffee Dripper"}],"items_purged_floors":[],"is_endless":false,"potions_floor_spawned":[4,11,14,16,21,22],"killed_by":"Book of Stabbing","ascension_level":20}}