{"host":"txhhdwa0hqfs4jhb","time":1610056345,"event":{"mods":["AchievementEnabler","BaseMod","Better Third Choice","Filter the Spire","Minty Spire (QoL Compilation)","Relic Stats","StSLib","Thieving Mod"],"gold_per_floor":[114,114,114,129,152,152,177,177,177,187,215,229,1,12,12,107,107,119,19,30,46,46,79,39,39,39,39,39,65,75,0,0,95,95,113,113,125,125,125],"floor_reached":38,"playtime":1916,"items_purged":["Strike_G","Strike_G"],"score":675,"play_id":"29f3ec2d-b568-4bce-96b4-f4b6f285be8b","local_time":"20210107215225","is_ascension_mode":true,"campfire_choices":[{"data":"Poisoned Stab","floor":6.0,"key":"SMITH"},{"data":"Crippling Poison","floor":8.0,"key":"SMITH"},{"data":"Sadistic Nature","floor":15.0,"key":"SMITH"},{"data":"Venomology","floor":25.0,"key":"SMITH"},{"data":"Footwork","floor":27.0,"key":"SMITH"},{"data":"1","floor":32.0,"key":"LIFT"}],"circlet_count":0,"master_deck":["AscendersBane","Defend_G","Defend_G","Defend_G","Survivor+1","Neutralize","Slice+1","Catalyst+1","Skewer","Disarm+1","Poisoned Stab+1","Crippling Poison+1","Poisoned Stab","Dodge and Roll","Sadistic Nature+1","Well Laid Plans","Venomology+1","Die Die Die","PiercingWail","Master of Strategy","Poisoned Stab","Footwork+1","Cloak And Dagger+1","Backstab","Deflect","Shame","Night Terror+1","Footwork+1","Cloak And Dagger","Glass Knife","CurseOfTheBell","Distraction+1","Endless Agony+1"],"relics":["Astrolabe","MealTicket","Blood Vial","Oddly Smooth Stone","Strawberry","Bottled Lightning","Membership Card","Empty Cage","Sundial","Toolbox","Art of War","Tough Bandages","Pantograph","StrikeDummy","OrangePellets","Girya","Calling Bell","War Paint","Toxic Egg 2","Unceasing Top"],"acts_visited":["Exordium","TheCity","TheBeyond"],"potions_floor_usage":[33,33,33,38],"damage_taken":[{"damage":12.0,"enemies":"Jaw Worm","floor":1.0,"turns":4.0},{"damage":0.0,"enemies":"Small Slimes","floor":4.0,"turns":4.0},{"damage":10.0,"enemies":"Gremlin Nob","floor":7.0,"turns":5.0},{"damage":0.0,"enemies":"Cultist","floor":10.0,"turns":3.0},{"damage":27.0,"enemies":"3 Sentries","floor":11.0,"turns":8.0},{"damage":4.0,"enemies":"Red Slaver","floor":12.0,"turns":3.0},{"damage":0.0,"enemies":"Lots of Slimes","floor":14.0,"turns":1.0},{"damage":12.0,"enemies":"The Guardian","floor":16.0,"turns":6.0},{"damage":7.0,"enemies":"2 Thieves","floor":18.0,"turns":2.0},{"damage":4.0,"enemies":"Shell Parasite","floor":20.0,"turns":6.0},{"damage":0.0,"enemies":"3 Cultists","floor":21.0,"turns":2.0},{"damage":7.0,"enemies":"Slavers","floor":23.0,"turns":2.0},{"damage":19.0,"enemies":"Gremlin Leader","floor":29.0,"turns":7.0},{"damage":15.0,"enemies":"Cultist and Chosen","floor":30.0,"turns":6.0},{"damage":75,"enemies":"Automaton","floor":33,"turns":11},{"damage":40,"enemies":"3 Darklings","floor":35,"turns":6},{"damage":15,"enemies":"3 Shapes","floor":37,"turns":4},{"damage":24,"enemies":"Maw","floor":38,"turns":4}],"seed_played":"-3834381329736659619","potions_obtained":[{"floor":7.0,"key":"Dexterity Potion"},{"floor":11.0,"key":"Ancient Potion"},{"floor":21.0,"key":"Block Potion"},{"floor":37,"key":"Poison Potion"}],"is_trial":false,"path_per_floor":["M","?","?","M","T","R","E","R","T","M","E","M","$","M","R","B",null,"M","$","M","M","?","E","?","R","T","R","$","E","M","?","R","B",null,"M","?","M","M"],"character_chosen":"THE_SILENT","items_purchased":["Membership Card","Well Laid Plans","ThievingMod:ThievingPotion"],"campfire_rested":0,"item_purchase_floors":[13,13,19],"current_hp_per_floor":[51,46,51,51,51,51,43,43,50,52,27,25,40,42,42,32,70,65,80,78,80,80,75,75,75,75,75,82,63,50,50,50,2,62,24,24,11,0,0],"gold":125,"neow_bonus":"BOSS_RELIC","is_daily":false,"chose_seed":false,"campfire_upgraded":5,"win_rate":0.0,"timestamp":1610056345,"path_taken":["M","?","?","M","?","R","E","R","T","M","E","?","?","?","R","BOSS","M","$","M","M","?","E","?","R","T","R","$","E","?","?","R","BOSS","M","?","?","M"],"items_purchased_type":["Relic","Card","Potion"],"build_version":"2020-12-22","purchased_purges":2,"victory":false,"max_hp_per_floor":[70,70,75,75,75,75,75,75,82,82,82,82,82,82,82,82,82,82,82,82,82,82,82,82,82,82,82,82,82,82,82,82,82,82,82,82,82,82,82],"relic_stats":{"Blood Vial":30,"OrangePellets":[5],"Tough Bandages":[15],"counters":[18,84],"Sundial":[4],"Astrolabe":["Slice","Catalyst","Setup"],"Pantograph":25,"MealTicket":37,"Art of War":[8],"War Paint":["Survivor","Cloak And Dagger"],"obtain_stats":[{"Girya":29,"Astrolabe":0,"Oddly Smooth Stone":7,"War Paint":34,"Empty Cage":17,"Blood Vial":5,"Calling Bell":34,"OrangePellets":28,"Tough Bandages":22,"Sundial":19,"Strawberry":9,"Pantograph":23,"Toolbox":19,"MealTicket":2,"Art of War":19,"Bottled Lightning":11,"Membership Card":13,"Toxic Egg 2":34,"StrikeDummy":26,"Unceasing Top":34,"Ring of the Snake":0},{"Girya":13,"Astrolabe":0,"Oddly Smooth Stone":3,"War Paint":15,"Empty Cage":8,"Blood Vial":2,"Calling Bell":15,"OrangePellets":12,"Tough Bandages":11,"Sundial":9,"Strawberry":3,"Pantograph":12,"Toolbox":9,"MealTicket":1,"Art of War":9,"Bottled Lightning":5,"Membership Card":6,"Toxic Egg 2":15,"StrikeDummy":12,"Unceasing Top":15,"Ring of the Snake":0},{"Girya":53,"Astrolabe":0,"Oddly Smooth Stone":13,"War Paint":70,"Empty Cage":34,"Blood Vial":8,"Calling Bell":70,"OrangePellets":46,"Tough Bandages":44,"Sundial":36,"Strawberry":13,"Pantograph":46,"Toolbox":36,"MealTicket":4,"Art of War":36,"Bottled Lightning":24,"Membership Card":27,"Toxic Egg 2":70,"StrikeDummy":46,"Unceasing Top":70,"Ring of the Snake":0}],"Unceasing Top":[3]},"card_choices":[{"not_picked":["Dodge and Roll","Riddle With Holes"],"picked":"Skewer","floor":1.0},{"not_picked":["Acrobatics","Flying Knee"],"picked":"Poisoned Stab","floor":4.0},{"not_picked":["Poisoned Stab","Backstab"],"picked":"Crippling Poison","floor":7.0},{"not_picked":["Flying Knee","Dodge and Roll"],"picked":"Poisoned Stab","floor":10.0},{"not_picked":["Predator","Distraction"],"picked":"Dodge and Roll","floor":11.0},{"not_picked":["Sucker Punch","Finisher","Underhanded Strike"],"picked":"SKIP","floor":12.0},{"not_picked":["Prepared","Accuracy"],"picked":"Venomology","floor":14.0},{"not_picked":["Wraith Form v2","A Thousand Cuts"],"picked":"Die Die Die","floor":16.0},{"not_picked":["Outmaneuver","Underhanded Strike"],"picked":"PiercingWail","floor":18.0},{"not_picked":["Acrobatics","Escape Plan"],"picked":"Backstab","floor":20.0},{"not_picked":["Choke+1","Blade Dance"],"picked":"Deflect","floor":21.0},{"not_picked":["Heel Hook","Flechettes"],"picked":"Night Terror","floor":23.0},{"not_picked":["Accuracy","Quick Slash"],"picked":"Cloak And Dagger","floor":29.0},{"not_picked":["Bane","Dagger Throw","Slice"],"picked":"SKIP","floor":30.0},{"not_picked":["Wraith Form v2","Envenom"],"picked":"Glass Knife","floor":33},{"not_picked":["Eviscerate","Slice"],"picked":"Distraction+1","floor":35},{"not_picked":["Dagger Spray","Dagger Throw"],"picked":"Endless Agony+1","floor":37}],"player_experience":218136,"relics_obtained":[{"floor":5.0,"key":"Blood Vial"},{"floor":7.0,"key":"Oddly Smooth Stone"},{"floor":9.0,"key":"Strawberry"},{"floor":11.0,"key":"Bottled Lightning"},{"floor":23.0,"key":"Pantograph"},{"floor":26.0,"key":"StrikeDummy"},{"floor":29.0,"key":"Girya"},{"floor":34,"key":"War Paint"},{"floor":34,"key":"Toxic Egg 2"},{"floor":34,"key":"Unceasing Top"}],"event_choices":[{"damage_healed":0.0,"max_hp_gain":5.0,"max_hp_loss":0.0,"gold_gain":0.0,"event_name":"Big Fish","player_choice":"Donut","floor":3.0,"gold_loss":0.0,"damage_taken":0.0},{"damage_healed":0.0,"max_hp_gain":0.0,"max_hp_loss":0.0,"gold_gain":0.0,"event_name":"Addict","player_choice":"Stole Relic","floor":22.0,"gold_loss":0.0,"damage_taken":0.0,"relics_obtained":["Tough Bandages"],"cards_obtained":["Shame"]},{"damage_healed":0.0,"max_hp_gain":0.0,"max_hp_loss":0.0,"gold_gain":0.0,"event_name":"Designer","player_choice":"Upgrade","floor":24.0,"gold_loss":40.0,"damage_taken":0.0,"cards_upgraded":["Night Terror"]},{"cards_removed":["Setup"],"damage_healed":0.0,"max_hp_gain":0.0,"max_hp_loss":0.0,"gold_gain":0.0,"event_name":"Beggar","player_choice":"Gave Gold","floor":31.0,"gold_loss":75.0,"damage_taken":0.0},{"damage_healed":0,"gold_gain":0,"player_choice":"Upgraded","damage_taken":0,"max_hp_gain":0,"max_hp_loss":0,"event_name":"Upgrade Shrine","floor":36,"gold_loss":0,"cards_upgraded":["Footwork"]}],"is_beta":false,"boss_relics":[{"not_picked":["Black Star","Tiny House"],"picked":"Empty Cage"},{"not_picked":["Fusion Hammer","Velvet Choker"],"picked":"Calling Bell"}],"items_purged_floors":[13,19],"is_endless":false,"potions_floor_spawned":[7,11,21,30,37],"killed_by":"Maw","ascension_level":12}}