{"host":"28wx1s78lfgm5n5a","time":1610009103,"event":{"mods":["BaseMod","Energized Spire","Gold Saver","Highlight Path","Minty Spire (QoL Compilation)","Replay The Spire","StSLib","TestMod","Waifu the Spire","¡¾ÒÅÎï¿¨ÅÆ¡¿REMEMod"],"gold_per_floor":[725,4490,4490,4507,4525,4557,4573,4598,4677,4677,4706,4719,4739,4772,4772,4877,4877,4897,4180,4180,4279,4296,4324,4324,4353,4379,4379,3862,3879,3897,3909,3909,4011,4011,4025,4044,4044,4062,4077,4077,4109,4109,4109,4109,4140,3547,3547,3547,3547,3547,3547,3547,3145,3179,2228],"floor_reached":56,"playtime":1774,"items_purged":["Strike_G","Strike_G","Defend_G","Expertise"],"score":1985,"play_id":"d14de0c2-c0b2-4b85-8f09-5dbd12a367e8","local_time":"20210107164503","is_ascension_mode":true,"campfire_choices":[{"data":"Hidden Blade","floor":15.0,"key":"SMITH"},{"floor":24.0,"key":"RECALL"},{"data":"Prepared","floor":27,"key":"SMITH"},{"data":"Purity","floor":32,"key":"SMITH"},{"data":"Acrobatics","floor":40,"key":"SMITH"},{"data":"Prepared","floor":42,"key":"SMITH"},{"data":"REME_FirmDetermination","floor":49,"key":"SMITH"},{"data":"Acrobatics","floor":52,"key":"SMITH"}],"circlet_count":0,"master_deck":["Defend_G","Defend_G","Survivor+1","Neutralize","Grand Finale","Purity+1","Hidden Blade+1","Terror+1","Prepared+1","Reflex+1","ReplayTheSpireMod:Private Reserves","REME_FirmDetermination+1","Grand Finale","Prepared+1","Acrobatics+1","Acrobatics+1","Calculated Gamble"],"relics":["Ring of the Snake","testmod-TestBox","REME_ComplimentaryCards","testmod-Prudence","Pen Nib","MealTicket","HandDrill","Ornamental Fan","Ice Cream","Art of War","Replay:Accelerometer","REME_ChargedStone","White Beast Statue","InkBottle","ReplayTheSpireMod:ShopPack","Gremlin Food","testmod-LifeArmor","War Paint","ReplayTheSpireMod:TigerMarble","Snake Skull","Empty Cage","Ancient Tea Set","Du-Vu Doll","testmod-Antiphasic","testmod-Charity","testmod-BlackFramedGlasses","REME_OnlineShoppingPlatform","REME_HourglassOfDeath"],"acts_visited":["Exordium","TheCity","TheBeyond","TheEnding"],"potions_floor_usage":[25,55,55,55,55,55,55,55,55,55,55,55,55,55,55,55,55,55,55,55,55,55,55,55,55,55,55,55,55,55,55,55,55,55,55,55,55,55,55,55,55,55,55,55,55,55,55,55,55,55],"damage_taken":[{"damage":1.0,"enemies":"Jaw Worm","floor":1.0,"turns":2.0},{"damage":0.0,"enemies":"Cultist","floor":4.0,"turns":1.0},{"damage":0.0,"enemies":"Small Slimes","floor":5.0,"turns":1.0},{"damage":2.0,"enemies":"Lagavulin","floor":6.0,"turns":3.0},{"damage":0.0,"enemies":"2 Fungi Beasts","floor":7.0,"turns":2.0},{"damage":0.0,"enemies":"Gremlin Nob","floor":8.0,"turns":2.0},{"damage":0.0,"enemies":"Replay:BlueRogue","floor":11.0,"turns":1.0},{"damage":0.0,"enemies":"Red Slaver","floor":12.0,"turns":2.0},{"damage":0.0,"enemies":"Large Slime","floor":13.0,"turns":2.0},{"damage":0.0,"enemies":"3 Sentries","floor":14.0,"turns":1.0},{"damage":1.0,"enemies":"The Guardian","floor":16.0,"turns":2.0},{"damage":4.0,"enemies":"Chosen","floor":18.0,"turns":2.0},{"damage":0.0,"enemies":"3 Byrds","floor":22.0,"turns":2.0},{"damage":0.0,"enemies":"Gremlin Leader","floor":23.0,"turns":1.0},{"damage":0,"enemies":"Book of Stabbing","floor":25,"turns":2},{"damage":0,"enemies":"Sentry and Sphere","floor":29,"turns":1},{"damage":0,"enemies":"Cultist and Chosen","floor":30,"turns":1},{"damage":0,"enemies":"Centurion and Healer","floor":31,"turns":1},{"damage":0,"enemies":"Automaton","floor":33,"turns":3},{"damage":0,"enemies":"3 Shapes","floor":35,"turns":1},{"damage":0,"enemies":"3 Darklings","floor":36,"turns":1},{"damage":0,"enemies":"Maw","floor":38,"turns":1},{"damage":0,"enemies":"Transient","floor":39,"turns":1},{"damage":0,"enemies":"R_Hoarder","floor":41,"turns":1},{"damage":0,"enemies":"Reptomancer","floor":45,"turns":1},{"damage":0,"enemies":"Awakened One","floor":50,"turns":2},{"damage":0,"enemies":"Shield and Spear","floor":54,"turns":1},{"damage":3,"enemies":"The Heart","floor":55,"turns":3}],"seed_played":"6340388177218804945","potions_obtained":[{"floor":1.0,"key":"GamblersBrew"},{"floor":7.0,"key":"Fire Potion"},{"floor":8.0,"key":"Strength Potion"},{"floor":22.0,"key":"DuplicationPotion"},{"floor":23.0,"key":"Fruit Juice"},{"floor":25,"key":"testmod-SpacePotion"}],"is_trial":false,"path_per_floor":["M","$","?","M","M","E","M","E","T","?","E","M","M","E","R","B",null,"M","$","?","?","M","E","R","E","T","R","$","M","M","M","R","B",null,"M","M","?","M","M","R","E","R","T","?","E","$","?","?","R","B",null,"R","$","E","B",null],"character_chosen":"THE_SILENT","items_purchased":["Pen Nib","MealTicket","HandDrill","Block Potion","LifebloodPotion","White Beast Statue","InkBottle","ReplayTheSpireMod:ShopPack","ReplayTheSpireMod:TigerMarble","Snake Skull","PowerPotion","Dexterity Potion","testmod-Charity","testmod-BlackFramedGlasses","REME_OnlineShoppingPlatform","REME_HourglassOfDeath"],"campfire_rested":0,"item_purchase_floors":[2,2,2,2,2,19,19,19,28,28,28,28,46,46,53,53],"current_hp_per_floor":[69,69,69,69,69,67,67,67,67,67,67,67,67,67,67,66,70,66,70,70,70,70,75,75,75,75,75,75,75,75,75,75,75,75,75,75,75,75,75,75,75,75,75,75,75,75,75,75,75,75,75,75,75,76,86],"gold":2228,"neow_bonus":"REMOVE_CARD","is_daily":false,"chose_seed":false,"campfire_upgraded":7,"win_rate":0.0,"timestamp":1610009103,"path_taken":["M","$","?","M","?","E","M","E","T","?","E","M","?","E","R","BOSS","M","$","?","?","M","E","R","E","T","R","$","M","M","M","R","BOSS","M","M","?","?","M","R","E","R","T","?","E","$","?","?","R","BOSS","R","$","E","BOSS"],"items_purchased_type":["Relic","Relic","Relic","Potion","Potion","Relic","Relic","Relic","Relic","Relic","Potion","Potion","Relic","Relic","Relic","Relic"],"build_version":"2020-12-22","purchased_purges":4,"victory":true,"max_hp_per_floor":[70,70,70,70,70,70,70,70,70,70,70,70,70,70,70,70,70,70,70,70,70,70,75,75,75,75,75,75,75,75,75,75,75,75,75,75,75,75,75,75,75,75,75,75,75,75,75,75,75,75,75,75,75,76,87],"card_choices":[{"not_picked":["Masterful Stab","Sneak Up","Poisoned Stab"],"picked":"SKIP","floor":1.0},{"not_picked":["Blade Dance","Sucker Punch"],"picked":"Expertise","floor":4.0},{"not_picked":["Blade Dance","Replay:Poison Smokescreen","ReplayTheSpireMod:Scrap Shanks"],"picked":"SKIP","floor":5.0},{"not_picked":["Dodge and Roll","Caltrops"],"picked":"Hidden Blade","floor":6.0},{"not_picked":["ReplayTheSpireMod:Exploit Weakness","Endless Agony","Flying Knee"],"picked":"SKIP","floor":7.0},{"not_picked":["Crippling Poison","Sucker Punch","Slice"],"picked":"SKIP","floor":8.0},{"not_picked":["Replay:Poison Smokescreen","Dash"],"picked":"Terror","floor":11.0},{"not_picked":["Escape Plan","Riddle With Holes"],"picked":"Prepared","floor":12.0},{"not_picked":["Flying Knee","Slice"],"picked":"Reflex","floor":13.0},{"not_picked":["REME_ShadowStrike","ReplayTheSpireMod:The Works","ReplayTheSpireMod:Tripwire"],"picked":"SKIP","floor":14.0},{"not_picked":["Bane","Predator","PiercingWail"],"picked":"SKIP","floor":18.0},{"not_picked":["testmod-PocketStoneCalender","ReplayTheSpireMod:Necrogeddon"],"picked":"ReplayTheSpireMod:Private Reserves","floor":19.0},{"not_picked":["testmod-LifeRuler","Bandage Up"],"picked":"REME_FirmDetermination","floor":19.0},{"not_picked":["Setup","Blade Dance"],"picked":"Grand Finale","floor":22.0},{"not_picked":["Sucker Punch+1","Draining Mist","Toxin Wave+1"],"picked":"SKIP","floor":23.0},{"not_picked":["Noxious Fumes","Blade Dance","ReplayTheSpireMod:Exploit Weakness"],"picked":"SKIP","floor":25},{"not_picked":["ReplayTheSpireMod:The Works","PiercingWail"],"picked":"Prepared","floor":29},{"not_picked":["Deflect","Outmaneuver","Bane"],"picked":"SKIP","floor":30},{"not_picked":["Flying Knee+1","Expertise+1","Bouncing Flask"],"picked":"SKIP","floor":31},{"not_picked":["Leg Sweep","Flying Knee+1","Underhanded Strike"],"picked":"SKIP","floor":35},{"not_picked":["PiercingWail","Poisoned Stab+1","Dodge and Roll"],"picked":"SKIP","floor":36},{"not_picked":["Dagger Throw","Infinite Blades+1"],"picked":"Acrobatics","floor":38},{"not_picked":["ReplayTheSpireMod:Scrap Shanks","Endless Agony","Flying Knee"],"picked":"SKIP","floor":39},{"not_picked":["A Thousand Cuts","Toxin Wave+1","Dash"],"picked":"SKIP","floor":41},{"not_picked":["Riddle With Holes","Deadly Poison"],"picked":"Acrobatics","floor":45},{"not_picked":["Deflect+1","Backflip"],"picked":"Calculated Gamble","floor":54}],"player_experience":116853,"relics_obtained":[{"floor":6.0,"key":"Ornamental Fan"},{"floor":8.0,"key":"Ice Cream"},{"floor":11.0,"key":"Art of War"},{"floor":14.0,"key":"Replay:Accelerometer"},{"floor":23.0,"key":"Gremlin Food"},{"floor":25,"key":"testmod-LifeArmor"},{"floor":26,"key":"War Paint"},{"floor":41,"key":"Ancient Tea Set"},{"floor":43,"key":"Du-Vu Doll"},{"floor":45,"key":"testmod-Antiphasic"}],"event_choices":[{"damage_healed":0.0,"max_hp_gain":0.0,"max_hp_loss":0.0,"gold_gain":0.0,"event_name":"Match and Keep!","player_choice":"1 cards matched","floor":3.0,"gold_loss":0.0,"damage_taken":0.0,"cards_obtained":["Purity"]},{"cards_removed":["Strike_G"],"damage_healed":0.0,"max_hp_gain":0.0,"max_hp_loss":0.0,"gold_gain":0.0,"event_name":"Bonfire Elementals","player_choice":"Offered Basic","floor":10.0,"gold_loss":0.0,"damage_taken":0.0},{"cards_removed":["Strike_G"],"damage_healed":0.0,"max_hp_gain":0.0,"max_hp_loss":0.0,"gold_gain":0.0,"event_name":"Back to Basics","player_choice":"Elegance","floor":20.0,"gold_loss":0.0,"damage_taken":0.0},{"damage_healed":0.0,"max_hp_gain":0.0,"max_hp_loss":0.0,"gold_gain":99.0,"event_name":"Nest","player_choice":"Stole From Cult","floor":21.0,"gold_loss":0.0,"damage_taken":0.0},{"damage_healed":0,"gold_gain":0,"player_choice":"Upgraded","damage_taken":0,"max_hp_gain":0,"max_hp_loss":0,"event_name":"Upgrade Shrine","floor":37,"gold_loss":0,"cards_upgraded":["Reflex"]},{"damage_healed":0,"gold_gain":0,"player_choice":"Ignored","damage_taken":0,"max_hp_gain":0,"max_hp_loss":0,"event_name":"Tomb of Lord Red Mask","floor":44,"gold_loss":0},{"damage_healed":0,"gold_gain":0,"player_choice":"Memory 1","damage_taken":0,"max_hp_gain":0,"max_hp_loss":0,"event_name":"SensoryStone","floor":47,"gold_loss":0}],"is_beta":false,"boss_relics":[{"not_picked":["Sozu","Honey Jar"],"picked":"REME_ChargedStone"},{"not_picked":["testmod-KeyOfTheVoid","testmod-BatchProcessingSystem"],"picked":"Empty Cage"}],"items_purged_floors":[2,19,28,46],"is_endless":false,"potions_floor_spawned":[1,5,7,8,11,18,22,23,25,29,30,31,33,35,36,38,39,41,45,54],"ascension_level":3}}