{"host":"w5vfr18i2ft1pzo2","time":1610030425,"event":{"mods":["Act Like it!","Aspiration","BaseMod","Better Third Choice","BetterRewards","Colored Map","Colored Powertips","Conspire","Curses Come First","DNKmod","Defuse TimeMaze Blight","Dota2Spire","Elementarium","Energized Spire","Evolution","Force Act Four","Friendly Minions","Gensokyo","GifTheSpireLib","Gold Saver","GungeonMod","Halation","Hallownest","Hubris","Hyrulean Relics","Infinite Spire","Jedi Mod","Marisa????????","Minty Spire (QoL Compilation)","MostiFishMod","Prisma Mod","Remilia??????","Replay The Spire","SacredBarkPlus","Small Relic Pack","Spicy Shops","Spikes Relics","StSLib","Stuff the Spire","SuperFastMode","Synergy Search","The Blue Laboratory","The Servant 0.9.4","Trackpad","Treasure Hunter","Uncapped","Wandering Minibosses","Yakumo Yukari mod","noobMod","vexMod","??????REMEMod"],"gold_per_floor":[3206,3206,3206,3235,3249,3282,2381,2414,2414,2428,2458,2473,2487,2487,2487,2618,2618,2631,2693,2693,2693,2476,2476,2631,3077,3077,3077,3479,2577,2735,2871,2871,3144,3144,3383,3383,3433,3447,3206,3206,3359,3359,3441,3455,3365,3503,3532,3598,3598,3899,3899,3899,3336,3363,3539],"floor_reached":56,"playtime":3266,"items_purged":["Defend_P","Strike_P","Defend_P","Strike_P"],"score":2393,"play_id":"7ef910a2-6e04-4d3c-bf0f-394fc7b6e0ba","local_time":"20210107224025","is_ascension_mode":true,"campfire_choices":[{"floor":15,"key":"RECALL"},{"data":"MostiFishMod:CyberBuddha","floor":23,"key":"SMITH"},{"floor":32,"key":"DIG"},{"data":"MostiFishMod:StarLaLaLa","floor":40,"key":"SMITH"},{"data":"Strike_P","floor":49,"key":"PURGE"},{"data":"Vault","floor":52,"key":"SMITH"}],"circlet_count":0,"master_deck":["AscendersBane","Strike_P","Defend_P","Vigilance","Invigoration","Sanctity","FollowUp","TH:DeckOfManyThings","Swivel","Secret Weapon","SashWhip","Devotion","TH:BikiniMail","Vault+1","TH:CursedSword","Establishment","TH:CursedSword","MostiFishMod:CyberBuddha+1","LikeWater","MostiFishMod:Nomercy","CutThroughFate","Consecrate","TH:BikiniMail","MostiFishMod:StarLaLaLa+1","Adaptation","MostiFishMod:Speedup+1","SandsOfTime","hubris:Fate","Gensokyo:Kunekune","TH:DeckOfManyThings","MostiFishMod:Speedup+1","MostiFishMod:Unraveling","TH:CopperCoins","TH:DeckOfManyThings","MostiFishMod:Nomercy","MostiFishMod:PerfectForm","Flash of Steel","MostiFishMod:Adaptation","TH:DeckOfManyThings","ReachHeaven","LikeWater","JustLucky","TH:DeckOfManyThings","Blasphemy","LikeWater+1","TalkToTheHand","Gensokyo:GreaterSplit","Gensokyo:LifeSpringInfinity+1","MostiFishMod:Speedup+1","Establishment","Gensokyo:Taser","TH:CursedSword","Tantrum","MostiFishMod:DisColor","TH:DeckOfManyThings","MostiFishMod:PathToVictory","Wireheading+1","Gensokyo:CustomPotion","Wallop","FlyingSleeves","TH:CursedSword","ForeignInfluence","Consecrate","CutThroughFate","InnerPeace","TH:DeckOfManyThings+1","REME_Repentance"],"relics":["PureWater","EVO:Axolotl","DaveBox","ice","REME_ComplimentaryCards","SynthV:TestCard","Brimstone","relicPack:OneForAll","Happy Flower","DianDianMeat","Gambling Chip","jedi:fakemustache","hubris:PeanutButter","Prayer Wheel","hubris:64BitClover","relicPack:DSword","relicPack:KazumaCape","MetatronsCube","DemoMod:ClearGuonStone","GiantMaggot","halation:EternalFortune","Matryoshka","Question Card","ReplayFunnel","wanderingMiniBosses:CarrionFlame","StuffTheSpire:Experiment12","Replay:Bottled Flurry","Cauldron","DemoMod:GundromedaStrain","infinitespire:EmpoweringShard","Boot","hubris:ToyBattleship","Toolbox","hubris:EmptyBottle","Golden Egg"],"acts_visited":["Gensokyo:Gensokyo","Gensokyo:Gensokyoer","Gensokyo:Gensokyoest","TheEnding"],"potions_floor_usage":[16,31,33,33,33,33,33,33,35,35,37,39,41,50,50,55,55,55,55],"damage_taken":[{"damage":0,"enemies":"Gensokyo:3_Fairies","floor":1,"turns":4},{"damage":12,"enemies":"Gensokyo:2_Kodama","floor":5,"turns":6},{"damage":4,"enemies":"Gensokyo:Mamizou","floor":6,"turns":7},{"damage":3,"enemies":"Gensokyo:Cirno","floor":8,"turns":6},{"damage":0,"enemies":"Gensokyo:Gryphon","floor":10,"turns":1},{"damage":6,"enemies":"Gensokyo:Mamizou","floor":11,"turns":7},{"damage":0,"enemies":"Gensokyo:LivingMonolith","floor":12,"turns":3},{"damage":70,"enemies":"Gensokyo:2_Rabbits","floor":13,"turns":7},{"damage":17,"enemies":"Gensokyo:Kokoro","floor":16,"turns":7},{"damage":0,"enemies":"Gensokyo:AngelMirror","floor":18,"turns":3},{"damage":0,"enemies":"Gensokyo:2_Gloops","floor":19,"turns":4},{"damage":0,"enemies":"Gensokyo:Reisen","floor":24,"turns":2},{"damage":0,"enemies":"Gensokyo:Wraith","floor":25,"turns":3},{"damage":0,"enemies":"Gensokyo:Tenshi","floor":28,"turns":2},{"damage":0,"enemies":"Gensokyo:Reisen","floor":30,"turns":4},{"damage":0,"enemies":"Gensokyo:3_Gloops","floor":31,"turns":6},{"damage":0,"enemies":"Gensokyo:Eternal_Rivals","floor":33,"turns":5},{"damage":0,"enemies":"Gensokyo:AncientGuardian","floor":35,"turns":4},{"damage":0,"enemies":"Gensokyo:AncientGuardian","floor":37,"turns":6},{"damage":0,"enemies":"Gensokyo:3_Bats","floor":38,"turns":1},{"damage":0,"enemies":"Nightmare","floor":41,"turns":4},{"damage":0,"enemies":"Gensokyo:AtlasGolem","floor":44,"turns":1},{"damage":0,"enemies":"Gensokyo:Rafflesia","floor":46,"turns":2},{"damage":0,"enemies":"Gensokyo:Marisa","floor":47,"turns":3},{"damage":0,"enemies":"Gensokyo:SeedOfUnknown","floor":48,"turns":1},{"damage":25,"enemies":"Gensokyo:Scarlet_Devils","floor":50,"turns":6},{"damage":0,"enemies":"Shield and Spear","floor":54,"turns":2},{"damage":36,"enemies":"The Heart","floor":55,"turns":6}],"seed_played":"3067803518252065568","potions_obtained":[{"floor":5,"key":"Swift Potion"},{"floor":11,"key":"REME_GoldPotion"},{"floor":16,"key":"Energy Potion"},{"floor":33,"key":"SkillPotion"},{"floor":39,"key":"LiquidMemories"},{"floor":39,"key":"DemoMod:BlankPotion"},{"floor":39,"key":"Fruit Juice"},{"floor":39,"key":"GamblersBrew"},{"floor":39,"key":"blueLaboratory:FruitPreserves"},{"floor":44,"key":"Regen Potion"},{"floor":47,"key":"DuplicationPotion"},{"floor":54,"key":"PowerPotion"}],"is_trial":false,"path_per_floor":["M","?","?","?","M","E","$","E","T","M","E","M","M","?","R_BF","B",null,"M","M","AVR","?","COS","R","E","M","T","?","E","$","E","M","R_BF","B",null,"M","?","?","M","COS","R","NM","?","T","M","?","M","E","M","R_BF","B",null,"R","$","E","B",null],"character_chosen":"WATCHER","items_purchased":["jedi:fakemustache","hubris:PeanutButter","Secret Weapon","SashWhip","Devotion","MostiFishMod:PerfectForm","Flash of Steel","MostiFishMod:Adaptation","Question Card","CutThroughFate","InnerPeace","Toolbox","hubris:EmptyBottle"],"campfire_rested":0,"item_purchase_floors":[7,7,7,7,7,29,29,29,29,53,53,53,53],"current_hp_per_floor":[65,65,65,66,56,59,100,114,124,135,154,183,146,111,111,131,229,249,292,315,338,389,389,444,473,503,506,569,671,744,821,821,902,902,987,1076,1122,1217,1321,1321,1424,1477,1531,1642,1699,1816,1876,1999,1999,1976,1995,1995,2128,2259,2223],"gold":3539,"neow_bonus":"REMOVE_CARD","is_daily":false,"chose_seed":false,"campfire_upgraded":3,"win_rate":0.0,"timestamp":1610030425,"path_taken":["M","?","?","?","?","E","?","E","T","M","E","?","M","?","R_BF","BOSS","M","M","AVR","?","COS","R","E","M","T","?","E","?","E","M","R_BF","BOSS","M","?","?","M","COS","R","NM","?","T","M","?","M","E","M","R_BF","BOSS","R","$","E","BOSS"],"items_purchased_type":["Relic","Relic","Card","Card","Card","Card","Card","Card","Relic","Card","Card","Relic","Relic"],"build_version":"2020-12-22","purchased_purges":4,"victory":true,"max_hp_per_floor":[72,72,72,73,75,82,100,117,127,138,163,192,225,225,225,262,262,282,325,348,338,389,389,444,473,503,506,569,671,744,821,821,902,902,987,1076,1122,1217,1321,1321,1424,1477,1531,1642,1699,1816,1876,1999,1999,2001,2001,2001,2128,2259,2259],"card_choices":[{"not_picked":["Evaluate","EmptyBody","Prostrate"],"picked":"SKIP","floor":1},{"not_picked":["Evaluate","EmptyBody","Prostrate"],"picked":"SKIP","floor":1},{"not_picked":["Evaluate","EmptyBody","Prostrate"],"picked":"SKIP","floor":1},{"not_picked":["PathToVictory","Wallop","FlurryOfBlows","Crescendo"],"picked":"Sanctity","floor":4},{"not_picked":["FlyingSleeves","Swivel","Evaluate","EmptyBody"],"picked":"FollowUp","floor":5},{"not_picked":["TH:ArmorSpikes","TH:PixieDust","TH:BikiniMail"],"picked":"TH:DeckOfManyThings","floor":6},{"not_picked":["Protect","Perseverance","WreathOfFlame","FollowUp"],"picked":"Swivel","floor":6},{"not_picked":["TH:TreasureMap","TH:PixieDust","TH:Mimic"],"picked":"TH:BikiniMail","floor":8},{"not_picked":["CutThroughFate","SignatureMove","JustLucky","MostiFishMod:FlowState"],"picked":"Vault","floor":8},{"not_picked":["TH:ElvenBoots","TH:PixieDust","TH:CopperCoins"],"picked":"TH:CursedSword","floor":9},{"not_picked":["EmptyMind","Perseverance","CrushJoints","Halt"],"picked":"Establishment","floor":10},{"not_picked":["Replay:Battleflow","EmptyBody","Collect","Evaluate","CrushJoints"],"picked":"SKIP","floor":10},{"not_picked":["TH:Mimic","TH:ArmorSpikes","TH:BikiniMail"],"picked":"TH:CursedSword","floor":11},{"not_picked":["FollowUp","MentalFortress","MostiFishMod:OutWit","EmptyFist"],"picked":"MostiFishMod:CyberBuddha","floor":11},{"not_picked":["PathToVictory","EmptyBody","ReachHeaven","Tantrum"],"picked":"LikeWater","floor":12},{"not_picked":["Evaluate","ThirdEye","WaveOfTheHand","CrushJoints"],"picked":"MostiFishMod:Nomercy","floor":12},{"not_picked":["BowlingBash","SashWhip","Crescendo","Replay:Vibes"],"picked":"CutThroughFate","floor":13},{"not_picked":["ConjureBlade","REME_Repentance","Protect","FollowUp"],"picked":"Consecrate","floor":13},{"not_picked":["TH:TreasureMap","TH:PixieDust","TH:Mimic"],"picked":"TH:BikiniMail","floor":16},{"not_picked":["Replay:LoomingThreat","MostiFishMod:StarOceanP","Wish","MostiFishMod:Moonprays"],"picked":"MostiFishMod:StarLaLaLa","floor":16},{"not_picked":["ClearTheMind","Replay:Battleflow","Replay:ManipulateFuture","Halt"],"picked":"Adaptation","floor":18},{"not_picked":["ThirdEye","Meditate","EmptyBody","CrushJoints","Evaluate"],"picked":"SKIP","floor":18},{"not_picked":["Adaptation","Evaluate","CarveReality","CrushJoints"],"picked":"MostiFishMod:Speedup+1","floor":19},{"not_picked":["ThirdEye","CrushJoints","REME_EmptyShield","Sanctity+1"],"picked":"SandsOfTime","floor":19},{"not_picked":["Gensokyo:LochNessMonster","Gensokyo:TurboGranny","Gensokyo:MonkeysPaw","Gensokyo:MissMary"],"picked":"Gensokyo:Kunekune","floor":21},{"not_picked":["TH:BikiniMail","TH:Mimic","TH:TreasureMap"],"picked":"TH:DeckOfManyThings","floor":24},{"not_picked":["WindmillStrike","EmptyBody","Replay:BluntJabs","BattleHymn"],"picked":"MostiFishMod:Speedup+1","floor":24},{"not_picked":["Consecrate","JustLucky","Replay:DivineShield","TalkToTheHand"],"picked":"MostiFishMod:Unraveling","floor":25},{"not_picked":["Replay:ManipulateFuture","Replay:Anticipation","FlurryOfBlows","Halt","Replay:BluntJabs"],"picked":"SKIP","floor":25},{"not_picked":["TH:Mimic","TH:EnergyPotion","TH:ElvenBoots"],"picked":"TH:CopperCoins","floor":26},{"not_picked":["TH:BikiniMail","TH:ElvenBoots","TH:ArmorSpikes"],"picked":"TH:DeckOfManyThings","floor":28},{"not_picked":["ThirdEye","FearNoEvil","Crescendo+1","ClearTheMind"],"picked":"MostiFishMod:Nomercy","floor":28},{"not_picked":["TH:CursedSword","TH:EnergyPotion","TH:ArmorSpikes","TH:ElvenBoots"],"picked":"TH:DeckOfManyThings","floor":30},{"not_picked":["REME_Repentance","WaveOfTheHand","ClearTheMind","Replay:Vibes","Pray"],"picked":"ReachHeaven","floor":30},{"not_picked":["CrushJoints","Evaluate","BowlingBash","EmptyFist","MostiFishMod:CyberBuddha"],"picked":"LikeWater","floor":31},{"not_picked":["Replay:AtTheReady","PathToVictory","Prostrate","Replay:ManipulateFuture","EmptyBody"],"picked":"JustLucky","floor":31},{"not_picked":["TH:BikiniMail","TH:ElvenBoots","TH:Mimic","TH:CursedSword"],"picked":"TH:DeckOfManyThings","floor":33},{"not_picked":["MostiFishMod:Unraveling","Vault","Scrawl","MostiFishMod:Pointsdynamics","MostiFishMod:Moonprays"],"picked":"Blasphemy","floor":33},{"not_picked":["Replay:Vibes","Replay:AtTheReady","Crescendo+1","Prostrate","Halt"],"picked":"LikeWater+1","floor":35},{"not_picked":["Halt","Nirvana","Vengeance","ClearTheMind","FollowUp"],"picked":"TalkToTheHand","floor":35},{"not_picked":["Gensokyo:Dawn+1","Gensokyo:MorningStar+1"],"picked":"Gensokyo:LifeSpringInfinity+1","floor":37},{"not_picked":["Replay:BluntJabs","WaveOfTheHand","FollowUp+1","SandsOfTime","ClearTheMind"],"picked":"MostiFishMod:Speedup+1","floor":38},{"not_picked":["ClearTheMind","Replay:DivineShield","FollowUp","Perseverance","Replay:ManipulateFuture"],"picked":"Establishment","floor":38},{"not_picked":["TH:Mimic","TH:CopperCoins","TH:TreasureMap","TH:PixieDust"],"picked":"TH:CursedSword","floor":41},{"not_picked":["Prostrate+1","WindmillStrike","BowlingBash","FlyingSleeves","JustLucky"],"picked":"Tantrum","floor":41},{"not_picked":["TH:ElvenBoots","TH:CopperCoins","TH:TreasureMap","TH:Mimic"],"picked":"TH:DeckOfManyThings","floor":43},{"not_picked":["PathToVictory","SashWhip","MostiFishMod:CyberBuddha","BowlingBash","ThirdEye"],"picked":"MostiFishMod:PathToVictory","floor":44},{"not_picked":["Pray","Indignation","Evaluate","TalkToTheHand","Weave"],"picked":"Wireheading+1","floor":44},{"not_picked":["ThirdEye","FollowUp","WreathOfFlame+1","BowlingBash+1","EmptyFist+1"],"picked":"Wallop","floor":46},{"not_picked":["Crescendo+1","Fasting2","Protect+1","SashWhip","ClearTheMind"],"picked":"FlyingSleeves","floor":46},{"not_picked":["TH:BikiniMail","TH:PixieDust","TH:CopperCoins","TH:ArmorSpikes"],"picked":"TH:CursedSword","floor":47},{"not_picked":["PathToVictory","Collect","WaveOfTheHand","FollowUp","WindmillStrike+1","Halt"],"picked":"SKIP","floor":47},{"not_picked":["Evaluate+1","MostiFishMod:Clarity","FollowUp","SignatureMove","Replay:BluntJabs"],"picked":"ForeignInfluence","floor":48},{"not_picked":["FearNoEvil+1","BowlingBash+1","CarveReality+1","Evaluate","PathToVictory"],"picked":"Consecrate","floor":48},{"not_picked":["TH:BikiniMail","TH:ElvenBoots","TH:EnergyPotion","TH:CopperCoins"],"picked":"TH:DeckOfManyThings","floor":54},{"not_picked":["MostiFishMod:FlowState","Evaluate","Conclude","Consecrate","FlurryOfBlows"],"picked":"REME_Repentance","floor":54}],"player_experience":239288,"relics_obtained":[{"floor":1,"key":"SynthV:TestCard"},{"floor":4,"key":"DianDianMeat"},{"floor":6,"key":"Gambling Chip"},{"floor":8,"key":"Prayer Wheel"},{"floor":11,"key":"hubris:64BitClover"},{"floor":24,"key":"DemoMod:ClearGuonStone"},{"floor":26,"key":"GiantMaggot"},{"floor":28,"key":"Matryoshka"},{"floor":30,"key":"ReplayFunnel"},{"floor":31,"key":"wanderingMiniBosses:CarrionFlame"},{"floor":31,"key":"StuffTheSpire:Experiment12"},{"floor":32,"key":"Replay:Bottled Flurry"},{"floor":41,"key":"DemoMod:GundromedaStrain"},{"floor":43,"key":"infinitespire:EmpoweringShard"},{"floor":43,"key":"Boot"},{"floor":47,"key":"hubris:ToyBattleship"},{"floor":54,"key":"Golden Egg"}],"event_choices":[],"is_beta":false,"boss_relics":[{"not_picked":["vexMod:EndlessSickness","HereWithMe"],"picked":"relicPack:KazumaCape"},{"not_picked":["hubris:BlackHole","Kintsugi","energizedSpire:EnergizedDie"]}],"items_purged_floors":[7,29,29,53],"is_endless":false,"potions_floor_spawned":[5,6,8,11,16,28,30,33,44,47,54],"ascension_level":12}}