{"host":"kw4o7b3ro2ktmmbe","time":1610009949,"event":{"mods":["BaseMod","Evolution","Lobotomy","LobotomyExtend","Minty Spire (QoL Compilation)","StSLib"],"gold_per_floor":[119,119,119,130,130,130,130,162,237,237,237,237,263,273,273,376,376,394,394,93,173,21,21,40,73,73,93,93,93,93,103,103,208,208,223,223,223,234,45,45,45,45],"floor_reached":41,"playtime":5606,"items_purged":[],"score":490,"play_id":"02534ecc-fad6-4e75-b1d6-c9a0944a15bb","local_time":"20210107215909","is_ascension_mode":false,"campfire_choices":[{"data":"Cleave","floor":6.0,"key":"SMITH"},{"data":"Metallicize","floor":10.0,"key":"SMITH"},{"data":"Iron Wave","floor":12.0,"key":"SMITH"},{"data":"Metallicize","floor":15.0,"key":"SMITH"},{"data":"Dark Embrace","floor":28.0,"key":"SMITH"},{"data":"Flex","floor":30.0,"key":"SMITH"},{"data":"Iron Wave","floor":32.0,"key":"SMITH"},{"data":"Iron Wave","floor":40,"key":"SMITH"}],"circlet_count":0,"master_deck":["Iron Wave+1","Iron Wave+1","Iron Wave+1","Iron Wave","Shrug It Off","Cleave+1","Murderer","Metallicize+1","Metallicize+1","Dark Embrace+1","OSAHOGD","MeatLantern","CrumblingArmor","Anger+1","LittlePrince","Pommel Strike","Funeral","DreamingCurrent","Evolve+1","DespairKnight","Corruption+1","Porccubus","Yin","Writhe","Panacea","Wild Strike+1","Fire Breathing+1"],"relics":["Burning Blood","EVO:Axolotl","CogitoBucket","LetterFromLob","Potion Belt","Blue Candle","Pantograph","ShedSkin_r","Gaze_r","LaetitiaHeart","Ginger","Coffee Dripper","ChangeAnything","TungstenRod","Medical Kit","HornCleat","Frozen Egg 2","AspirationHeart","SlaversCollar","Membership Card"],"acts_visited":["Exordium","TheCity","TheBeyond"],"potions_floor_usage":[],"damage_taken":[{"damage":0.0,"enemies":"2 Louse","floor":1.0,"turns":3.0},{"damage":0.0,"enemies":"Small Slimes","floor":4.0,"turns":5.0},{"damage":28.0,"enemies":"Lagavulin","floor":8.0,"turns":8.0},{"damage":17.0,"enemies":"Jaw Worm","floor":11.0,"turns":7.0},{"damage":9.0,"enemies":"Gremlin Nob","floor":13.0,"turns":6.0},{"damage":2.0,"enemies":"Jaw Worm","floor":14.0,"turns":5.0},{"damage":28.0,"enemies":"Slime Boss","floor":16.0,"turns":17.0},{"damage":13.0,"enemies":"Shell Parasite","floor":18.0,"turns":5.0},{"damage":29.0,"enemies":"3 Byrds","floor":21.0,"turns":8.0},{"damage":19.0,"enemies":"Centurion and Healer","floor":24.0,"turns":9.0},{"damage":1.0,"enemies":"Book of Stabbing","floor":25.0,"turns":7.0},{"damage":36.0,"enemies":"Cultist and Chosen","floor":27.0,"turns":9.0},{"damage":28.0,"enemies":"3 Cultists","floor":31.0,"turns":9.0},{"damage":16.0,"enemies":"Automaton","floor":33.0,"turns":8.0},{"damage":43.0,"enemies":"3 Shapes","floor":35.0,"turns":7.0},{"damage":24,"enemies":"Orb Walker","floor":38,"turns":4},{"damage":0,"enemies":"Nemesis","floor":41,"turns":2}],"seed_played":"8175850193011150329","potions_obtained":[{"floor":1.0,"key":"Fire Potion"},{"floor":13.0,"key":"GamblersBrew"},{"floor":21.0,"key":"DistilledChaos"},{"floor":25.0,"key":"BloodPotion"},{"floor":33.0,"key":"SpeedPotion"},{"floor":35.0,"key":"AttackPotion"}],"is_trial":false,"path_per_floor":["M","?","?","M","?","R","$","E","T","R","M","R","E","M","R","B",null,"M","?","$","M","$","?","M","E","T","M","R","?","R","M","R","B",null,"M","?","?","M","$","R","E"],"character_chosen":"IRONCLAD","items_purchased":["TungstenRod","Medical Kit","Membership Card","Fire Breathing+1"],"campfire_rested":0,"item_purchase_floors":[20,22,39,39],"current_hp_per_floor":[81,74,67,73,81,81,81,59,59,59,38,38,35,39,39,42,81,74,91,91,68,68,51,38,45,45,33,33,33,33,58,58,100,100,70,95,95,89,89,89,0,0],"gold":45,"neow_bonus":"","is_daily":false,"chose_seed":false,"campfire_upgraded":8,"win_rate":0.0,"timestamp":1610009949,"path_taken":["M","?","?","M","?","R","?","E","T","R","?","R","E","M","R","BOSS","M","?","$","?","$","?","M","E","T","M","R","?","R","M","R","BOSS","M","?","?","M","$","R","E"],"items_purchased_type":["Relic","Relic","Relic","Card"],"build_version":"2020-12-22","purchased_purges":0,"victory":false,"max_hp_per_floor":[81,81,81,81,81,81,81,81,81,81,81,81,81,81,81,81,81,81,91,91,91,91,96,96,93,93,93,93,93,93,103,103,100,100,100,100,100,100,100,100,100,100],"card_choices":[{"not_picked":["FairyFestival","CherryBlossoms"],"picked":"ShyLook","floor":1.0},{"not_picked":["Iron Wave","Flex","Twin Strike"],"picked":"SKIP","floor":1.0},{"not_picked":["Iron Wave","Flex","Twin Strike"],"picked":"SKIP","floor":1.0},{"not_picked":["Clothesline","Headbutt"],"picked":"Cleave","floor":4.0},{"not_picked":["FairyFestival","WallGazer"],"picked":"Murderer","floor":4.0},{"not_picked":["Flex","Dropkick"],"picked":"Metallicize","floor":8.0},{"not_picked":["Wellcheers","BeautyBeast"],"picked":"WallGazer","floor":8.0},{"not_picked":["Thunderclap","Seeing Red"],"picked":"Metallicize","floor":13.0},{"not_picked":["Scorched","CherryBlossoms"],"picked":"MeltingLove","floor":13.0},{"not_picked":["Pommel Strike","Blood for Blood"],"picked":"Dark Embrace","floor":14.0},{"not_picked":["QueenOfHatred","Alriune"],"picked":"OSAHOGD","floor":14.0},{"not_picked":["Immolate","Offering"],"picked":"Limit Break","floor":16.0},{"not_picked":["Scorched","PunishingBird"],"picked":"MeatLantern","floor":16.0},{"not_picked":["Wellcheers","BeautyBeast"],"picked":"CrumblingArmor","floor":18.0},{"not_picked":["True Grit","Headbutt","Cleave"],"picked":"SKIP","floor":18.0},{"not_picked":["Shrug It Off","Blood for Blood"],"picked":"Anger+1","floor":21.0},{"not_picked":["BeautyBeast","BlackArmy"],"picked":"LittlePrince","floor":21.0},{"not_picked":["Shrug It Off","Body Slam"],"picked":"Pommel Strike","floor":24.0},{"not_picked":["PunishingBird","FairyFestival"],"picked":"Funeral","floor":24.0},{"not_picked":["Cleave","Ghostly Armor"],"picked":"Flex","floor":25.0},{"not_picked":["UniverseFragment","LongBird"],"picked":"DreamingCurrent","floor":25.0},{"not_picked":["True Grit","Anger+1"],"picked":"Evolve+1","floor":27.0},{"not_picked":["Alriune","BeautyBeast"],"picked":"OldLady","floor":27.0},{"not_picked":["Wellcheers","PunishingBird"],"picked":"DespairKnight","floor":31.0},{"not_picked":["Cleave","Armaments","Havoc+1"],"picked":"SKIP","floor":31.0},{"not_picked":["Fiend Fire","Juggernaut+1"],"picked":"Corruption+1","floor":33.0},{"not_picked":["SilentOrchestra","LongBird"],"picked":"Porccubus","floor":33.0},{"not_picked":["BodiesMountain","Variant"],"picked":"Yin","floor":35.0},{"not_picked":["Clash+1","Perfected Strike+1","Dropkick"],"picked":"SKIP","floor":35.0},{"not_picked":["Clash+1","Perfected Strike+1","Dropkick"],"picked":"SKIP","floor":35.0},{"not_picked":["Discovery","Purity"],"picked":"Panacea","floor":37},{"not_picked":["Clash+1","Armaments"],"picked":"Wild Strike+1","floor":38}],"player_experience":1784588,"relics_obtained":[{"floor":1.0,"key":"LetterFromLob"},{"floor":8.0,"key":"Blue Candle"},{"floor":9.0,"key":"Pantograph"},{"floor":13.0,"key":"Ginger"},{"floor":25.0,"key":"HornCleat"},{"floor":26.0,"key":"Frozen Egg 2"}],"event_choices":[{"damage_healed":0.0,"max_hp_gain":0.0,"max_hp_loss":0.0,"gold_gain":0.0,"event_name":"Scrap Ooze","player_choice":"Success","floor":2.0,"gold_loss":0.0,"damage_taken":7.0,"relics_obtained":["Potion Belt"]},{"cards_removed":["Bash"],"damage_healed":0.0,"max_hp_gain":0.0,"max_hp_loss":0.0,"gold_gain":0.0,"event_name":"Golden Wing","player_choice":"Card Removal","floor":3.0,"gold_loss":0.0,"damage_taken":7.0},{"cards_removed":["Limit Break"],"damage_healed":7.0,"max_hp_gain":10.0,"max_hp_loss":0.0,"gold_gain":0.0,"event_name":"Bonfire Elementals","player_choice":"Offered Rare","floor":19.0,"gold_loss":0.0,"damage_taken":0.0},{"damage_healed":0.0,"max_hp_gain":5.0,"max_hp_loss":0.0,"gold_gain":0.0,"event_name":"Forgotten Altar","player_choice":"Shed Blood","floor":23.0,"gold_loss":0.0,"damage_taken":23.0},{"damage_healed":0.0,"max_hp_gain":0.0,"max_hp_loss":0.0,"gold_gain":0.0,"event_name":"Vampires","player_choice":"Ignored","floor":29.0,"gold_loss":0.0,"damage_taken":0.0},{"damage_healed":25.0,"max_hp_gain":0.0,"max_hp_loss":0.0,"gold_gain":0.0,"event_name":"Winding Halls","player_choice":"Writhe","floor":36.0,"gold_loss":0.0,"damage_taken":0.0,"cards_obtained":["Writhe"]},{"damage_healed":0,"gold_gain":0,"player_choice":"Memory 1","damage_taken":0,"max_hp_gain":0,"max_hp_loss":0,"event_name":"SensoryStone","floor":37,"gold_loss":0}],"is_beta":false,"boss_relics":[{"not_picked":["Empty Cage","Calling Bell"],"picked":"Coffee Dripper"},{"not_picked":["Runic Cube","Fusion Hammer"],"picked":"SlaversCollar"}],"items_purged_floors":[],"is_endless":false,"potions_floor_spawned":[1,13,21,25,33,35],"killed_by":"Nemesis","ascension_level":0}}