{"host":"q1tlngmkbyqa4avn","time":1610049902,"event":{"mods":["BaseMod","Curses Come First","Hermit","Minty Spire (QoL Compilation)","Rare Cards Sparkle","StSLib"],"gold_per_floor":[111,36,36,7,30,71,87,87,87,237,237,32,32,47,47,140,140,160,173,173,192,192,192,31,31,31,69,69,69,69],"floor_reached":29,"playtime":932,"items_purged":["Doubt"],"score":482,"play_id":"f835328d-fdc8-4637-b7dc-44bd11540f47","local_time":"20210107150502","is_ascension_mode":true,"campfire_choices":[{"floor":8.0,"key":"REST"},{"data":"Phantasmal Killer","floor":11.0,"key":"SMITH"},{"data":"Noxious Fumes","floor":13.0,"key":"SMITH"},{"data":"Neutralize","floor":15.0,"key":"SMITH"},{"data":"Catalyst","floor":23,"key":"SMITH"},{"data":"Footwork","floor":25,"key":"SMITH"}],"circlet_count":0,"master_deck":["AscendersBane","Strike_G","Strike_G","Strike_G","Strike_G","Defend_G","Defend_G","Defend_G","Defend_G","Defend_G","Survivor","Neutralize+1","Dagger Throw","Underhanded Strike","Backstab","Phantasmal Killer+1","Slice","Noxious Fumes+1","Crippling Poison","Deflect","Unload","PiercingWail","Footwork+1","Catalyst+1","Terror","Tools of the Trade"],"relics":["Ring of the Snake","Golden Idol","Snake Skull","Eternal Feather","Sozu","Sling","Shuriken","Torii"],"acts_visited":["Exordium","TheCity"],"potions_floor_usage":[22],"damage_taken":[{"damage":6.0,"enemies":"Small Slimes","floor":1.0,"turns":4.0},{"damage":2.0,"enemies":"2 Louse","floor":5.0,"turns":3.0},{"damage":21.0,"enemies":"Gremlin Nob","floor":6.0,"turns":4.0},{"damage":1.0,"enemies":"Jaw Worm","floor":7.0,"turns":3.0},{"damage":0.0,"enemies":"Lots of Slimes","floor":14.0,"turns":2.0},{"damage":28.0,"enemies":"Slime Boss","floor":16.0,"turns":8.0},{"damage":0.0,"enemies":"3 Byrds","floor":18.0,"turns":4.0},{"damage":11.0,"enemies":"Spheric Guardian","floor":19.0,"turns":3.0},{"damage":20.0,"enemies":"Snake Plant","floor":21.0,"turns":4.0},{"damage":0,"enemies":"Snecko","floor":22,"turns":1},{"damage":57,"enemies":"Slavers","floor":27,"turns":7},{"damage":0,"enemies":"Sentry and Sphere","floor":29,"turns":2}],"seed_played":"-6608798531634945406","potions_obtained":[{"floor":5.0,"key":"LiquidMemories"},{"floor":6.0,"key":"Weak Potion"},{"floor":7.0,"key":"SmokeBomb"}],"is_trial":false,"path_per_floor":["M","?","?","$","M","E","M","R","T","?","R","$","R","M","R","B",null,"M","M","?","M","M","R","$","R","T","E","?","M"],"character_chosen":"THE_SILENT","items_purchased":["Underhanded Strike","Noxious Fumes","Crippling Poison","Sling"],"campfire_rested":1,"item_purchase_floors":[4,12,12,24],"current_hp_per_floor":[59,59,34,34,32,11,10,31,31,31,40,40,49,49,61,33,62,62,51,51,31,31,46,46,61,61,4,4,4,4],"gold":69,"neow_bonus":"TEN_PERCENT_HP_BONUS","is_daily":false,"chose_seed":false,"campfire_upgraded":5,"win_rate":0.0,"timestamp":1610049902,"path_taken":["M","?","?","$","M","E","M","R","T","?","R","$","R","M","R","BOSS","M","M","?","M","?","R","$","R","T","E","?","M"],"items_purchased_type":["Card","Card","Card","Relic"],"build_version":"2020-12-22","purchased_purges":1,"victory":false,"max_hp_per_floor":[72,72,72,72,72,72,72,72,72,72,72,72,72,72,72,72,72,72,72,72,72,72,72,72,72,72,72,72,72,72],"card_choices":[{"not_picked":["Slice","Prepared"],"picked":"Dagger Throw","floor":1.0},{"not_picked":["Acrobatics","Underhanded Strike"],"picked":"Backstab","floor":5.0},{"not_picked":["Setup","Escape Plan"],"picked":"Phantasmal Killer","floor":6.0},{"not_picked":["Cloak And Dagger","Infinite Blades"],"picked":"Slice","floor":7.0},{"not_picked":["Deadly Poison","Cloak And Dagger"],"picked":"Deflect","floor":14.0},{"not_picked":["Bullet Time","Venomology"],"picked":"Unload","floor":16.0},{"not_picked":["Outmaneuver","Concentrate"],"picked":"PiercingWail","floor":18.0},{"not_picked":["Prepared","Cloak And Dagger"],"picked":"Footwork","floor":19.0},{"not_picked":["Cloak And Dagger","Calculated Gamble"],"picked":"Terror","floor":21.0},{"not_picked":["Quick Slash","Calculated Gamble"],"picked":"Tools of the Trade","floor":27}],"player_experience":988357,"relics_obtained":[{"floor":6.0,"key":"Snake Skull"},{"floor":9.0,"key":"Eternal Feather"},{"floor":26,"key":"Shuriken"},{"floor":27,"key":"Torii"}],"event_choices":[{"cards_removed":["Strike_G"],"damage_healed":0.0,"max_hp_gain":0.0,"max_hp_loss":0.0,"gold_gain":0.0,"event_name":"The Cleric","player_choice":"Card Removal","floor":2.0,"gold_loss":75.0,"damage_taken":0.0},{"damage_healed":0.0,"max_hp_gain":0.0,"max_hp_loss":0.0,"gold_gain":0.0,"event_name":"Golden Idol","player_choice":"Take Damage","floor":3.0,"gold_loss":0.0,"damage_taken":25.0,"relics_obtained":["Golden Idol"]},{"damage_healed":0.0,"max_hp_gain":0.0,"max_hp_loss":0.0,"gold_gain":150.0,"event_name":"Liars Game","player_choice":"AGREE","floor":10.0,"gold_loss":0.0,"damage_taken":0.0,"cards_obtained":["Doubt"]},{"damage_healed":0.0,"max_hp_gain":0.0,"max_hp_loss":0.0,"gold_gain":0.0,"event_name":"Match and Keep!","player_choice":"1 cards matched","floor":20.0,"gold_loss":0.0,"damage_taken":0.0,"cards_obtained":["Catalyst"]},{"damage_healed":0,"gold_gain":0,"player_choice":"Ignored","damage_taken":0,"max_hp_gain":0,"max_hp_loss":0,"event_name":"Vampires","floor":28,"gold_loss":0}],"is_beta":false,"boss_relics":[{"not_picked":["Runic Dome","WristBlade"],"picked":"Sozu"}],"items_purged_floors":[12],"is_endless":false,"potions_floor_spawned":[5,6,7,22],"killed_by":"Sentry and Sphere","ascension_level":20}}