{"host":"na09lpbrez4gbfiz","time":1610007516,"event":{"mods":["Act Like it!","BaseMod","BetterRewards","Colored Map","Colored Powertips","DeckTracker","Googly Eyes","Highlight Path","Minty Spire (QoL Compilation)","Quick Restart","Spicy Shops","StSLib","SuperFastMode","Synergy Search"],"gold_per_floor":[116,116,116,127,202,232,242,269,294,311,311,311,411,411,411,411,411],"floor_reached":16,"playtime":386,"items_purged":[],"score":200,"play_id":"a2be750e-3b27-4313-a34f-eaac93632c28","local_time":"20210107091836","is_ascension_mode":true,"campfire_choices":[{"floor":12,"key":"REST"},{"data":"Glass Knife","floor":15,"key":"SMITH"}],"circlet_count":0,"master_deck":["AscendersBane","Strike_G","Strike_G","Strike_G","Strike_G","Defend_G","Defend_G","Defend_G","Defend_G","Defend_G","Survivor","Neutralize","Accuracy","Backstab","Deadly Poison","Glass Knife+1","PiercingWail","Regret","Bullet Time"],"relics":["Ring of the Snake","NeowsBlessing","Juzu Bracelet","Toy Ornithopter","Orichalcum","Vajra","Bag of Preparation"],"acts_visited":["Exordium"],"potions_floor_usage":[8,8],"damage_taken":[{"damage":0.0,"enemies":"2 Louse","floor":1.0,"turns":1.0},{"damage":0.0,"enemies":"Jaw Worm","floor":4.0,"turns":1.0},{"damage":0.0,"enemies":"Lagavulin","floor":6.0,"turns":1.0},{"damage":2,"enemies":"Small Slimes","floor":7,"turns":6},{"damage":16,"enemies":"Gremlin Nob","floor":8,"turns":6},{"damage":9,"enemies":"Red Slaver","floor":10,"turns":3},{"damage":57,"enemies":"The Guardian","floor":16,"turns":10}],"seed_played":"5416025533418076748","potions_obtained":[{"floor":1.0,"key":"CultistPotion"},{"floor":6.0,"key":"PowerPotion"},{"floor":8,"key":"Ancient Potion"}],"is_trial":false,"path_per_floor":["M","?","?","M","?","E","M","E","T","M","?","R","?","?","R","B"],"character_chosen":"THE_SILENT","items_purchased":[],"campfire_rested":1,"item_purchase_floors":[],"current_hp_per_floor":[63,63,45,45,38,38,36,30,30,21,21,42,42,42,42,0,0],"gold":411,"neow_bonus":"THREE_ENEMY_KILL","is_daily":false,"chose_seed":false,"campfire_upgraded":1,"win_rate":0.0,"timestamp":1610007516,"path_taken":["M","?","?","M","?","E","M","E","T","M","?","R","?","?","R","BOSS"],"items_purchased_type":[],"build_version":"2020-12-22","purchased_purges":0,"victory":false,"max_hp_per_floor":[70,70,70,70,70,70,70,70,70,70,70,70,70,70,70,70,70],"card_choices":[{"not_picked":["Leg Sweep","Deflect","Endless Agony"],"picked":"SKIP","floor":1.0},{"not_picked":["Outmaneuver","Bane"],"picked":"Accuracy","floor":4.0},{"not_picked":["Deflect","Skewer"],"picked":"Backstab","floor":6.0},{"not_picked":["Flechettes","Dagger Throw"],"picked":"Deadly Poison","floor":7},{"not_picked":["Slice","Terror"],"picked":"Glass Knife","floor":8},{"not_picked":["Masterful Stab","Slice"],"picked":"PiercingWail","floor":10}],"player_experience":161660,"relics_obtained":[{"floor":6.0,"key":"Toy Ornithopter"},{"floor":8,"key":"Orichalcum"},{"floor":9,"key":"Vajra"}],"event_choices":[{"cards_removed":["Strike_G"],"damage_healed":0.0,"max_hp_gain":0.0,"max_hp_loss":0.0,"gold_gain":0.0,"event_name":"Living Wall","player_choice":"Forget","floor":2.0,"gold_loss":0.0,"damage_taken":0.0},{"damage_healed":0.0,"max_hp_gain":0.0,"max_hp_loss":0.0,"gold_gain":0.0,"event_name":"Scrap Ooze","player_choice":"Success","floor":3.0,"gold_loss":0.0,"damage_taken":18.0,"relics_obtained":["Juzu Bracelet"]},{"damage_healed":0.0,"max_hp_gain":0.0,"max_hp_loss":0.0,"gold_gain":75.0,"event_name":"FaceTrader","player_choice":"Touch","floor":5.0,"gold_loss":0.0,"damage_taken":7.0},{"damage_healed":0,"gold_gain":0,"player_choice":"Box","damage_taken":0,"relics_obtained":["Bag of Preparation"],"max_hp_gain":0,"max_hp_loss":0,"event_name":"Big Fish","floor":11,"gold_loss":0,"cards_obtained":["Regret"]},{"damage_healed":0,"gold_gain":100,"player_choice":"Gold","damage_taken":0,"max_hp_gain":0,"max_hp_loss":0,"event_name":"Wheel of Change","floor":13,"gold_loss":0},{"damage_healed":0,"gold_gain":0,"player_choice":"1 cards matched","damage_taken":0,"max_hp_gain":0,"max_hp_loss":0,"event_name":"Match and Keep!","floor":14,"gold_loss":0,"cards_obtained":["Bullet Time"]}],"is_beta":false,"boss_relics":[],"items_purged_floors":[],"is_endless":false,"potions_floor_spawned":[1,6,8],"killed_by":"The Guardian","ascension_level":10}}