{"host":"6ld56ls1xbe0aj21","time":1610020205,"event":{"mods":["AchievementEnabler","BaseMod","Colored Powertips","Minty Spire (QoL Compilation)","Quick Restart","Rare Cards Sparkle","StSLib","SuperFastMode","everything is the same but u backflip on backflip","slay the spire mod where everything is the same but ironclad has a cowboy hat"],"gold_per_floor":[112,112,123,123,46,46,64,64,88,122,139,169,183,198,198,294,294,308,326,344,344,344,369,384,384,410,426,47,62,13,13,13],"floor_reached":31,"playtime":1514,"items_purged":[],"score":480,"play_id":"8d81e87b-2404-4805-92ec-8a51ade38c61","local_time":"20210107225005","is_ascension_mode":true,"campfire_choices":[{"data":"Feed","floor":6.0,"key":"SMITH"},{"data":"Inflame","floor":8.0,"key":"SMITH"},{"floor":15.0,"key":"REST"},{"data":"Shockwave","floor":25.0,"key":"SMITH"}],"circlet_count":0,"master_deck":["AscendersBane","Strike_R","Strike_R","Strike_R","Strike_R","Strike_R","Defend_R","Defend_R","Defend_R","Defend_R+1","Bash","Feed+1","True Grit","Combust","Inflame+1","Shockwave+1","Combust","Hemokinesis","Spot Weakness+1","Heavy Blade","Metallicize","Limit Break","Havoc+1","J.A.X.","Dark Embrace+1"],"relics":["Burning Blood","FaceOfCleric","Oddly Smooth Stone","Pen Nib","Dead Branch","Coffee Dripper","Frozen Egg 2","Darkstone Periapt","War Paint","OrangePellets","Akabeko"],"acts_visited":["Exordium","TheCity"],"potions_floor_usage":[31],"damage_taken":[{"damage":8.0,"enemies":"Small Slimes","floor":1.0,"turns":4.0},{"damage":0.0,"enemies":"Cultist","floor":3.0,"turns":3.0},{"damage":6.0,"enemies":"2 Louse","floor":7.0,"turns":2.0},{"damage":39.0,"enemies":"Lagavulin","floor":10.0,"turns":9.0},{"damage":12.0,"enemies":"Exordium Wildlife","floor":11.0,"turns":4.0},{"damage":36.0,"enemies":"Gremlin Nob","floor":12.0,"turns":4.0},{"damage":7.0,"enemies":"Exordium Thugs","floor":13.0,"turns":5.0},{"damage":11.0,"enemies":"3 Louse","floor":14.0,"turns":3.0},{"damage":41.0,"enemies":"The Guardian","floor":16.0,"turns":8.0},{"damage":3.0,"enemies":"Shell Parasite","floor":18.0,"turns":4.0},{"damage":17.0,"enemies":"Chosen","floor":19.0,"turns":5.0},{"damage":25.0,"enemies":"Centurion and Healer","floor":20.0,"turns":5.0},{"damage":47.0,"enemies":"Gremlin Leader","floor":23.0,"turns":4.0},{"damage":9.0,"enemies":"Cultist and Chosen","floor":24.0,"turns":5.0},{"damage":22.0,"enemies":"3 Cultists","floor":27.0,"turns":4.0},{"damage":8.0,"enemies":"Snecko","floor":29.0,"turns":5.0},{"damage":42,"enemies":"Book of Stabbing","floor":31,"turns":4}],"seed_played":"6587325100871916726","potions_obtained":[{"floor":1.0,"key":"LiquidMemories"},{"floor":3.0,"key":"Swift Potion"},{"floor":7.0,"key":"ColorlessPotion"},{"floor":16.0,"key":"Dexterity Potion"},{"floor":20.0,"key":"Ancient Potion"},{"floor":23.0,"key":"Swift Potion"}],"is_trial":false,"path_per_floor":["M","?","M","?","$","R","M","R","T","E","M","E","M","M","R","B",null,"M","M","M","?","?","E","M","R","T","M","$","M","$","E"],"character_chosen":"IRONCLAD","items_purchased":["Inflame","OrangePellets","Akabeko","EssenceOfSteel","BloodPotion"],"campfire_rested":1,"item_purchase_floors":[5,28,28,28,30],"current_hp_per_floor":[73,73,82,82,82,82,87,87,87,59,58,29,29,29,60,26,86,94,84,66,66,66,30,28,28,28,17,17,16,16,0,0],"gold":13,"neow_bonus":"THREE_RARE_CARDS","is_daily":false,"chose_seed":false,"campfire_upgraded":3,"win_rate":0.0,"timestamp":1610020205,"path_taken":["M","?","M","?","$","R","?","R","T","E","M","E","M","M","R","BOSS","M","M","M","?","?","E","M","R","T","M","?","?","$","E"],"items_purchased_type":["Card","Relic","Relic","Potion","Potion"],"build_version":"2020-12-22","purchased_purges":0,"victory":false,"max_hp_per_floor":[83,80,83,83,83,83,88,88,88,93,98,99,100,105,105,106,106,111,112,113,113,113,118,119,119,119,124,124,125,125,125,125],"card_choices":[{"not_picked":["Brutality","Limit Break"],"picked":"Feed","floor":0.0},{"not_picked":["Rage","Sentinel"],"picked":"True Grit","floor":1.0},{"not_picked":["Burning Pact","Entrench"],"picked":"Combust","floor":3.0},{"not_picked":["Burning Pact","Clash"],"picked":"Shockwave","floor":7.0},{"not_picked":["Fiend Fire","True Grit"],"picked":"Combust","floor":10.0},{"not_picked":["Flex","Body Slam"],"picked":"Hemokinesis","floor":11.0},{"not_picked":["Berserk","Uppercut"],"picked":"Spot Weakness","floor":12.0},{"not_picked":["Rage","Sword Boomerang"],"picked":"Heavy Blade","floor":13.0},{"not_picked":["Armaments","Havoc"],"picked":"Metallicize","floor":14.0},{"not_picked":["Brutality","Reaper"],"picked":"Limit Break","floor":16.0},{"not_picked":["Anger","Heavy Blade"],"picked":"Havoc+1","floor":18.0},{"not_picked":["Cleave","Anger","Intimidate"],"picked":"SKIP","floor":19.0},{"not_picked":["True Grit","Havoc","Iron Wave"],"picked":"SKIP","floor":20.0},{"not_picked":["Twin Strike+1","Armaments","Headbutt"],"picked":"SKIP","floor":23.0},{"not_picked":["Flex","Pommel Strike"],"picked":"Dark Embrace+1","floor":24.0},{"not_picked":["Havoc","Shrug It Off","Thunderclap"],"picked":"SKIP","floor":27.0},{"not_picked":["Entrench","Fire Breathing+1","Shrug It Off"],"picked":"SKIP","floor":29.0}],"player_experience":298780,"relics_obtained":[{"floor":9.0,"key":"Oddly Smooth Stone"},{"floor":10.0,"key":"Pen Nib"},{"floor":12.0,"key":"Dead Branch"},{"floor":23.0,"key":"Darkstone Periapt"},{"floor":26.0,"key":"War Paint"}],"event_choices":[{"cards_removed":["Parasite"],"damage_healed":0.0,"max_hp_gain":0.0,"max_hp_loss":0.0,"gold_gain":0.0,"event_name":"Living Wall","player_choice":"Forget","floor":2.0,"gold_loss":0.0,"damage_taken":0.0},{"damage_healed":0.0,"max_hp_gain":0.0,"max_hp_loss":0.0,"gold_gain":0.0,"event_name":"FaceTrader","player_choice":"Trade","floor":4.0,"gold_loss":0.0,"damage_taken":0.0,"relics_obtained":["FaceOfCleric"]},{"damage_healed":0.0,"max_hp_gain":0.0,"max_hp_loss":0.0,"gold_gain":0.0,"event_name":"Drug Dealer","player_choice":"Obtain J.A.X.","floor":21.0,"gold_loss":0.0,"damage_taken":0.0,"cards_obtained":["J.A.X."]},{"damage_healed":0.0,"max_hp_gain":0.0,"max_hp_loss":0.0,"gold_gain":0.0,"event_name":"The Mausoleum","player_choice":"Opened","floor":22.0,"gold_loss":0.0,"damage_taken":0.0,"relics_obtained":["Frozen Egg 2"]}],"is_beta":false,"boss_relics":[{"not_picked":["Velvet Choker","Mark of Pain"],"picked":"Coffee Dripper"}],"items_purged_floors":[],"is_endless":false,"potions_floor_spawned":[1,3,7,16,20,23],"killed_by":"Book of Stabbing","ascension_level":12}}