{"host":"sc0o2qwpf9j16a4i","time":1610016383,"event":{"mods":["AchievementEnabler","BaseMod","BetterRewards","Block Reminder","Colored Map","Colored Powertips","Custom Start","Highlight Path","Minty Spire (QoL Compilation)","Relic Stats"],"gold_per_floor":[115,134,149,163,163,163,194,194,194,229,229,248,267,283,283,362,362,372,389,261,272,272,272,272,304,329,342,342,342,15,25,25,104,104,117,1116,789,799,336,371,371,397,424,437,437,457,457,469,469,469,469],"floor_reached":50,"playtime":2072,"items_purged":["Strike_P","Normality","Normality"],"score":1443,"play_id":"3277f0e2-24c9-45b8-b288-c40d03918997","local_time":"20210107124623","is_ascension_mode":true,"campfire_choices":[{"floor":6.0,"key":"REST"},{"data":"Wallop","floor":8.0,"key":"SMITH"},{"floor":11.0,"key":"REST"},{"data":"BattleHymn","floor":15.0,"key":"SMITH"},{"floor":23,"key":"REST"},{"floor":28,"key":"REST"},{"floor":32,"key":"REST"},{"data":"Meditate","floor":41,"key":"SMITH"},{"floor":45,"key":"REST"},{"floor":49,"key":"RECALL"}],"circlet_count":0,"master_deck":["AscendersBane","Strike_P+1","Strike_P+1","Strike_P+1","Defend_P+1","Defend_P+1","Defend_P+1","Defend_P+1","Eruption","Vigilance","Protect","BattleHymn+1","InnerPeace","Wallop+1","FearNoEvil","Vault","SashWhip","LikeWater","Wallop","Establishment","FlurryOfBlows+1","TalkToTheHand+1","FollowUp+1","Meditate+1","RitualDagger","Omniscience","LikeWater+1","Crescendo","Crescendo+1"],"relics":["PureWater","Shuriken","TeardropLocket","Singing Bowl","Ornamental Fan","White Beast Statue","Runic Pyramid","Matryoshka","Anchor","Damaru","ClockworkSouvenir","Regal Pillow","Philosopher\u0027s Stone","Sling","Oddly Smooth Stone","Vajra","Girya","Shovel","Whetstone"],"acts_visited":["Exordium","TheCity","TheBeyond"],"potions_floor_usage":[25,27,33,35,42,46,46,50,50],"damage_taken":[{"damage":0.0,"enemies":"2 Louse","floor":1.0,"turns":4.0},{"damage":0.0,"enemies":"Jaw Worm","floor":2.0,"turns":3.0},{"damage":1.0,"enemies":"Cultist","floor":3.0,"turns":4.0},{"damage":12.0,"enemies":"Blue Slaver","floor":4.0,"turns":4.0},{"damage":7.0,"enemies":"Lagavulin","floor":7.0,"turns":5.0},{"damage":1.0,"enemies":"3 Sentries","floor":10.0,"turns":8.0},{"damage":0.0,"enemies":"Looter","floor":12.0,"turns":2.0},{"damage":17.0,"enemies":"Exordium Thugs","floor":13.0,"turns":7.0},{"damage":0.0,"enemies":"Large Slime","floor":14.0,"turns":3.0},{"damage":24.0,"enemies":"Hexaghost","floor":16.0,"turns":13.0},{"damage":0.0,"enemies":"Spheric Guardian","floor":18.0,"turns":3.0},{"damage":0.0,"enemies":"Chosen","floor":19.0,"turns":4.0},{"damage":6.0,"enemies":"Snecko","floor":21.0,"turns":7.0},{"damage":36,"enemies":"Book of Stabbing","floor":25,"turns":6},{"damage":16,"enemies":"3 Cultists","floor":27,"turns":6},{"damage":0,"enemies":"Centurion and Healer","floor":31,"turns":6},{"damage":11,"enemies":"Champ","floor":33,"turns":8},{"damage":0,"enemies":"3 Shapes","floor":35,"turns":5},{"damage":4,"enemies":"3 Darklings","floor":38,"turns":4},{"damage":1,"enemies":"Giant Head","floor":40,"turns":6},{"damage":25,"enemies":"Nemesis","floor":42,"turns":5},{"damage":2,"enemies":"Transient","floor":44,"turns":7},{"damage":1,"enemies":"Writhing Mass","floor":46,"turns":6},{"damage":18,"enemies":"Sphere and 2 Shapes","floor":48,"turns":7},{"damage":71,"enemies":"Donu and Deca","floor":50,"turns":8}],"seed_played":"6270706593972888321","potions_obtained":[{"floor":1.0,"key":"DuplicationPotion"},{"floor":2.0,"key":"PowerPotion"},{"floor":12.0,"key":"DistilledChaos"},{"floor":16.0,"key":"BottledMiracle"},{"floor":18.0,"key":"AttackPotion"},{"floor":25,"key":"Weak Potion"},{"floor":27,"key":"Energy Potion"},{"floor":31,"key":"PowerPotion"},{"floor":33,"key":"AttackPotion"},{"floor":35,"key":"BlessingOfTheForge"},{"floor":42,"key":"Block Potion"},{"floor":46,"key":"LiquidBronze"},{"floor":48,"key":"ColorlessPotion"}],"is_trial":false,"path_per_floor":["M","M","M","M","?","R","E","R","T","E","R","M","M","M","R","B",null,"M","M","$","M","?","R","?","E","T","M","R","?","$","M","R","B",null,"M","?","$","M","$","E","R","E","T","M","R","M","?","M","R","B"],"character_chosen":"WATCHER","items_purchased":["Shuriken","Protect","FollowUp","ClockworkSouvenir","Regal Pillow","Sling","Crescendo","Oddly Smooth Stone","Vajra"],"campfire_rested":6,"item_purchase_floors":[0,0,20,30,30,37,37,39,39],"current_hp_per_floor":[51,51,50,38,27,47,40,40,40,39,59,59,44,44,44,20,58,58,58,58,52,46,67,67,33,33,19,41,41,41,43,76,65,73,73,73,73,71,71,70,70,47,47,47,82,83,83,67,67,0,0],"gold":469,"neow_bonus":"","is_daily":false,"chose_seed":false,"campfire_upgraded":3,"win_rate":0.0,"timestamp":1610016383,"path_taken":["M","M","M","M","?","R","E","R","T","E","R","M","M","M","R","BOSS","M","M","$","M","?","R","?","E","T","?","R","?","$","M","R","BOSS","M","?","$","M","$","E","R","E","T","M","R","M","?","M","R","BOSS"],"items_purchased_type":["Relic","Card","Card","Relic","Relic","Relic","Card","Relic","Relic"],"build_version":"2020-12-22","purchased_purges":3,"victory":false,"max_hp_per_floor":[68,68,68,68,68,68,68,68,68,68,68,68,70,70,70,70,70,70,70,70,70,70,70,70,72,72,74,74,74,74,76,76,76,76,76,76,76,78,78,78,78,80,80,82,82,84,84,86,86,86,86],"relic_stats":{"Regal Pillow":22,"Shovel":0,"Singing Bowl":18,"counters":[35,188],"Shuriken":[58],"Ornamental Fan":[216],"Whetstone":["TalkToTheHand","FollowUp"],"obtain_stats":[{"Regal Pillow":30,"Singing Bowl":10,"Vajra":39,"TeardropLocket":5,"Whetstone":43,"Sling":37,"Old Coin":7,"ClockworkSouvenir":30,"Dream Catcher":9,"Matryoshka":25,"Shovel":42,"Mummified Hand":7,"Philosopher\u0027s Stone":34,"Fusion Hammer":17,"Kunai":14,"InkBottle":14,"Runic Pyramid":17,"Girya":40,"Damaru":26,"Oddly Smooth Stone":39,"White Beast Statue":10,"Anchor":26,"Shuriken":0,"Ornamental Fan":9,"Black Star":0,"PureWater":0},{"Regal Pillow":25,"Singing Bowl":4,"Vajra":29,"TeardropLocket":14,"Whetstone":31,"Sling":28,"Old Coin":4,"ClockworkSouvenir":25,"Dream Catcher":4,"Matryoshka":24,"Shovel":31,"Mummified Hand":4,"Philosopher\u0027s Stone":27,"Fusion Hammer":8,"Kunai":7,"InkBottle":7,"Runic Pyramid":20,"Girya":30,"Damaru":24,"Oddly Smooth Stone":29,"White Beast Statue":16,"Anchor":24,"Shuriken":10,"Ornamental Fan":15,"Black Star":0,"PureWater":0},{"Regal Pillow":126,"Singing Bowl":16,"Vajra":149,"TeardropLocket":62,"Whetstone":160,"Sling":145,"Old Coin":16,"ClockworkSouvenir":126,"Dream Catcher":16,"Matryoshka":120,"Shovel":160,"Mummified Hand":16,"Philosopher\u0027s Stone":140,"Fusion Hammer":38,"Kunai":30,"InkBottle":30,"Runic Pyramid":100,"Girya":155,"Damaru":120,"Oddly Smooth Stone":149,"White Beast Statue":75,"Anchor":120,"Shuriken":47,"Ornamental Fan":67,"Black Star":0,"PureWater":0}]},"card_choices":[{"not_picked":["Vengeance","Consecrate"],"picked":"BattleHymn","floor":1.0},{"not_picked":["MentalFortress","Collect"],"picked":"InnerPeace","floor":2.0},{"not_picked":["JustLucky","CarveReality"],"picked":"Wallop","floor":3.0},{"not_picked":["ClearTheMind","Study"],"picked":"FearNoEvil","floor":4.0},{"not_picked":["Perseverance","FlurryOfBlows"],"picked":"Vault","floor":7.0},{"not_picked":["Conclude","Evaluate"],"picked":"SashWhip","floor":10.0},{"not_picked":["Evaluate","Protect"],"picked":"LikeWater","floor":12.0},{"not_picked":["Pray","SashWhip","FearNoEvil"],"picked":"Singing Bowl","floor":13.0},{"not_picked":["Vengeance","Halt"],"picked":"Wallop","floor":14.0},{"not_picked":["SpiritShield","Alpha"],"picked":"Establishment","floor":16.0},{"not_picked":["Consecrate","FollowUp"],"picked":"FlurryOfBlows+1","floor":18.0},{"not_picked":["PathToVictory","CarveReality"],"picked":"TalkToTheHand","floor":19.0},{"not_picked":["WaveOfTheHand","PathToVictory"],"picked":"Meditate","floor":21},{"not_picked":["WaveOfTheHand","ClearTheMind","FlurryOfBlows"],"picked":"Singing Bowl","floor":25},{"not_picked":["FlurryOfBlows","FlyingSleeves","Perseverance"],"picked":"Singing Bowl","floor":27},{"not_picked":["JustLucky+1","Consecrate","Perseverance+1"],"picked":"Singing Bowl","floor":31},{"not_picked":["Brilliance","Blasphemy"],"picked":"Omniscience","floor":33},{"not_picked":["CarveReality","FollowUp"],"picked":"LikeWater+1","floor":35},{"not_picked":["Weave+1","FlurryOfBlows","JustLucky"],"picked":"Singing Bowl","floor":38},{"not_picked":["MasterReality","FollowUp+1"],"picked":"Crescendo+1","floor":40},{"not_picked":["JustLucky+1","EmptyFist+1","Halt+1"],"picked":"Singing Bowl","floor":42},{"not_picked":["Protect","InnerPeace","Crescendo+1"],"picked":"Singing Bowl","floor":44},{"not_picked":["WheelKick","Adaptation","EmptyMind"],"picked":"Singing Bowl","floor":46},{"not_picked":["PathToVictory","FollowUp","EmptyBody"],"picked":"Singing Bowl","floor":48}],"player_experience":561273,"relics_obtained":[{"floor":7.0,"key":"Singing Bowl"},{"floor":9.0,"key":"Ornamental Fan"},{"floor":10.0,"key":"White Beast Statue"},{"floor":25,"key":"Matryoshka"},{"floor":26,"key":"Anchor"},{"floor":26,"key":"Damaru"},{"floor":40,"key":"Girya"},{"floor":42,"key":"Shovel"},{"floor":43,"key":"Whetstone"}],"event_choices":[{"damage_healed":0.0,"max_hp_gain":0.0,"max_hp_loss":0.0,"gold_gain":0.0,"event_name":"Scrap Ooze","player_choice":"Success","floor":5.0,"gold_loss":0.0,"damage_taken":11.0,"relics_obtained":["TeardropLocket"]},{"damage_healed":0,"gold_gain":0,"player_choice":"Joined the Cult","damage_taken":6,"max_hp_gain":0,"max_hp_loss":0,"event_name":"Nest","floor":22,"gold_loss":0,"cards_obtained":["RitualDagger"]},{"damage_healed":0,"gold_gain":0,"player_choice":"0 cards matched","damage_taken":0,"max_hp_gain":0,"max_hp_loss":0,"event_name":"Match and Keep!","floor":24,"gold_loss":0,"cards_obtained":[]},{"damage_healed":0,"gold_gain":0,"player_choice":"Simplicity","damage_taken":0,"max_hp_gain":0,"max_hp_loss":0,"event_name":"Back to Basics","floor":29,"gold_loss":0,"cards_upgraded":["Strike_P","Strike_P","Strike_P","Defend_P","Defend_P","Defend_P","Defend_P"]},{"damage_healed":0,"gold_gain":999,"player_choice":"Gold","damage_taken":0,"max_hp_gain":0,"max_hp_loss":0,"event_name":"MindBloom","floor":36,"gold_loss":0,"cards_obtained":["Normality","Normality"]},{"damage_healed":0,"gold_gain":0,"player_choice":"Ignored","damage_taken":0,"max_hp_gain":0,"max_hp_loss":0,"event_name":"Tomb of Lord Red Mask","floor":47,"gold_loss":0}],"is_beta":false,"boss_relics":[{"not_picked":["Black Star","Coffee Dripper"],"picked":"Runic Pyramid"},{"not_picked":["Sozu","Pandora\u0027s Box"],"picked":"Philosopher\u0027s Stone"}],"items_purged_floors":[20,37,39],"is_endless":false,"potions_floor_spawned":[1,2,4,12,13,14,16,18,19,21,25,27,31,33,35,38,40,42,44,46,48],"killed_by":"Donu and Deca","ascension_level":20}}