{"host":"2pt9f5ojqg0apn28","time":1610007485,"event":{"mods":["AchievementEnabler","BaseMod","Better Altar","Better Match","Better Note","Better Sensory Stone","Better Skull","Better Third Choice","Colored Map","Colored Powertips","Downfall","Hubris","Infinite Spire","Minty Spire (QoL Compilation)","Replay The Spire","StSLib"],"gold_per_floor":[117,42,42,42,60,91,91,107,130,162,28,28,28,46,46,46,46],"floor_reached":16,"playtime":430,"items_purged":["Strike_B","Defragment"],"score":146,"play_id":"e8c030d1-4242-4995-8e1f-814d9c03969e","local_time":"20210107131805","is_ascension_mode":true,"campfire_choices":[{"data":"Zap","floor":7,"key":"SMITH"},{"data":"Go for the Eyes","floor":12,"key":"SMITH"},{"data":"Turbo","floor":15,"key":"SMITH"}],"circlet_count":0,"master_deck":["Strike_B","Strike_B","Strike_B","Defend_B","Defend_B","Defend_B+1","Zap+1","Dualcast+1","Go for the Eyes+1","Redo+1","Coolheaded","Turbo+1","Ball Lightning+1"],"relics":["Cracked Core","NeowsBlessing","Toy Ornithopter","War Paint","Boot"],"acts_visited":["Exordium"],"potions_floor_usage":[16],"damage_taken":[{"damage":0,"enemies":"Jaw Worm","floor":1,"turns":1},{"damage":0,"enemies":"Cultist","floor":5,"turns":1},{"damage":0,"enemies":"3 Sentries","floor":6,"turns":1},{"damage":0,"enemies":"Small Slimes","floor":8,"turns":2},{"damage":19,"enemies":"Lagavulin","floor":10,"turns":9},{"damage":0,"enemies":"2 Fungi Beasts","floor":14,"turns":2},{"damage":92,"enemies":"Fading Forest","floor":16,"turns":9}],"seed_played":"3098323728909757608","potions_obtained":[{"floor":1,"key":"BlessingOfTheForge"},{"floor":6,"key":"BlessingOfTheForge"},{"floor":10,"key":"Adrenaline Potion"}],"is_trial":false,"path_per_floor":["M","$","?","$","M","E","R","M","T","E","$","R","?","M","R","B"],"character_chosen":"DEFECT","items_purchased":["Ball Lightning+1"],"campfire_rested":0,"item_purchase_floors":[11],"current_hp_per_floor":[75,75,75,75,75,75,75,75,75,56,56,56,56,56,56,0,0],"gold":46,"neow_bonus":"THREE_ENEMY_KILL","is_daily":false,"chose_seed":false,"campfire_upgraded":3,"win_rate":0.0,"timestamp":1610007485,"path_taken":["M","$","?","?","M","E","R","?","T","E","$","R","?","M","R","BOSS"],"items_purchased_type":["Card"],"build_version":"2020-12-22","purchased_purges":2,"victory":false,"max_hp_per_floor":[75,75,75,75,75,75,75,75,75,75,75,75,75,75,75,75,75],"card_choices":[{"not_picked":["Steam","Loop"],"picked":"Go for the Eyes","floor":1},{"not_picked":["Compile Driver","Panic Button"],"picked":"Redo","floor":5},{"not_picked":["Scrape","Hyperbeam"],"picked":"Coolheaded","floor":6},{"not_picked":["Rip and Tear","Panic Button"],"picked":"Turbo","floor":8},{"not_picked":["Ball Lightning","Consume"],"picked":"Defragment","floor":10},{"not_picked":["Barrage","Gash","Stack"],"picked":"SKIP","floor":14}],"player_experience":81807,"relics_obtained":[{"floor":6,"key":"Toy Ornithopter"},{"floor":9,"key":"War Paint"},{"floor":10,"key":"Boot"}],"event_choices":[{"damage_healed":0,"gold_gain":0,"player_choice":"Forge","damage_taken":0,"max_hp_gain":0,"max_hp_loss":0,"event_name":"Accursed Blacksmith","floor":3,"gold_loss":0,"cards_upgraded":["Dualcast"]}],"is_beta":false,"boss_relics":[],"items_purged_floors":[2,11],"is_endless":false,"potions_floor_spawned":[1,6,10,14],"killed_by":"Fading Forest","ascension_level":2}}