{"host":"a0paspe0zwqgzttz","time":1610043340,"event":{"mods":["AchievementEnabler","Act Like it!","BaseMod","BetterRewards","Colored Powertips","Conspire","Downfall","GifTheSpireLib","Hermit","Highlight Path","Lobotomy","Mad Scientist","Marisa????????","Minty Spire (QoL Compilation)","Quick Restart","Replay The Spire","Robot Space Explorer","Shop Mod","StSLib","SuperFastMode","The Bug Knight","The Construct","The Cursed","The Hierophant","The Jungle","The Mystic","The Necromancer","The Runesmith","The Senshi","The Servant 0.9.4"],"gold_per_floor":[199,218,228,238,238,122,122,47,58,58,58,68,68,87,107,107,107],"floor_reached":16,"playtime":507,"items_purged":[],"score":94,"play_id":"5c88eb8f-8577-4872-a5f6-56c9edc0c421","local_time":"20210107131540","is_ascension_mode":false,"campfire_choices":[{"floor":1,"key":"RECALL"},{"data":"hermit:FullyLoaded","floor":8,"key":"SMITH"},{"data":"hermit:Snapshot","floor":13,"key":"SMITH"}],"circlet_count":0,"master_deck":["hermit:Strike_Hermit","hermit:Strike_Hermit","hermit:Strike_Hermit","hermit:Strike_Hermit","hermit:Defend_Hermit","hermit:Defend_Hermit","hermit:Defend_Hermit","hermit:Defend_Hermit","hermit:Snapshot+1","hermit:Covet","hermit:Gestalt","hermit:FullyLoaded+1","hermit:Vantage","hermit:FlashPowder","hermit:BigShot","hermit:BigShot","hermit:WideOpen+1","hermit:FullyLoaded","hermit:Deadeye","hermit:Glare","hermit:Gestalt"],"relics":["hermit:Momento","Bag of Marbles","downfall:HeartBlessingRed","downfall:BrokenWingStatue"],"acts_visited":["Exordium"],"potions_floor_usage":[12,16],"damage_taken":[{"damage":1,"enemies":"Jaw Worm","floor":2,"turns":3},{"damage":2,"enemies":"Cultist","floor":3,"turns":4},{"damage":3,"enemies":"2 Louse","floor":4,"turns":3},{"damage":0,"enemies":"downfall:FleeingMerchant","floor":6,"turns":4},{"damage":2,"enemies":"Large Slime","floor":9,"turns":6},{"damage":2,"enemies":"Exordium Thugs","floor":12,"turns":3},{"damage":7,"enemies":"Blue Slaver","floor":14,"turns":2},{"damage":21,"enemies":"Large Slime","floor":15,"turns":6},{"damage":51,"enemies":"downfall:Ironclad","floor":16,"turns":9}],"seed_played":"2473460744806845370","potions_obtained":[{"floor":2,"key":"AttackPotion"},{"floor":3,"key":"GamblersBrew"},{"floor":4,"key":"construct:ShiftPotion"},{"floor":9,"key":"SteroidPotion"},{"floor":12,"key":"conspire:TimeTravelPotion"}],"is_trial":false,"path_per_floor":["R","M","M","M","?","$","T","R","M","?","?","M","R","M","M","B"],"character_chosen":"HERMIT","items_purchased":["hermit:BigShot","hermit:WideOpen"],"campfire_rested":0,"item_purchase_floors":[6,6],"current_hp_per_floor":[75,74,72,69,69,69,69,69,67,67,67,65,65,58,37,0,0],"gold":107,"neow_bonus":"HUNDRED_GOLD","is_daily":false,"chose_seed":false,"campfire_upgraded":2,"win_rate":0.0,"timestamp":1610043340,"path_taken":["R","M","M","M","?","$","T","R","?","?","?","?","R","M","M","BOSS"],"items_purchased_type":["Card","Card"],"build_version":"2020-12-22","purchased_purges":0,"victory":false,"max_hp_per_floor":[75,75,75,75,75,75,75,75,75,75,75,75,75,75,75,75,75],"card_choices":[{"not_picked":["hermit:Glare","hermit:Coalescence"],"picked":"hermit:Gestalt","floor":2},{"not_picked":["hermit:Coalescence","hermit:GhostlyPresence"],"picked":"hermit:FullyLoaded","floor":3},{"not_picked":["hermit:TakeAim","hermit:PistolWhip"],"picked":"hermit:Vantage","floor":4},{"not_picked":["hermit:EyeOfTheStorm","hermit:LowProfile"],"picked":"hermit:FlashPowder","floor":6},{"not_picked":["hermit:BodyArmor","hermit:EyeOfTheStorm"],"picked":"hermit:FullyLoaded","floor":9},{"not_picked":["hermit:SprayPray","hermit:Determination"],"picked":"hermit:Deadeye","floor":12},{"not_picked":["hermit:HoleUp","hermit:Manifest"],"picked":"hermit:Glare","floor":14},{"not_picked":["hermit:Ricochet","hermit:Dive"],"picked":"hermit:Gestalt","floor":15}],"player_experience":448736,"relics_obtained":[{"floor":7,"key":"Bag of Marbles"}],"event_choices":[{"damage_healed":0,"gold_gain":0,"player_choice":"Ignored","damage_taken":0,"max_hp_gain":0,"max_hp_loss":0,"event_name":"Purifier","floor":5,"gold_loss":0},{"damage_healed":0,"gold_gain":0,"player_choice":"Grow","damage_taken":0,"max_hp_gain":0,"max_hp_loss":0,"event_name":"Living Wall","floor":10,"gold_loss":0,"cards_upgraded":["hermit:WideOpen"]}],"is_beta":false,"boss_relics":[],"items_purged_floors":[],"is_endless":false,"potions_floor_spawned":[2,3,4,9,12],"killed_by":"downfall:Ironclad","ascension_level":0}}