{"host":"y3h3n3f7seyagppx","time":1610059246,"event":{"mods":["BaseMod","Colored Map","Colored Powertips","DeckTracker","Minty Spire (QoL Compilation)","Random Character Button","Rare Cards Sparkle","Relic Sorter","Relic Stats","StSLib"],"gold_per_floor":[111,111,135,285,304,304,344,360,360,360,84,120,140,178,178,273,273,273,273,273,273,273,273,273,273,273,273,273,273,273,273,273],"floor_reached":31,"playtime":2991,"items_purged":["Doubt"],"score":630,"play_id":"0bb46218-8c9b-45c8-ace0-dc0429dcf96e","local_time":"20210107174046","is_ascension_mode":true,"campfire_choices":[{"data":"Uppercut","floor":6,"key":"SMITH"},{"data":"Inflame","floor":10,"key":"SMITH"},{"data":"Armaments","floor":15,"key":"SMITH"},{"floor":23,"key":"REST"},{"floor":29,"key":"REST"}],"circlet_count":0,"master_deck":["AscendersBane","Strike_R","Strike_R","Strike_R","Strike_R","Strike_R","Defend_R","Defend_R","Defend_R","Defend_R","Bash+1","Inflame+1","Uppercut+1","Power Through","Inflame","Flame Barrier","Armaments+1","Double Tap","Feed","Battle Trance","Whirlwind","Impervious","Twin Strike+1","Body Slam+1","Fire Breathing","Dark Embrace+1","Offering","Entrench"],"relics":["Burning Blood","Golden Idol","Smiling Mask","Matryoshka","Lee\u0027s Waffle","Champion Belt","Question Card","Ectoplasm","Dream Catcher","Self Forming Clay","Molten Egg 2","CeramicFish","Mummified Hand","Boot","Frozen Egg 2"],"acts_visited":["Exordium","TheCity"],"potions_floor_usage":[7,7,12,14,14,24,25,28],"damage_taken":[{"damage":5,"enemies":"Small Slimes","floor":1,"turns":4},{"damage":7,"enemies":"Jaw Worm","floor":3,"turns":3},{"damage":4,"enemies":"Cultist","floor":5,"turns":4},{"damage":17,"enemies":"Gremlin Nob","floor":7,"turns":4},{"damage":11,"enemies":"2 Fungi Beasts","floor":8,"turns":5},{"damage":25,"enemies":"3 Sentries","floor":12,"turns":8},{"damage":1,"enemies":"Blue Slaver","floor":13,"turns":5},{"damage":24,"enemies":"Gremlin Nob","floor":14,"turns":5},{"damage":25,"enemies":"Slime Boss","floor":16,"turns":9},{"damage":14,"enemies":"Spheric Guardian","floor":18,"turns":4},{"damage":10,"enemies":"Shell Parasite","floor":19,"turns":5},{"damage":25,"enemies":"Centurion and Healer","floor":21,"turns":9},{"damage":3,"enemies":"Shelled Parasite and Fungi","floor":24,"turns":5},{"damage":34,"enemies":"Slavers","floor":25,"turns":6},{"damage":15,"enemies":"Snake Plant","floor":27,"turns":4},{"damage":25,"enemies":"Book of Stabbing","floor":28,"turns":5},{"damage":46,"enemies":"Gremlin Leader","floor":30,"turns":5},{"damage":34,"enemies":"Snecko","floor":31,"turns":4}],"seed_played":"4726908499573397765","potions_obtained":[{"floor":1,"key":"Energy Potion"},{"floor":5,"key":"Block Potion"},{"floor":8,"key":"GamblersBrew"},{"floor":12,"key":"ElixirPotion"},{"floor":18,"key":"Fire Potion"},{"floor":21,"key":"DistilledChaos"},{"floor":27,"key":"SpeedPotion"},{"floor":28,"key":"FairyPotion"}],"is_trial":false,"path_per_floor":["M","?","M","?","M","R","E","M","T","R","$","E","M","E","R","B",null,"M","M","?","M","T","R","M","E","T","M","E","R","E","M"],"character_chosen":"IRONCLAD","items_purchased":["Lee\u0027s Waffle","SkillPotion"],"campfire_rested":2,"item_purchase_floors":[11,11],"current_hp_per_floor":[69,68,67,67,68,68,57,52,52,52,75,56,61,43,43,24,62,54,50,50,34,34,57,60,35,35,29,10,35,25,0,0],"gold":273,"neow_bonus":"UPGRADE_CARD","is_daily":false,"chose_seed":false,"campfire_upgraded":3,"win_rate":0.0,"timestamp":1610059246,"path_taken":["M","?","M","?","M","R","E","M","T","R","$","E","M","E","R","BOSS","M","M","?","M","?","R","M","E","T","?","E","R","E","M"],"items_purchased_type":["Relic","Potion"],"build_version":"2020-12-22","purchased_purges":1,"victory":false,"max_hp_per_floor":[75,68,68,68,68,68,68,68,68,68,75,75,75,75,75,75,75,75,75,75,78,78,78,78,81,81,84,84,84,84,84,84],"relic_stats":{"Lee\u0027s Waffle":23,"counters":[18,94],"Golden Idol":98,"Self Forming Clay":[60],"CeramicFish":0,"Smiling Mask":25,"Question Card":11,"Boot":[6],"Burning Blood":101,"Dream Catcher":2,"Mummified Hand":[19],"Ectoplasm":232,"Champion Belt":[20],"obtain_stats":[{"Lee\u0027s Waffle":11,"Golden Idol":2,"Self Forming Clay":22,"CeramicFish":26,"Frozen Egg 2":30,"Smiling Mask":7,"Question Card":14,"Boot":28,"Burning Blood":0,"Dream Catcher":22,"Matryoshka":9,"Mummified Hand":26,"Molten Egg 2":25,"Ectoplasm":17,"Champion Belt":12},{"Lee\u0027s Waffle":5,"Golden Idol":1,"Self Forming Clay":12,"CeramicFish":14,"Frozen Egg 2":17,"Smiling Mask":4,"Question Card":8,"Boot":16,"Burning Blood":0,"Dream Catcher":12,"Matryoshka":5,"Mummified Hand":14,"Molten Egg 2":14,"Ectoplasm":9,"Champion Belt":6},{"Lee\u0027s Waffle":20,"Golden Idol":4,"Self Forming Clay":65,"CeramicFish":76,"Frozen Egg 2":90,"Smiling Mask":15,"Question Card":38,"Boot":85,"Burning Blood":0,"Dream Catcher":65,"Matryoshka":20,"Mummified Hand":76,"Molten Egg 2":76,"Ectoplasm":47,"Champion Belt":28}]},"card_choices":[{"not_picked":["Anger","Feel No Pain"],"picked":"Inflame","floor":1},{"not_picked":["Heavy Blade","Flex"],"picked":"Uppercut","floor":3},{"not_picked":["Heavy Blade","Flame Barrier"],"picked":"Power Through","floor":5},{"not_picked":["Reckless Charge","Perfected Strike","Iron Wave"],"picked":"SKIP","floor":7},{"not_picked":["Seeing Red","Rage"],"picked":"Inflame","floor":8},{"not_picked":["Dual Wield","Havoc"],"picked":"Flame Barrier","floor":12},{"not_picked":["Pommel Strike","Cleave"],"picked":"Armaments","floor":13},{"not_picked":["Sever Soul","Body Slam"],"picked":"Double Tap","floor":14},{"not_picked":["Exhume","Brutality","Immolate"],"picked":"Feed","floor":16},{"not_picked":["True Grit","Sentinel","Flex"],"picked":"Battle Trance","floor":18},{"not_picked":["Thunderclap","Cleave","True Grit","Anger"],"picked":"SKIP","floor":19},{"not_picked":["Whirlwind","Clash","Anger"],"picked":"Impervious","floor":21},{"not_picked":["Flex","Metallicize","Searing Blow"],"picked":"Twin Strike+1","floor":23},{"not_picked":["Heavy Blade","Armaments","Clothesline","Headbutt"],"picked":"SKIP","floor":24},{"not_picked":["Thunderclap+1","Shockwave","Power Through"],"picked":"Body Slam+1","floor":25},{"not_picked":["Clash+1","Havoc","Anger+1"],"picked":"Fire Breathing","floor":27},{"not_picked":["Flex","Inflame","Rupture+1"],"picked":"Dark Embrace+1","floor":28},{"not_picked":["Whirlwind+1","Battle Trance","Twin Strike+1"],"picked":"Offering","floor":29},{"not_picked":["Anger+1","Perfected Strike+1","Thunderclap+1"],"picked":"Entrench","floor":30}],"player_experience":20432966,"relics_obtained":[{"floor":7,"key":"Smiling Mask"},{"floor":9,"key":"Matryoshka"},{"floor":12,"key":"Champion Belt"},{"floor":14,"key":"Question Card"},{"floor":22,"key":"Dream Catcher"},{"floor":22,"key":"Self Forming Clay"},{"floor":25,"key":"Molten Egg 2"},{"floor":26,"key":"CeramicFish"},{"floor":26,"key":"Mummified Hand"},{"floor":28,"key":"Boot"},{"floor":30,"key":"Frozen Egg 2"}],"event_choices":[{"damage_healed":0,"gold_gain":0,"player_choice":"Lose Max HP","damage_taken":0,"relics_obtained":["Golden Idol"],"max_hp_gain":0,"max_hp_loss":7,"event_name":"Golden Idol","floor":2,"gold_loss":0},{"damage_healed":0,"gold_gain":150,"player_choice":"AGREE","damage_taken":0,"max_hp_gain":0,"max_hp_loss":0,"event_name":"Liars Game","floor":4,"gold_loss":0,"cards_obtained":["Doubt"]},{"damage_healed":0,"gold_gain":0,"player_choice":"Read","damage_taken":0,"max_hp_gain":0,"max_hp_loss":0,"event_name":"The Library","floor":20,"gold_loss":0,"cards_obtained":["Whirlwind"]}],"is_beta":false,"boss_relics":[{"not_picked":["Black Blood","Busted Crown"],"picked":"Ectoplasm"}],"items_purged_floors":[11],"is_endless":false,"potions_floor_spawned":[1,5,8,12,18,21,27,28],"killed_by":"Snecko","ascension_level":20}}