{"host":"qhn6g0owdgjb77rz","time":1610037866,"event":{"mods":["BaseMod","BetterRewards","Colored Map","Minty Spire (QoL Compilation)","Relic Sorter","Replay The Spire","StSLib"],"gold_per_floor":[112,132,146,146,1,1,12,39,66,66,83,103,103,136,136,210,210,229,229,247,257,257,284,284,310,360,372,384,430,442,473,485,497,497],"floor_reached":33,"playtime":1807,"items_purged":[],"score":781,"play_id":"86a61c3e-d6d3-4aed-896c-a2e03d6fee0e","local_time":"20210108014426","is_ascension_mode":true,"campfire_choices":[{"data":"Capacitor","floor":6,"key":"SMITH"},{"data":"Capacitor","floor":10,"key":"SMITH"},{"data":"FIFO Queue","floor":13,"key":"SMITH"},{"data":"Blizzard","floor":15,"key":"SMITH"},{"data":"Chill","floor":24,"key":"PURGE"},{"data":"Dualcast","floor":28,"key":"PURGE"},{"data":"Decay","floor":32,"key":"PURGE"}],"circlet_count":0,"master_deck":["AscendersBane","Defend_B","Defend_B","Defend_B","Defend_B","Zap","Cold Snap","Coolheaded","ReplayTheSpireMod:Repulse","Blizzard+1","Coolheaded+1","Coolheaded+1","Capacitor+1","Capacitor+1","ReplayTheSpireMod:Private Reserves+1","FIFO Queue+1","Coolheaded+1","Creative AI","Coolheaded+1","Ghostly+1","Ghostly+1","Ghostly+1","Ghostly+1","Ghostly+1","Creative AI","Mirror Shield+1","Bite","Bite","Bite","Bite","Bite","Cold Snap+1"],"relics":["Cracked Core","Peace Pipe","Orrery","Toxic Egg 2","ReplayTheSpireMod:Ring of Collecting","Ring of Fury","Geode","Strawberry","Ring of Panic","Lantern","Sozu","Anchor","Pear","Ring of Greed","ReplayTheSpireMod:Ninjato","MawBank","Replay:Wax Seal","Pen Nib"],"acts_visited":["Exordium","TheCity"],"potions_floor_usage":[8,14,16],"damage_taken":[{"damage":0,"enemies":"Cultist","floor":1,"turns":4},{"damage":0,"enemies":"2 Louse","floor":2,"turns":2},{"damage":0,"enemies":"Small Slimes","floor":3,"turns":3},{"damage":2,"enemies":"Blue Slaver","floor":7,"turns":3},{"damage":14,"enemies":"3 Sentries","floor":8,"turns":6},{"damage":17,"enemies":"3 Louse","floor":11,"turns":3},{"damage":0,"enemies":"2 Fungi Beasts","floor":12,"turns":2},{"damage":19,"enemies":"Replay:BlueRogue","floor":14,"turns":9},{"damage":9,"enemies":"The Guardian","floor":16,"turns":10},{"damage":22,"enemies":"2 Thieves","floor":18,"turns":4},{"damage":6,"enemies":"3 Byrds","floor":20,"turns":5},{"damage":11,"enemies":"Centurion and Healer","floor":21,"turns":9},{"damage":21,"enemies":"Book of Stabbing","floor":23,"turns":10},{"damage":5,"enemies":"Replay:Snechameleon","floor":25,"turns":8},{"damage":7,"enemies":"Slavers","floor":29,"turns":7},{"damage":15,"enemies":"Snake Plant","floor":31,"turns":6},{"damage":18,"enemies":"Champ","floor":33,"turns":2}],"seed_played":"5901860896966306928","potions_obtained":[{"floor":2,"key":"Languid Potion"},{"floor":7,"key":"Explosive Potion"},{"floor":11,"key":"AttackPotion"}],"is_trial":false,"path_per_floor":["M","M","M","?","$","R","M","E","T","R","M","M","R","E","R","B",null,"M","?","M","M","?","E","R","E","T","?","R","E","?","M","R","B"],"character_chosen":"DEFECT","items_purchased":["Orrery","Blizzard","Toxic Egg 2","Blood Vial","Capacitor","ReplayTheSpireMod:Private Reserves+1"],"campfire_rested":0,"item_purchase_floors":[0,0,0,0,5,5],"current_hp_per_floor":[66,68,70,70,70,70,69,57,64,64,49,51,51,34,34,27,65,45,45,41,32,32,13,13,20,20,20,20,15,15,12,12,0,0],"gold":497,"neow_bonus":"","is_daily":false,"chose_seed":false,"campfire_upgraded":4,"win_rate":0.0,"timestamp":1610037866,"path_taken":["M","?","?","?","$","R","M","E","T","R","M","M","R","E","R","BOSS","M","?","?","M","?","E","R","E","T","?","R","E","?","?","R","BOSS"],"items_purchased_type":["Relic","Card","Relic","Relic","Card","Card"],"build_version":"2020-12-22","purchased_purges":0,"victory":false,"max_hp_per_floor":[71,71,71,71,71,71,71,71,78,78,78,78,78,78,78,78,78,78,78,78,78,39,39,39,49,49,49,49,49,49,49,49,49,49],"card_choices":[{"not_picked":["Leap","Go for the Eyes"],"picked":"Cold Snap","floor":0},{"not_picked":["Melter","Chaos"],"picked":"Chill","floor":0},{"not_picked":["Ball Lightning","Barrage"],"picked":"Coolheaded","floor":0},{"not_picked":["Reinforced Body","Meteor Strike"],"picked":"Go for the Eyes","floor":0},{"not_picked":["Barrage","Recycle"],"picked":"ReplayTheSpireMod:Repulse","floor":0},{"not_picked":["Double Energy+1","Rebound","Compile Driver"],"picked":"SKIP","floor":1},{"not_picked":["ReplayTheSpireMod:Repulse+1","Steam+1"],"picked":"Coolheaded+1","floor":2},{"not_picked":["ReplayTheSpireMod:Reroute Power+1","Static Discharge"],"picked":"Coolheaded+1","floor":3},{"not_picked":["Turbo+1","Meteor Strike","Undo+1"],"picked":"SKIP","floor":7},{"not_picked":["Sunder","Stack+1","Force Field+1"],"picked":"SKIP","floor":8},{"not_picked":["Redo+1","Beam Cell"],"picked":"FIFO Queue","floor":11},{"not_picked":["BasicCrystalCard+1","Chaos+1","Ball Lightning"],"picked":"SKIP","floor":12},{"not_picked":["Sweeping Beam","Reboot+1"],"picked":"Coolheaded+1","floor":14},{"not_picked":["Amplify+1","Reboot+1"],"picked":"Creative AI","floor":16},{"not_picked":["Barrage","Rebound","Gash"],"picked":"SKIP","floor":18},{"not_picked":["Fusion+1","Streamline","Rebound"],"picked":"SKIP","floor":20},{"not_picked":["Leap+1","Capacitor"],"picked":"Coolheaded+1","floor":21},{"not_picked":["Stack+1","Core Surge","Redo+1"],"picked":"SKIP","floor":23},{"not_picked":["Hello World","Sweeping Beam","Panic Button+1"],"picked":"SKIP","floor":25},{"not_picked":["Rebound+1","Loop+1"],"picked":"Mirror Shield+1","floor":29},{"not_picked":["Reinforced Body+1","Sweeping Beam"],"picked":"Cold Snap+1","floor":31}],"player_experience":421031,"relics_obtained":[{"floor":4,"key":"ReplayTheSpireMod:Ring of Collecting"},{"floor":4,"key":"Ring of Fury"},{"floor":8,"key":"Geode"},{"floor":9,"key":"Strawberry"},{"floor":9,"key":"Ring of Panic"},{"floor":14,"key":"Lantern"},{"floor":23,"key":"Anchor"},{"floor":25,"key":"Pear"},{"floor":26,"key":"Ring of Greed"},{"floor":26,"key":"ReplayTheSpireMod:Ninjato"},{"floor":26,"key":"MawBank"},{"floor":26,"key":"Replay:Wax Seal"},{"floor":29,"key":"Pen Nib"}],"event_choices":[{"cards_removed":["Go for the Eyes"],"damage_healed":0,"gold_gain":0,"player_choice":"Purged","damage_taken":0,"max_hp_gain":0,"max_hp_loss":0,"event_name":"Purifier","floor":19,"gold_loss":0},{"damage_healed":0,"gold_gain":0,"player_choice":"Became a Ghost","damage_taken":0,"max_hp_gain":0,"max_hp_loss":39,"event_name":"Ghosts","floor":22,"gold_loss":0,"cards_obtained":["Ghostly","Ghostly","Ghostly","Ghostly","Ghostly"]},{"damage_healed":0,"gold_gain":0,"player_choice":"Read","damage_taken":0,"max_hp_gain":0,"max_hp_loss":0,"event_name":"The Library","floor":27,"gold_loss":0,"cards_obtained":["Creative AI"]},{"damage_healed":0,"gold_gain":0,"player_choice":"Became a vampire (Vial)","damage_taken":0,"max_hp_gain":0,"max_hp_loss":0,"event_name":"Vampires","floor":30,"relics_lost":["Blood Vial"],"gold_loss":0,"cards_obtained":["Bite","Bite","Bite","Bite","Bite"]}],"is_beta":false,"boss_relics":[{"not_picked":["Calling Bell","Painkiller Herb"],"picked":"Sozu"}],"items_purged_floors":[],"is_endless":false,"potions_floor_spawned":[2,7,11,18,21,23,31],"killed_by":"Champ","ascension_level":14}}