{"host":"8xi53560pl5zaoq2","time":1610012875,"event":{"mods":["BaseMod","Colored Map","Highlight Path","Minty Spire (QoL Compilation)","StSLib","Synergy Search"],"gold_per_floor":[110,110,129,129,149,149,192,192,192,215,230,230,269,269,269,269,269],"floor_reached":16,"playtime":627,"items_purged":[],"score":187,"play_id":"14db7fcd-f790-413e-bcb1-c88453cbaadd","local_time":"20210107024755","is_ascension_mode":true,"campfire_choices":[{"data":"Armaments","floor":6,"key":"SMITH"},{"data":"Entrench","floor":8,"key":"SMITH"},{"floor":12,"key":"REST"},{"data":"Bash","floor":15,"key":"SMITH"}],"circlet_count":0,"master_deck":["AscendersBane","Strike_R","Strike_R","Strike_R","Strike_R","Defend_R","Defend_R","Defend_R","Defend_R","Bash+1","Armaments+1","Carnage+1","Entrench+1","Fire Breathing","Uppercut+1","Bludgeon+1","Limit Break"],"relics":["Burning Blood","Golden Idol","Molten Egg 2","Dream Catcher","Matryoshka","PreservedInsect","Bird Faced Urn"],"acts_visited":["Exordium"],"potions_floor_usage":[7,16,16],"damage_taken":[{"damage":5,"enemies":"2 Louse","floor":1,"turns":4},{"damage":3,"enemies":"Jaw Worm","floor":3,"turns":5},{"damage":6,"enemies":"Small Slimes","floor":5,"turns":5},{"damage":22,"enemies":"Lagavulin","floor":7,"turns":5},{"damage":0,"enemies":"Exordium Thugs","floor":10,"turns":4},{"damage":11,"enemies":"Large Slime","floor":11,"turns":6},{"damage":28,"enemies":"Gremlin Nob","floor":13,"turns":4},{"damage":42,"enemies":"Hexaghost","floor":16,"turns":9}],"seed_played":"-5610600955763704866","potions_obtained":[{"floor":1,"key":"SteroidPotion"},{"floor":5,"key":"AttackPotion"},{"floor":7,"key":"Explosive Potion"},{"floor":10,"key":"FearPotion"},{"floor":13,"key":"LiquidBronze"}],"is_trial":false,"path_per_floor":["M","?","M","T","M","R","E","R","T","M","M","R","E","?","R","B"],"character_chosen":"IRONCLAD","items_purchased":[],"campfire_rested":1,"item_purchase_floors":[],"current_hp_per_floor":[69,51,54,54,54,54,38,38,38,44,39,61,39,39,39,0,0],"gold":269,"neow_bonus":"REMOVE_CARD","is_daily":false,"chose_seed":false,"campfire_upgraded":3,"win_rate":0.0,"timestamp":1610012875,"path_taken":["M","?","M","?","M","R","E","R","T","M","M","R","E","?","R","BOSS"],"items_purchased_type":[],"build_version":"2020-12-22","purchased_purges":0,"victory":false,"max_hp_per_floor":[75,75,75,75,75,75,75,75,75,75,75,75,75,75,75,75,75],"card_choices":[{"not_picked":["Dual Wield","Twin Strike"],"picked":"Armaments","floor":1},{"not_picked":["Rage","Dual Wield","Anger"],"picked":"SKIP","floor":3},{"not_picked":["Clash+1","Rage"],"picked":"Carnage+1","floor":5},{"not_picked":["Intimidate","Iron Wave+1"],"picked":"Entrench","floor":7},{"not_picked":["Warcry","True Grit"],"picked":"Fire Breathing","floor":10},{"not_picked":["Sentinel","Evolve"],"picked":"Uppercut+1","floor":11},{"not_picked":["Shockwave","Uppercut+1"],"picked":"Bludgeon+1","floor":12},{"not_picked":["Bloodletting","Burning Pact"],"picked":"Limit Break","floor":13}],"player_experience":1268453,"relics_obtained":[{"floor":4,"key":"Molten Egg 2"},{"floor":7,"key":"Dream Catcher"},{"floor":9,"key":"Matryoshka"},{"floor":13,"key":"PreservedInsect"}],"event_choices":[{"damage_healed":0,"gold_gain":0,"player_choice":"Take Damage","damage_taken":18,"relics_obtained":["Golden Idol"],"max_hp_gain":0,"max_hp_loss":0,"event_name":"Golden Idol","floor":2,"gold_loss":0},{"damage_healed":0,"gold_gain":0,"player_choice":"Searched \u00272\u0027 times","damage_taken":0,"relics_obtained":["Bird Faced Urn"],"max_hp_gain":0,"max_hp_loss":0,"event_name":"Dead Adventurer","floor":14,"gold_loss":0}],"is_beta":false,"boss_relics":[],"items_purged_floors":[],"is_endless":false,"potions_floor_spawned":[1,5,7,10,13],"killed_by":"Hexaghost","ascension_level":14}}