{"host":"wppa8gky53tnknhf","time":1610027241,"event":{"mods":["AchievementEnabler","Act Like it!","BaseMod","Better Third Choice","BetterRewards","Card Forge","Colored Powertips","Energized Spire","Hubris","Infinite Spire","Marked Mod","Minty Spire (QoL Compilation)","Permanent Neow","Quick Restart","Rare Cards Sparkle","Relic Stats","Remove Card Discount Mod","Replay The Spire","Spikes Relics","Spire Birthday Party","StSLib","Wandering Minibosses"],"gold_per_floor":[111,130,130,148,166,166,192,208,208,236,249,195,195,207,207,305,305,258,278,288,307,323,350,350,366,366,366,366],"floor_reached":27,"playtime":949,"items_purged":[],"score":264,"play_id":"26deffc6-cbd6-445e-84d8-ed7d4d200997","local_time":"20210107134721","is_ascension_mode":true,"campfire_choices":[{"floor":6.0,"key":"RECALL"},{"floor":13.0,"key":"REST"},{"floor":15.0,"key":"REST"}],"circlet_count":0,"master_deck":["Strike_R+1","Strike_R+1","Strike_R+1","Strike_R+1","Strike_R+1","Defend_R+1","Defend_R+1","Defend_R+1","Defend_R+1","Bash+1","Twin Strike+1","Perfected Strike+1","Spot Weakness+1","Infernal Blade+1","Iron Wave+1","Sword Boomerang+1","Thunderclap+1","Shrug It Off+1","Exhume+1","Infernal Blade+1","Carnage","BarbarianYell+1","Spot Weakness+1","infinitespire:Execution+1","infinitespire:Punishment","Flex+1"],"relics":["Burning Blood","Hammer of Thor","Seething Fire","Anvil of the Gods","Counterbalance","Toxic Egg 2","Red Skull","CosmicIsotope","Replay:Wax Seal","infinitespire:CheckeredPen","Gremlin Food"],"acts_visited":["Exordium","TheCity"],"potions_floor_usage":[27],"damage_taken":[{"damage":0.0,"enemies":"2 Louse","floor":1.0,"turns":2.0},{"damage":0.0,"enemies":"Jaw Worm","floor":2.0,"turns":3.0},{"damage":0.0,"enemies":"Cultist","floor":4.0,"turns":3.0},{"damage":8.0,"enemies":"Large Slime","floor":5.0,"turns":4.0},{"damage":41.0,"enemies":"Lagavulin","floor":7.0,"turns":4.0},{"damage":2.0,"enemies":"Looter","floor":8.0,"turns":2.0},{"damage":15.0,"enemies":"Gremlin Nob","floor":10.0,"turns":3.0},{"damage":0.0,"enemies":"Gremlin Gang","floor":11.0,"turns":2.0},{"damage":0.0,"enemies":"Exordium Wildlife","floor":14.0,"turns":2.0},{"damage":24.0,"enemies":"Hexaghost","floor":16.0,"turns":4.0},{"damage":12.0,"enemies":"Shell Parasite","floor":18.0,"turns":6.0},{"damage":10.0,"enemies":"3 Byrds","floor":19.0,"turns":4.0},{"damage":29.0,"enemies":"Shelled Parasite and Fungi","floor":20.0,"turns":3.0},{"damage":10.0,"enemies":"Cultist and Chosen","floor":21.0,"turns":3.0},{"damage":14.0,"enemies":"Snake Plant","floor":22.0,"turns":3.0},{"damage":16.0,"enemies":"Slavers","floor":23.0,"turns":4.0},{"damage":18.0,"enemies":"Shelled Parasite and Fungi","floor":25.0,"turns":2.0},{"damage":0,"enemies":"Replay:Snechameleon","floor":27,"turns":1}],"seed_played":"3628996950433801858","potions_obtained":[{"floor":1.0,"key":"PowerPotion"},{"floor":5.0,"key":"Weak Potion"},{"floor":10.0,"key":"ColorlessPotion"},{"floor":16.0,"key":"Weak Potion"},{"floor":20.0,"key":"PowerPotion"},{"floor":22.0,"key":"Venom Potion"},{"floor":23.0,"key":"Explosive Potion"}],"is_trial":false,"path_per_floor":["M","M","?","M","M","R","E","M","T","E","M","$","R","M","R","B",null,"M","M","M","M","M","E","AVR","M","T","E"],"character_chosen":"IRONCLAD","items_purchased":["Shrug It Off+1"],"campfire_rested":2,"item_purchase_floors":[12],"current_hp_per_floor":[80,80,80,80,78,78,43,47,47,38,44,44,68,74,80,62,80,74,70,47,43,35,25,25,13,13,13,13],"gold":366,"neow_bonus":"ONE_RARE_RELIC","is_daily":false,"chose_seed":false,"campfire_upgraded":0,"win_rate":0.0,"timestamp":1610027241,"path_taken":["M","M","?","M","M","R","E","M","T","E","M","?","R","M","R","BOSS","M","M","M","M","M","E","AVR","M","T","E"],"items_purchased_type":["Card"],"build_version":"2020-12-22","purchased_purges":0,"victory":false,"max_hp_per_floor":[80,80,80,80,80,80,80,80,80,80,80,80,80,80,80,80,80,80,80,80,80,80,80,80,80,80,80,80],"relic_stats":{"counters":[18,55],"obtain_stats":[{"Gremlin Food":26,"Anvil of the Gods":0,"Counterbalance":0,"Hammer of Thor":0,"CosmicIsotope":17,"Seething Fire":0,"infinitespire:CheckeredPen":24,"Toxic Egg 2":7,"Replay:Wax Seal":23,"Burning Blood":0,"Red Skull":10},{"Gremlin Food":17,"Anvil of the Gods":0,"Counterbalance":0,"Hammer of Thor":0,"CosmicIsotope":10,"Seething Fire":0,"infinitespire:CheckeredPen":16,"Toxic Egg 2":5,"Replay:Wax Seal":16,"Burning Blood":0,"Red Skull":7},{"Gremlin Food":54,"Anvil of the Gods":0,"Counterbalance":0,"Hammer of Thor":0,"CosmicIsotope":29,"Seething Fire":0,"infinitespire:CheckeredPen":52,"Toxic Egg 2":16,"Replay:Wax Seal":52,"Burning Blood":0,"Red Skull":21}],"Burning Blood":84},"card_choices":[{"not_picked":["Heavy Blade","Headbutt"],"picked":"Twin Strike","floor":1.0},{"not_picked":["Absolvement","Flex"],"picked":"Perfected Strike","floor":2.0},{"not_picked":["Ghostly Armor","Combust"],"picked":"Spot Weakness","floor":4.0},{"not_picked":["Dual Wield","Feel No Pain"],"picked":"Infernal Blade","floor":5.0},{"not_picked":["Dark Embrace","Massacre"],"picked":"Iron Wave","floor":7.0},{"not_picked":["Havoc+1","Bloodletting+1"],"picked":"Sword Boomerang","floor":8.0},{"not_picked":["Combust","Hemokinesis","Power Through+1"],"picked":"SKIP","floor":10.0},{"not_picked":["Clash","Exhume+1"],"picked":"Thunderclap","floor":11.0},{"not_picked":["Invigoration","Dropkick","Clothesline"],"picked":"SKIP","floor":14.0},{"not_picked":["Impervious+1","Double Tap+1"],"picked":"Exhume+1","floor":16.0},{"not_picked":["Twin Strike+1","Run Through"],"picked":"Infernal Blade+1","floor":18.0},{"not_picked":["Run Through","Flex+1"],"picked":"Carnage","floor":19.0},{"not_picked":["Anger+1","Armaments+1"],"picked":"BarbarianYell+1","floor":20.0},{"not_picked":["Clothesline","Rupture","Pommel Strike"],"picked":"SKIP","floor":21.0},{"not_picked":["ReplayTheSpireMod:Stacked+1","Twin Strike+1"],"picked":"Spot Weakness+1","floor":22.0},{"not_picked":["Dropkick+1","Anger+1","Battle Trance+1"],"picked":"SKIP","floor":23.0},{"not_picked":["Rupture","Wild Strike+1"],"picked":"Flex+1","floor":25.0}],"player_experience":685564,"relics_obtained":[{"floor":7.0,"key":"Toxic Egg 2"},{"floor":10.0,"key":"Red Skull"},{"floor":23.0,"key":"Replay:Wax Seal"},{"floor":26.0,"key":"Gremlin Food"}],"event_choices":[{"damage_healed":80.0,"max_hp_gain":0.0,"max_hp_loss":80.0,"gold_gain":0.0,"event_name":"betterThird:BetterShining","player_choice":"Leave","floor":3.0,"gold_loss":0.0,"damage_taken":0.0}],"is_beta":false,"boss_relics":[{"not_picked":["energizedSpire:DecayingSkull","SacredBark"],"picked":"CosmicIsotope"}],"items_purged_floors":[],"is_endless":false,"potions_floor_spawned":[1,5,10,16,20,22,23,25],"killed_by":"Replay:Snechameleon","ascension_level":1}}