{"host":"okln270zkafj6dck","time":1610009783,"event":{"mods":["BaseMod","Minty Spire (QoL Compilation)","Permanent Neow","Quick Restart","Relic Stats","StSLib","SuperFastMode"],"gold_per_floor":[115,135,149,149,162,162,187,187,187,187,187],"floor_reached":10,"playtime":174,"items_purged":[],"score":136,"play_id":"2f8bb2db-4620-4618-999e-1fd85b2c95b9","local_time":"20210107005623","is_ascension_mode":true,"campfire_choices":[{"data":"Dagger Spray","floor":6,"key":"SMITH"}],"circlet_count":0,"master_deck":["AscendersBane","Strike_G","Strike_G","Strike_G","Strike_G","Defend_G","Defend_G","Defend_G","Defend_G","Defend_G","Survivor","Neutralize","Deadly Poison","Dagger Spray+1","Acrobatics","Dash"],"relics":["Velvet Choker","Pear","Darkstone Periapt","Bottled Lightning"],"acts_visited":["Exordium"],"potions_floor_usage":[5,10],"damage_taken":[{"damage":0,"enemies":"2 Louse","floor":1,"turns":4},{"damage":1,"enemies":"Small Slimes","floor":2,"turns":4},{"damage":1,"enemies":"Cultist","floor":3,"turns":4},{"damage":15,"enemies":"Exordium Thugs","floor":5,"turns":4},{"damage":27,"enemies":"3 Sentries","floor":7,"turns":9},{"damage":33,"enemies":"Gremlin Nob","floor":10,"turns":3}],"seed_played":"-9107115037705420519","potions_obtained":[{"floor":2,"key":"Fire Potion"},{"floor":3,"key":"CunningPotion"}],"is_trial":false,"path_per_floor":["M","M","M","?","M","R","E","?","T","E"],"character_chosen":"THE_SILENT","items_purchased":[],"campfire_rested":0,"item_purchase_floors":[],"current_hp_per_floor":[59,58,57,50,35,35,18,13,13,0,0],"gold":187,"neow_bonus":"BOSS_RELIC","is_daily":false,"chose_seed":false,"campfire_upgraded":1,"win_rate":0.0,"timestamp":1610009783,"path_taken":["M","M","M","?","M","R","E","?","T","E"],"items_purchased_type":[],"build_version":"2020-12-22","purchased_purges":0,"victory":false,"max_hp_per_floor":[66,66,66,66,66,66,76,76,76,76,76],"relic_stats":{"Darkstone Periapt":0,"counters":[6,28],"obtain_stats":[{"Darkstone Periapt":8,"Pear":7,"Velvet Choker":0,"Bottled Lightning":9,"Ring of the Snake":0},{"Darkstone Periapt":5,"Pear":5,"Velvet Choker":0,"Bottled Lightning":5,"Ring of the Snake":0},{"Darkstone Periapt":25,"Pear":25,"Velvet Choker":0,"Bottled Lightning":25,"Ring of the Snake":0}]},"card_choices":[{"not_picked":["Underhanded Strike","Concentrate","Bane"],"picked":"SKIP","floor":1},{"not_picked":["Leg Sweep","Well Laid Plans"],"picked":"Deadly Poison","floor":2},{"not_picked":["Heel Hook","Backflip"],"picked":"Dagger Spray","floor":3},{"not_picked":["Endless Agony","PiercingWail"],"picked":"Acrobatics","floor":5},{"not_picked":["Riddle With Holes","Endless Agony"],"picked":"Dash","floor":7}],"player_experience":84971,"relics_obtained":[{"floor":7,"key":"Pear"},{"floor":9,"key":"Bottled Lightning"}],"event_choices":[{"cards_removed":["Strike_G"],"damage_healed":0,"gold_gain":0,"player_choice":"Card Removal","damage_taken":7,"max_hp_gain":0,"max_hp_loss":0,"event_name":"Golden Wing","floor":4,"gold_loss":0},{"damage_healed":0,"gold_gain":0,"player_choice":"Success","damage_taken":5,"relics_obtained":["Darkstone Periapt"],"max_hp_gain":0,"max_hp_loss":0,"event_name":"Scrap Ooze","floor":8,"gold_loss":0}],"is_beta":false,"boss_relics":[],"items_purged_floors":[],"is_endless":false,"potions_floor_spawned":[2,3],"killed_by":"Gremlin Nob","ascension_level":20}}