{"host":"uy3xxt3jvdg1h0wo","time":1610057944,"event":{"mods":["Act Like it!","Arknights The Spire","Aspiration","Astrologer","BaseMod","Better Sensory Stone","Better Vampires","CatGirl Mod","ChefMod","Colored Powertips","Conspire","Displayed Cursed Tome","Dota2Spire","GifTheSpireLib","Gremlin Skip","Grow up Mod","Halation","Hallownest","Hermit","Hubris","JesterMod","Jorbs\u0027s Wanderer Trilogy","Kratos Character Expansion","Melee Mod","Menagerie","Minty Spire (QoL Compilation)","Poor People Problems","RatMod","Remove Card Discount Mod","Replay The Spire","Retaliation","Robot Space Explorer","SCP261 Mod","Shade Mod","Shop Mod","Spicy Shops","Spikes Relics","Spire Birthday Party","StSLib","Stuff the Spire","The Caster","The Cursed","The Factory","The Forsaken","The Hayseed","The Judge","The Jungle","The Kombatant","The Marked","The Necromancer","The Problem Sleuth","TheVacant","TheWitcher","Transform Curses","Virulent Crown","[IsaacMod]????","thorton","vexMod","????"],"gold_per_floor":[114,129,129,4,4,4,19,34,59,59,74,74,89,104,104,204,204,219,234,37,52,67,67,87,4,4,4,19,34,49,64,64,164,164,179,38,53,68,68,68,83,83,83,22,37,0,0,15,33,33],"floor_reached":51,"playtime":6542,"items_purged":["Pride"],"score":792,"play_id":"1ef09a1e-cefa-42d9-a478-1bf4316fbfcc","local_time":"20210107161904","daily_mods":["SealedDeck","Green Cards","Lethality"],"is_ascension_mode":false,"campfire_choices":[{"floor":6,"key":"REST"},{"floor":10,"key":"REST"},{"data":"theVacant:Thoughtseize","floor":15,"key":"SMITH"},{"floor":23,"key":"REST"},{"floor":32,"key":"REST"},{"floor":42,"key":"REST"},{"floor":47,"key":"REST"}],"circlet_count":0,"master_deck":["hubris:Hubris","EpicFetus","hubris:Hubris","theVacant:Dig","theVacant:EmptyShield","theVacant:GraveDigger","theVacant:FranticBlow","theVacant:VoidEmbrace","theVacant:Fling","theVacant:LashOut","theVacant:Soothe+1","theVacant:EyePoke","theVacant:CursedBlast","theVacant:CursedBlast","theVacant:FranticBlow","theVacant:GraveDigger","theVacant:Soothe","theVacant:ShriekingBlast","theVacant:BrassMagnet","theVacant:Thoughtseize+1","theVacant:DimensionTear","theVacant:Showdown","theVacant:Carve","theVacant:Fling","theVacant:Cower","theVacant:CursedBlast","theVacant:GraveWave","theVacant:PitOfDespair","theVacant:Dig+1","theVacant:CursedBlast","theVacant:Throttle+1","theVacant:WhenDarknessComes","theVacant:SurpriseAttack","theVacant:DimensionTear","theVacant:Thoughtseize+1","theVacant:GraveDigger+1","theVacant:Thoughtseize","caster:BurnItDown","hermit:LowProfile","ats:Blood Oath","theVacant:Fling+1","theVacant:Enrage","theVacant:Dig","theVacant:GraveDigger","theVacant:BrassMagnet+1","theVacant:GraveDigger+1","Jack Of All Trades"],"relics":["theVacant:BrassGoblet","HushsDoor","DeathBook","MerchantsRug","theForsaken:Lifeblossom","hubris:HerbalPaste","SlaversCollar","Vajra","theFactory:ChargeChargeCharge","Chaos"],"acts_visited":["Hallownest:Greenpath","Hallownest:Greenpath","theJungle:Jungle"],"potions_floor_usage":[11,16,16,22,24,28,29,30,31,33,41,50,50,50],"damage_taken":[{"damage":25,"enemies":"2_ Uuma","floor":1,"turns":3},{"damage":14,"enemies":"Hallownest:monsterHuskWarrior","floor":2,"turns":2},{"damage":13,"enemies":"Hallownest:monsterMossCharger","floor":7,"turns":3},{"damage":47,"enemies":"Hallownest:2_Tiktiks_1_Baldur_1_Crawlid","floor":8,"turns":4},{"damage":14,"enemies":"Hallownest:Wandering_and_Horned","floor":11,"turns":4},{"damage":8,"enemies":"Hallownest:monsterFoolEater","floor":13,"turns":2},{"damage":48,"enemies":"Hallownest:1_Baldur_1_Crawlid_1_Warrior","floor":14,"turns":5},{"damage":82,"enemies":"Hallownest:BossHornet","floor":16,"turns":6},{"damage":57,"enemies":"theJungle:MUSHROOMGANG","floor":18,"turns":4},{"damage":55,"enemies":"theJungle:5_Spyders","floor":19,"turns":5},{"damage":23,"enemies":"theJungle:Snecko_Cultist_And_Trap","floor":21,"turns":5},{"damage":6,"enemies":"theJungle:SlimyTreeVines","floor":22,"turns":2},{"damage":13,"enemies":"theJungle:2_Phrogs","floor":24,"turns":6},{"damage":43,"enemies":"theJungle:JungleHuntersEncounter","floor":28,"turns":5},{"damage":20,"enemies":"theJungle:2_Snecko_Cultists","floor":29,"turns":3},{"damage":0,"enemies":"theJungle:Lyon","floor":30,"turns":1},{"damage":22,"enemies":"theJungle:Snecko_Cultist_And_Trap","floor":31,"turns":5},{"damage":24,"enemies":"theJungle:QueenSpyder","floor":33,"turns":7},{"damage":75,"enemies":"theFactory:2_Experiment_Personnel","floor":35,"turns":5},{"damage":5,"enemies":"theFactory:BigBot","floor":37,"turns":4},{"damage":124,"enemies":"theFactory:Sentry and Guards","floor":38,"turns":6},{"damage":58,"enemies":"theFactory:DefectiveSentry","floor":41,"turns":3},{"damage":141,"enemies":"theFactory:Personnel_and_Big_Bot","floor":45,"turns":7},{"damage":58,"enemies":"theFactory:DecayingSentinel","floor":48,"turns":8},{"damage":176,"enemies":"theFactory:Experiment01","floor":50,"turns":11}],"seed_played":"8350349167999303424","potions_obtained":[{"floor":2,"key":"Dexterity Potion"},{"floor":8,"key":"Strength Potion"},{"floor":14,"key":"EssenceOfSteel"},{"floor":16,"key":"SkillPotion"},{"floor":24,"key":"Swift Potion"},{"floor":28,"key":"SCP261:GirlTearsPotion"},{"floor":29,"key":"Fire Potion"},{"floor":30,"key":"SkillPotion"},{"floor":38,"key":"SCP261:GirlTearsPotion"},{"floor":45,"key":"Dota2Spire:Clarity"}],"is_trial":false,"path_per_floor":["M","?","?","$","$","R","M","M","T","R","M","?","M","M","R","B",null,"M","M","$","M","M","R","E","R","T","?","M","M","M","M","R","B",null,"M","$","M","M","?","?","M","R","T","R","M","$","R","M","R","B",null],"character_chosen":"THE_VACANT","items_purchased":["Replay:Accelerometer","CultistPotion","DeathBook","theVacant:Showdown","theVacant:Carve","SCP261:BostonMolassesPotion","MerchantsRug","theForsaken:Lifeblossom","hubris:HerbalPaste","theVacant:Dig","Vajra","Prayer Wheel","Chaos","theVacant:GraveDigger","Jack Of All Trades","Explosive Potion","ColorlessPotion","LiquidBronze"],"campfire_rested":6,"item_purchase_floors":[4,17,17,17,17,17,20,20,25,25,36,44,44,46,49,49,49,49],"current_hp_per_floor":[75,71,81,91,101,150,147,110,120,184,180,190,192,154,164,92,235,188,143,153,146,153,248,251,261,271,281,266,267,277,283,385,377,405,352,362,382,288,298,298,261,413,423,433,326,336,503,476,486,351],"gold":33,"neow_bonus":"","is_daily":true,"chose_seed":false,"campfire_upgraded":1,"win_rate":0.0,"timestamp":1610057944,"path_taken":["M","?","?","?","$","R","?","M","T","R","M","?","M","M","R","BOSS","M","?","$","M","M","R","E","R","T","?","M","M","M","?","R","BOSS","M","$","M","M","?","?","?","R","T","R","M","$","R","M","R","BOSS"],"items_purchased_type":["Relic","Potion","Relic","Card","Card","Potion","Relic","Relic","Relic","Card","Relic","Relic","Card","Card","Card","Potion","Potion","Potion"],"build_version":"2020-12-22","purchased_purges":1,"victory":true,"max_hp_per_floor":[100,110,120,130,140,150,160,170,180,190,200,210,220,230,240,250,235,245,255,265,275,285,295,305,315,325,335,345,355,365,375,385,395,405,415,425,435,445,455,465,475,485,495,505,515,525,535,545,555,575],"card_choices":[{"not_picked":[],"picked":"EpicFetus","floor":0},{"not_picked":["theVacant:OnSecondThought","theVacant:ShriekingBlast"],"picked":"theVacant:CursedBlast","floor":1},{"not_picked":["theVacant:Throttle","theVacant:Spinshield"],"picked":"theVacant:CursedBlast","floor":2},{"not_picked":["theVacant:Exorcise","theVacant:EyePoke"],"picked":"theVacant:FranticBlow","floor":7},{"not_picked":["theVacant:GraveWave","theVacant:WaitInWrath"],"picked":"theVacant:GraveDigger","floor":8},{"not_picked":["theVacant:Enrage","theVacant:OnSecondThought"],"picked":"theVacant:ShriekingBlast","floor":11},{"not_picked":["theVacant:OnSecondThought","theVacant:Husk"],"picked":"theVacant:BrassMagnet","floor":13},{"not_picked":["theVacant:TwistFate","theVacant:Dig"],"picked":"theVacant:Thoughtseize","floor":14},{"not_picked":["theVacant:TimeSkip","theVacant:Voidstone"],"picked":"theVacant:DimensionTear","floor":16},{"not_picked":["theVacant:Threat+1","theVacant:ShutAway"],"picked":"theVacant:Fling","floor":18},{"not_picked":["theVacant:TwistFate","theVacant:EmptyShield"],"picked":"theVacant:Cower","floor":19},{"not_picked":["theVacant:Fortify","theVacant:OnSecondThought"],"picked":"theVacant:CursedBlast","floor":21},{"not_picked":["theVacant:IntoTheAbyss","theVacant:Immaterialize"],"picked":"theVacant:GraveWave","floor":22},{"not_picked":["theVacant:Barrage","theVacant:ShriekingBlast+1"],"picked":"theVacant:PitOfDespair","floor":24},{"not_picked":["theVacant:Soothe+1","theVacant:FranticBlow"],"picked":"theVacant:CursedBlast","floor":28},{"not_picked":["theVacant:CursedBlast+1","theVacant:GraveWave"],"picked":"theVacant:Throttle+1","floor":29},{"not_picked":["theVacant:Sneeze","theVacant:Barrage"],"picked":"theVacant:WhenDarknessComes","floor":30},{"not_picked":["theVacant:Soothe","theVacant:Jab+1"],"picked":"theVacant:SurpriseAttack","floor":31},{"not_picked":["theVacant:Prevent","theVacant:MindBreak"],"picked":"theVacant:DimensionTear","floor":33},{"not_picked":["theVacant:GraveWave","theVacant:ShutAway"],"picked":"theVacant:Thoughtseize+1","floor":35},{"not_picked":["theVacant:GraveWave+1","theVacant:CursedBlast+1"],"picked":"theVacant:GraveDigger+1","floor":37},{"not_picked":["theVacant:Spinshield+1","theVacant:Dig"],"picked":"theVacant:Thoughtseize","floor":38},{"not_picked":["rat:Shadowstep","astrologer:ShiningStar"],"picked":"caster:BurnItDown","floor":40},{"not_picked":["DoctorFetus","stsjorbsmod:SchoolsOfMagic"],"picked":"hermit:LowProfile","floor":40},{"not_picked":["TheKombatant:attSwampStrikes","Enlightenment"],"picked":"ats:Blood Oath","floor":40},{"not_picked":["theVacant:ShriekingBlast+1","theVacant:Barrage+1"],"picked":"theVacant:Fling+1","floor":41},{"not_picked":["theVacant:SpiritOrb+1","theVacant:Gloom"],"picked":"theVacant:Enrage","floor":45},{"not_picked":["theVacant:Soothe","theVacant:Exorcise"],"picked":"theVacant:Dig","floor":45},{"not_picked":["theVacant:Fling","theVacant:Return+1"],"picked":"theVacant:BrassMagnet+1","floor":48},{"not_picked":["theVacant:Acceptance+1","theVacant:Cower"],"picked":"theVacant:GraveDigger+1","floor":48}],"player_experience":4850154,"relics_obtained":[{"floor":9,"key":"StuffTheSpire:Mouthbags"},{"floor":24,"key":"Happy Flower"},{"floor":24,"key":"vexMod:FocusSash"},{"floor":26,"key":"War Paint"},{"floor":43,"key":"aspiration:Nostalgia"}],"event_choices":[],"is_beta":false,"boss_relics":[{"not_picked":["conspire:RunicOctahedron","Runic Dome"],"picked":"Black Star"},{"not_picked":[]},{"not_picked":["halation:CatFaceCupcake","Philosopher\u0027s Stone"],"picked":"SlaversCollar"},{"not_picked":[]}],"items_purged_floors":[44],"is_endless":false,"potions_floor_spawned":[2,8,14,16,24,28,29,30,38,45],"ascension_level":0}}