{"host":"50qwps766cbz6ukm","time":1610020231,"event":{"mods":["BaseMod","Colored Map","Colored Powertips","DeckTracker","Highlight Path","Infinite Spire","Minty Spire (QoL Compilation)","Quick Restart","Remove Card Discount Mod","StSLib","SuperFastMode","Synergy Search"],"gold_per_floor":[116,116,128,128,128,163,183,183,183,183,88,102,121,49,49,154,154,167,179,179,179,179,179,207,219,219,219,219,232,232,232,232,327,327,339,176,188,202,127,127,160,160,160,191,191,191],"floor_reached":45,"playtime":1777,"items_purged":["Strike_P","Writhe","Injury","Regret","Defend_P","Defend_P","Defend_P","Defend_P","Strike_P","Strike_P","Strike_P+1","Evaluate+1","BowlingBash","FearNoEvil","Evaluate+1","Outmaneuver+1"],"score":726,"play_id":"b54840f4-ec99-4822-bdbf-b74a08a2cbb1","local_time":"20210107135031","is_ascension_mode":true,"campfire_choices":[{"data":"infinitespire:Collect","floor":8,"key":"SMITH"},{"data":"Vigilance","floor":10,"key":"SMITH"},{"floor":15,"key":"REST"},{"floor":23,"key":"REST"},{"data":"Devotion","floor":28,"key":"SMITH"},{"data":"LessonLearned","floor":30,"key":"SMITH"},{"floor":32,"key":"REST"},{"floor":40,"key":"REST"},{"data":"MasterReality","floor":42,"key":"SMITH"}],"circlet_count":0,"master_deck":["Eruption+1","Vigilance+1","infinitespire:Collect+1","LessonLearned+1","BattleHymn+1","MasterReality+1","EmptyBody+1","FlurryOfBlows+1","Wallop+1","Study+1","Devotion+1","Consecrate+1","Establishment","Consecrate+1","Study+1","Devotion","Thunderclap+1","FlurryOfBlows+1","Parasite"],"relics":["infinitespire:DarkRift","NeowsBlessing","Sundial","infinitespire:Cubic Diamond","Happy Flower","infinitespire:ShieldingShard","Regal Pillow","infinitespire:CursedDice","Pear","Nloth\u0027s Gift","Philosopher\u0027s Stone","PrismaticShard","Vajra","Pantograph","infinitespire:FocusingShard"],"acts_visited":["Exordium","TheCity","TheBeyond"],"potions_floor_usage":[29,38,38,45],"damage_taken":[{"damage":0,"enemies":"2 Louse","floor":1,"turns":1},{"damage":0,"enemies":"Jaw Worm","floor":3,"turns":1},{"damage":2,"enemies":"3 Sentries","floor":6,"turns":2},{"damage":32,"enemies":"Small Slimes","floor":7,"turns":7},{"damage":2,"enemies":"Blue Slaver","floor":12,"turns":3},{"damage":2,"enemies":"Looter","floor":13,"turns":2},{"damage":0,"enemies":"Slime Boss","floor":16,"turns":3},{"damage":0,"enemies":"Spheric Guardian","floor":18,"turns":3},{"damage":27,"enemies":"3 Byrds","floor":19,"turns":3},{"damage":8,"enemies":"Book of Stabbing","floor":24,"turns":3},{"damage":22,"enemies":"Centurion and Healer","floor":25,"turns":4},{"damage":0,"enemies":"Shelled Parasite and Fungi","floor":29,"turns":3},{"damage":17,"enemies":"Champ","floor":33,"turns":6},{"damage":31,"enemies":"3 Darklings","floor":35,"turns":4},{"damage":6,"enemies":"Orb Walker","floor":37,"turns":4},{"damage":14,"enemies":"4 Shapes","floor":38,"turns":3},{"damage":35,"enemies":"Nemesis","floor":41,"turns":5},{"damage":36,"enemies":"Reptomancer","floor":44,"turns":4},{"damage":18,"enemies":"Writhing Mass","floor":45,"turns":5}],"seed_played":"5793144949289251719","potions_obtained":[{"floor":3,"key":"SkillPotion"},{"floor":7,"key":"Explosive Potion"},{"floor":13,"key":"CultistPotion"},{"floor":16,"key":"DistilledChaos"},{"floor":33,"key":"LiquidBronze"}],"is_trial":false,"path_per_floor":["M","?","M","?","?","E","M","R","T","R","$","M","M","$","R","B",null,"M","M","?","?","?","R","E","M","T","?","R","M","R","?","R","B",null,"M","$","M","M","$","R","E","R","T","E","M"],"character_chosen":"WATCHER","items_purchased":["FearNoEvil","BattleHymn","PrismaticShard","Devotion"],"campfire_rested":4,"item_purchase_floors":[11,14,36,39],"current_hp_per_floor":[65,65,65,65,65,63,31,31,31,31,31,29,27,27,48,48,66,66,39,39,39,26,64,56,34,44,44,44,44,44,44,85,68,82,51,51,55,41,41,82,47,47,47,11,0,0],"gold":191,"neow_bonus":"THREE_ENEMY_KILL","is_daily":false,"chose_seed":false,"campfire_upgraded":5,"win_rate":0.0,"timestamp":1610020231,"path_taken":["M","?","M","?","?","E","M","R","T","R","$","M","M","?","R","BOSS","M","M","?","?","?","R","E","M","T","?","R","M","R","?","R","BOSS","M","?","M","M","$","R","E","R","T","E","M"],"items_purchased_type":["Card","Card","Relic","Card"],"build_version":"2020-12-22","purchased_purges":16,"victory":false,"max_hp_per_floor":[72,72,72,72,72,72,72,72,72,72,72,72,72,72,72,72,72,72,72,72,72,77,77,77,77,87,87,87,87,87,87,87,87,87,87,87,87,87,87,87,87,87,87,87,87,87],"card_choices":[{"not_picked":["EmptyMind","ThirdEye"],"picked":"Evaluate","floor":1},{"not_picked":["FollowUp","WheelKick"],"picked":"Evaluate","floor":3},{"not_picked":["infinitespire:SealOfDarkness+","infinitespire:FinalStrike"],"picked":"infinitespire:Collect","floor":4},{"not_picked":["Sanctity","Pray"],"picked":"LessonLearned","floor":6},{"not_picked":["FlyingSleeves","ThirdEye"],"picked":"Evaluate","floor":7},{"not_picked":["EmptyMind","SignatureMove","Collect"],"picked":"SKIP","floor":12},{"not_picked":["InnerPeace","ThirdEye"],"picked":"BowlingBash","floor":13},{"not_picked":["Vault","ConjureBlade"],"picked":"MasterReality","floor":16},{"not_picked":["Halt","FollowUp"],"picked":"EmptyBody+1","floor":18},{"not_picked":["ClearTheMind","SashWhip"],"picked":"FlurryOfBlows","floor":19},{"not_picked":["BowlingBash","Crescendo"],"picked":"Wallop+1","floor":24},{"not_picked":["ClearTheMind","WindmillStrike"],"picked":"Study+1","floor":25},{"not_picked":["FollowUp","Sanctity+1"],"picked":"Consecrate","floor":29},{"not_picked":["Judgement","Scrawl"],"picked":"Establishment","floor":33},{"not_picked":["InnerPeace+1","Blasphemy"],"picked":"Consecrate+1","floor":35},{"not_picked":["Searing Blow+1","InnerPeace+1"],"picked":"Study+1","floor":37},{"not_picked":["PiercingWail","Mind Blast"],"picked":"Outmaneuver+1","floor":38},{"not_picked":["Thunder Strike","Grand Finale"],"picked":"Thunderclap+1","floor":41},{"not_picked":["Seeing Red+1","ClearTheMind+1"],"picked":"FlurryOfBlows+1","floor":44}],"player_experience":562004,"relics_obtained":[{"floor":6,"key":"Happy Flower"},{"floor":9,"key":"infinitespire:ShieldingShard"},{"floor":24,"key":"infinitespire:CursedDice"},{"floor":26,"key":"Pear"},{"floor":41,"key":"Vajra"},{"floor":43,"key":"Pantograph"},{"floor":44,"key":"infinitespire:FocusingShard"}],"event_choices":[{"damage_healed":0,"gold_gain":0,"player_choice":"Box","damage_taken":0,"relics_obtained":["Sundial"],"max_hp_gain":0,"max_hp_loss":0,"event_name":"Big Fish","floor":2,"gold_loss":0,"cards_obtained":["Regret"]},{"cards_removed":["Evaluate"],"damage_healed":0,"gold_gain":0,"player_choice":"Elegance","damage_taken":0,"max_hp_gain":0,"max_hp_loss":0,"event_name":"Back to Basics","floor":20,"gold_loss":0},{"damage_healed":0,"gold_gain":0,"player_choice":"Opened","damage_taken":0,"relics_obtained":["Regal Pillow"],"max_hp_gain":0,"max_hp_loss":0,"event_name":"The Mausoleum","floor":21,"gold_loss":0},{"damage_healed":0,"gold_gain":0,"player_choice":"Shed Blood","damage_taken":18,"max_hp_gain":5,"max_hp_loss":0,"event_name":"Forgotten Altar","floor":22,"gold_loss":0},{"damage_healed":0,"gold_gain":0,"player_choice":"Read","damage_taken":0,"max_hp_gain":0,"max_hp_loss":0,"event_name":"The Library","floor":27,"gold_loss":0,"cards_obtained":["Devotion"]},{"damage_healed":0,"gold_gain":0,"player_choice":"Traded Relic","damage_taken":0,"relics_obtained":["Nloth\u0027s Gift"],"max_hp_gain":0,"max_hp_loss":0,"event_name":"N\u0027loth","floor":31,"relics_lost":["infinitespire:Cupcake"],"gold_loss":0}],"is_beta":false,"boss_relics":[{"not_picked":["Astrolabe","SacredBark"],"picked":"infinitespire:Cupcake"},{"not_picked":["Velvet Choker","Busted Crown"],"picked":"Philosopher\u0027s Stone"}],"items_purged_floors":[11,11,11,11,11,11,11,11,11,11,36,36,36,36,39,39],"is_endless":false,"potions_floor_spawned":[3,7,13,16,18,25,33,35,37],"killed_by":"Writhing Mass","ascension_level":6}}