{"host":"njruw0b0uprlitpx","time":1610043634,"event":{"mods":["2.2 Compatiblity","Astrologer","Bartender","BaseMod","Better Altar","Better Match","Better Note","Better Sensory Stone","Better Skull","Better Third Choice","BetterRewards","Block Reminder","Colored Map","Colored Powertips","Energized Spire","Jedi Mod","Keyboard Shortcuts","Minty Spire (QoL Compilation)","Quick Restart","Relic Stats","Replay The Spire","SacredBarkPlus","Spicy Shops","StSLib","SuperFastMode","The Bug Knight","The Construct","The Dragon Tamer","The Forsaken","The Gatherer","The Judge","The Mystic","The Necromancer","The Runesmith","Wandering Minibosses"],"gold_per_floor":[116,116,136,152,152,152,27,27,59,59,113,113,132,166,241,241,241,312,312,326,326,326,326,18,18,30,30,56,71,102,102,117,5,5,84,84,99,99,9,497,8,8,43,43,43,53,71,71,71,88,88,88],"floor_reached":53,"playtime":2230,"items_purged":["Defend_W","jedi:BattleThirst","Defend_W","Pain","Strike_W","Defend_W","Strike_W","Bone_Wall","Normality","Normality"],"score":1996,"play_id":"633c2096-7216-49d7-9360-6210bef7ca1b","local_time":"20210107122034","is_ascension_mode":true,"campfire_choices":[{"data":"Sadistic Nature","floor":8,"key":"SMITH"},{"data":"Blood_Wake","floor":10,"key":"SMITH"},{"data":"Blood_Curse","floor":12,"key":"SMITH"},{"data":"Slay_Living","floor":17,"key":"SMITH"},{"data":"RitualDagger","floor":25,"key":"SMITH"},{"data":"Life_Drain","floor":27,"key":"SMITH"},{"data":"Bone_Bullets","floor":31,"key":"SMITH"},{"data":"Exploit","floor":34,"key":"SMITH"},{"data":"1","floor":42,"key":"LIFT"},{"data":"2","floor":44,"key":"LIFT"},{"data":"3","floor":49,"key":"LIFT"},{"data":"Slay_Living","floor":51,"key":"SMITH"}],"circlet_count":0,"master_deck":["AscendersBane","Negative_Energy_Arrows+1","Bone_Bullets+1","Bone_Shift+1","Summon_Lich+1","Blood_Curse+1","Sadistic Nature+1","jedi:forcepull+1","jedi:LeechingStrike","Spectral_Walk+1","Death_March_Dance+1","Flame Barrier+1","Blood_Wake+1","Life_Drain+1","Siphon_Strength+1","Blood_Is_Power+1","Stop_Heart+1","Slay_Living+1","Summon_Vampire_Lady+1","AbeCurse","Corrupt+1","Bone_Armor+1","Summon_Death_Knight+1","Consume_Illness+1","jedi:cleanse+1","RitualDagger+1","Shackles_Of_Pain+1","Blood_Magic+1","Negative_Energy_Mist+1","Exploit+1","Life_Tap+1","Summon_Undead+1","Negative_Energy_Shield+1","Replay:BasicMightCard+1","Grasp_Heart","Necrotic_Claws","Siphon_Strength+1","Negative_Energy_Burst","Survey Options+1","Uncharnel+1","Stop_Heart+1","Blood_Is_Power+1","Necromantic_Selection+1","Slay_Living+1","Sadistic Nature+1","Spectral_Walk+1"],"relics":["Vampire_Amulet","Membership Card","TungstenRod","Toxic Egg 2","jedi:archwizardhat","theForsaken:Kindling","ReplayTheSpireMod:ShopPack","FossilizedHelix","Lee\u0027s Waffle","Frozen Egg 2","jedi:purplefairy","jedi:cryingmask","Gremlin Horn","Whetstone","Strawberry","Replay:Grab Bag","jedi:paperlyon","Abe\u0027s Treasure","Astrolabe","jedi:gremlinknob","BargainBundle","ReplayTheSpireMod:Ninjato","Replay:Bottled Snecko","Shuriken","Akabeko","HandDrill","Orichalcum","jedi:arcanewood","ChewingGum","jedi:ominousloannote","Replay:WaspNest","Girya","Bronze Scales","Iron Hammer","Art of War","theForsaken:Gavel"],"acts_visited":["Exordium","TheCity","TheBeyond"],"potions_floor_usage":[14,29,35,52],"damage_taken":[{"damage":0,"enemies":"Jaw Worm","floor":1,"turns":2},{"damage":0,"enemies":"2 Louse","floor":3,"turns":3},{"damage":0,"enemies":"Cultist","floor":4,"turns":2},{"damage":9,"enemies":"3 Sentries","floor":9,"turns":7},{"damage":1,"enemies":"Exordium Wildlife","floor":13,"turns":2},{"damage":5,"enemies":"Gremlin Nob","floor":14,"turns":3},{"damage":7,"enemies":"The Guardian","floor":18,"turns":6},{"damage":0,"enemies":"3 Byrds","floor":20,"turns":4},{"damage":0,"enemies":"Shell Parasite","floor":26,"turns":1},{"damage":6,"enemies":"Snake Plant","floor":29,"turns":3},{"damage":11,"enemies":"HollowMod:Nosk","floor":30,"turns":4},{"damage":0,"enemies":"3 Cultists","floor":32,"turns":3},{"damage":5,"enemies":"Champ","floor":35,"turns":4},{"damage":20,"enemies":"3 Darklings","floor":37,"turns":3},{"damage":11,"enemies":"Nemesis","floor":43,"turns":3},{"damage":0,"enemies":"Orb Walker","floor":46,"turns":2},{"damage":2,"enemies":"4 Shapes","floor":47,"turns":1},{"damage":0,"enemies":"Jaw Worm Horde","floor":50,"turns":2},{"damage":25,"enemies":"Donu and Deca","floor":52,"turns":5}],"seed_played":"-5889626223864943276","potions_obtained":[{"floor":3,"key":"Languid Potion"},{"floor":13,"key":"Swift Potion"},{"floor":18,"key":"Reflective Coating"},{"floor":20,"key":"SkillPotion"},{"floor":30,"key":"Weak Potion"},{"floor":37,"key":"AttackPotion"}],"is_trial":false,"path_per_floor":["M","?","M","M","PTL","PTL","?","R","E","R","T","R","M","E","?","?","R","B",null,"M","?","?","?","$","R","M","R","T","M","E","R","M","$","R","B",null,"M","?","$","?","$","R","E","R","T","M","M","?","R","M","R","B",null],"character_chosen":"NECROMANCER","items_purchased":["Membership Card","Toxic Egg 2","jedi:archwizardhat","Bone_Bullets","Bone_Shift+1","Summon_Lich+1","Blood_Curse","ReplayTheSpireMod:ShopPack","Lee\u0027s Waffle","Spectral_Walk+1","Frozen Egg 2","BargainBundle","ReplayTheSpireMod:Ninjato","Replay:Bottled Snecko","Shuriken","Shackles_Of_Pain+1","Akabeko","HandDrill","Blood_Magic+1","Negative_Energy_Mist+1","Replay:BasicMightCard+1","jedi:ominousloannote","Siphon_Strength+1","Replay:WaspNest","Negative_Energy_Burst","Girya","Survey Options+1","Uncharnel+1","Stop_Heart+1","Bronze Scales","Iron Hammer","Strength Potion"],"campfire_rested":0,"item_purchase_floors":[0,0,0,0,0,0,0,0,0,0,0,24,24,24,24,24,24,24,24,24,33,39,39,39,39,39,39,41,41,41,41,41],"current_hp_per_floor":[78,54,64,75,75,75,75,76,76,77,77,78,78,82,72,72,77,82,84,85,85,85,80,80,85,85,85,85,81,75,85,85,85,85,82,84,73,73,73,73,73,73,73,73,73,81,79,79,79,81,81,69],"gold":88,"neow_bonus":"","is_daily":false,"chose_seed":false,"campfire_upgraded":9,"win_rate":0.0,"timestamp":1610043634,"path_taken":["M","?","M","M","PTL","PTL","?","R","E","R","T","R","?","E","?","?","R","BOSS","M","?","?","?","$","R","M","R","T","?","E","R","M","$","R","BOSS","M","?","$","?","$","R","E","R","T","?","M","?","?","?","R","BOSS"],"items_purchased_type":["Relic","Relic","Relic","Card","Card","Card","Card","Relic","Relic","Card","Relic","Relic","Relic","Relic","Relic","Card","Relic","Relic","Card","Card","Card","Relic","Card","Relic","Card","Relic","Card","Card","Card","Relic","Relic","Potion"],"build_version":"2020-12-22","purchased_purges":10,"victory":true,"max_hp_per_floor":[78,78,78,78,78,78,78,78,78,78,78,78,78,85,85,85,85,85,85,85,85,85,85,85,85,85,85,85,85,85,85,85,85,85,85,85,85,81,81,81,81,81,81,81,81,81,81,81,81,81,81,81],"relic_stats":{"Lee\u0027s Waffle":44,"Gremlin Horn":[12,12],"counters":[174,562],"Shuriken":[4],"Astrolabe":["Corrupt","Bone_Armor","Summon_Death_Knight"],"Bronze Scales":[24],"HandDrill":[30],"Art of War":[2],"Whetstone":["Vampiric_Strike","Negative_Energy_Arrows","Negative_Energy_Arrows","Death_March_Dance"],"Orichalcum":[84],"obtain_stats":[{"Golden Egg":5,"jedi:zontanonomicon":29,"Spirit Poop":36,"Whetstone":12,"Bottled Tornado":9,"Sling":0,"Boot":26,"Ring of Searing":4,"Old Coin":31,"jedi:shrinkray":5,"Blood Vial":7,"Replay:Ringing Soul":16,"theForsaken:HumbleEgg":25,"jedi:firstaidkit":27,"Sundial":14,"Ribbon":0,"Fusion Hammer":36,"HandDrill":40,"Replay:Wax Seal":26,"Replay:Bottled Steam":19,"Pear":19,"Counterbalance":2,"Blue Candle":48,"Velvet Choker":17,"Eternal Feather":26,"Akabeko":28,"Runic Dome":34,"Snecko Eye":17,"Tintinnabulum":9,"Kintsugi":17,"StrikeDummy":50,"Unceasing Top":39,"Abe\u0027s Treasure":34,"Lantern":2,"Painkiller Herb":17,"Blue Doll":21,"Bag of Preparation":39,"jedi:archwizardhat":10,"Cursed Key":36,"Power_Wrist":0,"Pet Ghost":29,"Replay:Rubber Ducky":47,"Matryoshka":0,"Ring of Fangs":2,"WingedGreaves":10,"energizedSpire:HugeHouse":34,"Replay:Bottled Eggs":8,"InkBottle":47,"Potion Belt":14,"Lee\u0027s Waffle":47,"Golden Idol":5,"jedi:purplefairy":0,"jedi:gremlinknob":21,"PreservedInsect":19,"Protect_Vest":11,"jedi:crownofsimplicity":50,"Frozen Egg 2":40,"energizedSpire:SpiderWeb":17,"Replay:Arrowhead":39,"Ornamental Fan":43,"Orrery":0,"Garlic":36,"Art of War":43,"Bottled Lightning":12,"ReplayTheSpireMod:Ring of Challenge":2,"ReplayTheSpireMod:Onyx Gauntlets":17,"wanderingMiniBosses:Inkheart":30,"Ice Cream":38,"Divine Protection":45,"Gremlin Horn":13,"CeramicFish":11,"Vajra":12,"jedi:command_rare":21,"DollysMirror":23,"jedi:paperlyon":19,"Strawberry":40,"Philosopher\u0027s Stone":19,"Vampire_Amulet":0,"Iron Hammer":41,"Toxic Egg 2":10,"Girya":39,"Happy Flower":39,"ReplayTheSpireMod:CursedCoin":19,"Replay:Grab Bag":19,"Choco_Feather":0,"Astrolabe":19,"Oddly Smooth Stone":45,"Replay:Kaleidoscope":2,"War Paint":33,"jedi:HeartOfTheCards":33,"Du-Vu Doll":6,"jedi:heavyjacket":45,"Replay:Baseball":26,"jedi:hotpepper":17,"ReplayTheSpireMod:Shallot":26,"Shuriken":11,"Bronze Scales":26,"Simple Rune":24,"Onion Ring":29,"ReplayTheSpireMod:TigerMarble":9,"Grinning Jar":50,"Meat on the Bone":12,"Pocketwatch":0,"ReplayTheSpireMod:Ring of Exchange":0,"Mango":0,"Incense Burner":0,"Juzu Bracelet":0,"theForsaken:Gavel":0,"PrismaticShard":11,"ClockworkSouvenir":0,"Replay:Bandana":24,"Nunchaku":8,"Chameleon Ring":31,"Mummified Hand":0,"theForsaken:Kindling":0,"Pantograph":12,"Gambling Chip":41,"jedi:matchstick":42,"Genji_Glove":0,"jedi:cryingmask":2,"Red Mask":33,"Replay:Bottled Snecko":48,"Runic Pyramid":19,"Gremlin Food":0,"BargainBundle":39,"ReplayTheSpireMod:Ninjato":0,"Replay:Towering Pillar of Hats":0,"Guide Book":37,"Replay:WaspNest":39,"Odd Mushroom":8,"Orichalcum":28,"White Beast Statue":40,"Calling Bell":19,"Strange Spoon":0,"CaptainsWheel":0,"jedi:kaleidoscope":31,"jedi:ominousloannote":39,"ChewingGum":19,"Gem_Box":36,"Membership Card":0,"Guard_Bracelet":26,"jedi:arcanewood":30,"FossilizedHelix":19,"TungstenRod":0,"ReplayTheSpireMod:ShopPack":5},{"Golden Egg":98,"jedi:zontanonomicon":11,"Spirit Poop":60,"Whetstone":141,"Bottled Tornado":47,"Sling":20,"Boot":32,"Ring of Searing":69,"Old Coin":109,"jedi:shrinkray":119,"Blood Vial":140,"Replay:Ringing Soul":4,"theForsaken:HumbleEgg":107,"jedi:firstaidkit":11,"Sundial":27,"Ribbon":95,"Fusion Hammer":13,"HandDrill":90,"Replay:Wax Seal":55,"Replay:Bottled Steam":5,"Pear":144,"Counterbalance":1,"Blue Candle":153,"Velvet Choker":28,"Eternal Feather":10,"Akabeko":11,"Runic Dome":59,"Snecko Eye":51,"Tintinnabulum":99,"Kintsugi":51,"StrikeDummy":19,"Unceasing Top":61,"Abe\u0027s Treasure":130,"Lantern":96,"Painkiller Herb":76,"Blue Doll":144,"Bag of Preparation":15,"jedi:archwizardhat":72,"Cursed Key":35,"Power_Wrist":95,"Pet Ghost":57,"Replay:Rubber Ducky":153,"Matryoshka":43,"Ring of Fangs":44,"WingedGreaves":48,"energizedSpire:HugeHouse":149,"Replay:Bottled Eggs":3,"InkBottle":18,"Potion Belt":50,"Lee\u0027s Waffle":153,"Golden Idol":139,"jedi:purplefairy":138,"jedi:gremlinknob":163,"PreservedInsect":5,"Protect_Vest":121,"jedi:crownofsimplicity":42,"Frozen Egg 2":134,"energizedSpire:SpiderWeb":143,"Replay:Arrowhead":37,"Ornamental Fan":91,"Orrery":95,"Garlic":111,"Art of War":170,"Bottled Lightning":49,"ReplayTheSpireMod:Ring of Challenge":44,"ReplayTheSpireMod:Onyx Gauntlets":51,"wanderingMiniBosses:Inkheart":34,"Ice Cream":15,"Divine Protection":16,"Gremlin Horn":74,"CeramicFish":72,"Vajra":49,"jedi:command_rare":163,"DollysMirror":8,"jedi:paperlyon":162,"Strawberry":90,"Philosopher\u0027s Stone":5,"Vampire_Amulet":0,"Iron Hammer":169,"Toxic Egg 2":25,"Girya":169,"Happy Flower":15,"ReplayTheSpireMod:CursedCoin":29,"Replay:Grab Bag":5,"Choco_Feather":67,"Astrolabe":162,"Oddly Smooth Stone":92,"Replay:Kaleidoscope":139,"War Paint":34,"jedi:HeartOfTheCards":86,"Du-Vu Doll":46,"jedi:heavyjacket":40,"Replay:Baseball":83,"jedi:hotpepper":124,"ReplayTheSpireMod:Shallot":146,"Shuriken":99,"Bronze Scales":55,"Simple Rune":82,"Onion Ring":128,"ReplayTheSpireMod:TigerMarble":3,"Grinning Jar":154,"Meat on the Bone":26,"Pocketwatch":118,"ReplayTheSpireMod:Ring of Exchange":95,"Mango":95,"Incense Burner":67,"Juzu Bracelet":138,"theForsaken:Gavel":95,"PrismaticShard":99,"ClockworkSouvenir":95,"Replay:Bandana":32,"Nunchaku":71,"Chameleon Ring":129,"Mummified Hand":118,"theForsaken:Kindling":155,"Pantograph":4,"Gambling Chip":38,"jedi:matchstick":39,"Genji_Glove":67,"jedi:cryingmask":156,"Red Mask":12,"Replay:Bottled Snecko":93,"Runic Pyramid":5,"Gremlin Food":20,"BargainBundle":15,"ReplayTheSpireMod:Ninjato":43,"Replay:Towering Pillar of Hats":43,"Guide Book":60,"Replay:WaspNest":169,"Odd Mushroom":47,"Orichalcum":164,"White Beast Statue":62,"Calling Bell":5,"Strange Spoon":95,"CaptainsWheel":67,"jedi:kaleidoscope":58,"jedi:ominousloannote":61,"ChewingGum":5,"Gem_Box":87,"Membership Card":95,"Guard_Bracelet":107,"jedi:arcanewood":166,"FossilizedHelix":5,"TungstenRod":155,"ReplayTheSpireMod:ShopPack":119},{"Golden Egg":312,"jedi:zontanonomicon":45,"Spirit Poop":232,"Whetstone":447,"Bottled Tornado":205,"Sling":82,"Boot":140,"Ring of Searing":248,"Old Coin":344,"jedi:shrinkray":369,"Blood Vial":443,"Replay:Ringing Soul":13,"theForsaken:HumbleEgg":340,"jedi:firstaidkit":45,"Sundial":110,"Ribbon":307,"Fusion Hammer":54,"HandDrill":291,"Replay:Wax Seal":224,"Replay:Bottled Steam":19,"Pear":455,"Counterbalance":3,"Blue Candle":492,"Velvet Choker":118,"Eternal Feather":41,"Akabeko":45,"Runic Dome":231,"Snecko Eye":217,"Tintinnabulum":314,"Kintsugi":217,"StrikeDummy":76,"Unceasing Top":233,"Abe\u0027s Treasure":407,"Lantern":309,"Painkiller Herb":263,"Blue Doll":455,"Bag of Preparation":61,"jedi:archwizardhat":252,"Cursed Key":160,"Power_Wrist":307,"Pet Ghost":226,"Replay:Rubber Ducky":492,"Matryoshka":193,"Ring of Fangs":196,"WingedGreaves":208,"energizedSpire:HugeHouse":476,"Replay:Bottled Eggs":11,"InkBottle":72,"Potion Belt":213,"Lee\u0027s Waffle":492,"Golden Idol":440,"jedi:purplefairy":438,"jedi:gremlinknob":531,"PreservedInsect":19,"Protect_Vest":377,"jedi:crownofsimplicity":186,"Frozen Egg 2":421,"energizedSpire:SpiderWeb":453,"Replay:Arrowhead":168,"Ornamental Fan":294,"Orrery":307,"Garlic":350,"Art of War":552,"Bottled Lightning":209,"ReplayTheSpireMod:Ring of Challenge":196,"ReplayTheSpireMod:Onyx Gauntlets":217,"wanderingMiniBosses:Inkheart":153,"Ice Cream":61,"Divine Protection":65,"Gremlin Horn":256,"CeramicFish":252,"Vajra":209,"jedi:command_rare":531,"DollysMirror":32,"jedi:paperlyon":527,"Strawberry":291,"Philosopher\u0027s Stone":19,"Vampire_Amulet":0,"Iron Hammer":549,"Toxic Egg 2":101,"Girya":549,"Happy Flower":61,"ReplayTheSpireMod:CursedCoin":124,"Replay:Grab Bag":19,"Choco_Feather":246,"Astrolabe":527,"Oddly Smooth Stone":296,"Replay:Kaleidoscope":440,"War Paint":153,"jedi:HeartOfTheCards":283,"Du-Vu Doll":202,"jedi:heavyjacket":180,"Replay:Baseball":275,"jedi:hotpepper":388,"ReplayTheSpireMod:Shallot":462,"Shuriken":314,"Bronze Scales":224,"Simple Rune":273,"Onion Ring":399,"ReplayTheSpireMod:TigerMarble":11,"Grinning Jar":497,"Meat on the Bone":107,"Pocketwatch":367,"ReplayTheSpireMod:Ring of Exchange":307,"Mango":307,"Incense Burner":246,"Juzu Bracelet":438,"theForsaken:Gavel":307,"PrismaticShard":314,"ClockworkSouvenir":307,"Replay:Bandana":140,"Nunchaku":250,"Chameleon Ring":402,"Mummified Hand":367,"theForsaken:Kindling":502,"Pantograph":13,"Gambling Chip":171,"jedi:matchstick":176,"Genji_Glove":246,"jedi:cryingmask":504,"Red Mask":48,"Replay:Bottled Snecko":301,"Runic Pyramid":19,"Gremlin Food":82,"BargainBundle":61,"ReplayTheSpireMod:Ninjato":193,"Replay:Towering Pillar of Hats":193,"Guide Book":232,"Replay:WaspNest":549,"Odd Mushroom":205,"Orichalcum":532,"White Beast Statue":235,"Calling Bell":19,"Strange Spoon":307,"CaptainsWheel":246,"jedi:kaleidoscope":228,"jedi:ominousloannote":233,"ChewingGum":19,"Gem_Box":287,"Membership Card":307,"Guard_Bracelet":340,"jedi:arcanewood":539,"FossilizedHelix":19,"TungstenRod":502,"ReplayTheSpireMod:ShopPack":369}],"TungstenRod":36},"card_choices":[{"not_picked":["ReplayTheSpireMod:Necrogeddon","ReplayTheSpireMod:Brewmster"],"picked":"Sadistic Nature","floor":0},{"not_picked":["Good Instincts","Dark Shackles"],"picked":"jedi:forcepull","floor":0},{"not_picked":["ReplayTheSpireMod:Private Reserves","PanicButton"],"picked":"jedi:LeechingStrike","floor":0},{"not_picked":["Finger_Of_Death","Bone_Armor+1"],"picked":"Death_March_Dance","floor":1},{"not_picked":["Negative_Energy_Shield+1","Shackles_Of_Pain+1"],"picked":"Blood_Wake","floor":3},{"not_picked":["Exploit","Summon_Lich+1"],"picked":"Life_Drain","floor":4},{"not_picked":["Strike_from_Beyond+1","Bone_Prison+1"],"picked":"Siphon_Strength+1","floor":7},{"not_picked":["Blood_Shield+1","Death_Coil"],"picked":"Blood_Is_Power+1","floor":9},{"not_picked":["Death_Knell","Blood_Curse"],"picked":"Stop_Heart+1","floor":13},{"not_picked":["Consume_Illness+1","Negative_Energy_Sphere"],"picked":"Slay_Living","floor":14},{"not_picked":["Cloudkill+1","Summon_Death_Knight+1"],"picked":"Summon_Vampire_Lady+1","floor":18},{"not_picked":["Bone_Spikes","Whirlwind_of_Bones"],"picked":"Consume_Illness+1","floor":20},{"not_picked":["Blood_for_Blood+1","Flesh_Made_Foul"],"picked":"Exploit","floor":26},{"not_picked":["Consume_Illness+1","Shackles_Of_Pain+1"],"picked":"Life_Tap+1","floor":29},{"not_picked":["Epidemic+1","Exploit"],"picked":"Summon_Undead+1","floor":30},{"not_picked":["Bone_Spikes","Chill_Blood+1"],"picked":"Negative_Energy_Shield+1","floor":32},{"not_picked":["Detonate_Bones","Summon_Death_Knight+1"],"picked":"Grasp_Heart","floor":35},{"not_picked":["Chill_Blood+1","Finger_Of_Death"],"picked":"Necrotic_Claws","floor":37},{"not_picked":["Negative_Energy_Javelin","Siphon_Strength+1"],"picked":"Blood_Is_Power+1","floor":43},{"not_picked":["Bone_Armory+1","Vampiric_Strike"],"picked":"Necromantic_Selection+1","floor":46},{"not_picked":["Finger_Of_Death","Consume_Illness+1"],"picked":"Slay_Living","floor":47},{"not_picked":["Finger_Of_Death","Toxic_Smoke_Screen+1"],"picked":"Spectral_Walk+1","floor":50}],"player_experience":1841583,"relics_obtained":[{"floor":9,"key":"Gremlin Horn"},{"floor":11,"key":"Whetstone"},{"floor":14,"key":"Strawberry"},{"floor":28,"key":"Orichalcum"},{"floor":30,"key":"jedi:arcanewood"},{"floor":43,"key":"Art of War"},{"floor":45,"key":"theForsaken:Gavel"}],"event_choices":[{"damage_healed":0,"gold_gain":0,"player_choice":"2","damage_taken":0,"max_hp_gain":0,"max_hp_loss":0,"event_name":"betterMatch:BetterMatch","floor":7,"gold_loss":0,"cards_obtained":["betterMatch:UncommonCard"]},{"damage_healed":0,"gold_gain":75,"player_choice":"Gold","damage_taken":11,"max_hp_gain":0,"max_hp_loss":0,"event_name":"betterThird:BetterGoop","floor":15,"gold_loss":0},{"cards_removed":["Slay_Living"],"damage_healed":0,"gold_gain":0,"player_choice":"Take \u0026 Give","damage_taken":0,"max_hp_gain":0,"max_hp_loss":0,"event_name":"betterNote:BetterNote","floor":22,"gold_loss":0,"cards_obtained":["jedi:cleanse"]},{"damage_healed":0,"gold_gain":0,"player_choice":"Dagger","damage_taken":6,"max_hp_gain":0,"max_hp_loss":0,"event_name":"betterThird:BetterNest","floor":23,"gold_loss":0,"cards_obtained":["RitualDagger"]},{"damage_healed":0,"gold_gain":0,"player_choice":"Max HP","damage_taken":0,"max_hp_gain":0,"max_hp_loss":4,"event_name":"Winding Halls","floor":38,"gold_loss":0},{"damage_healed":0,"gold_gain":999,"player_choice":"Gold","damage_taken":0,"max_hp_gain":0,"max_hp_loss":0,"event_name":"MindBloom","floor":40,"gold_loss":0,"cards_obtained":["Normality","Normality"]},{"damage_healed":0,"gold_gain":0,"player_choice":"Copied","damage_taken":0,"max_hp_gain":0,"max_hp_loss":0,"event_name":"Duplicator","floor":48,"gold_loss":0,"cards_obtained":["Sadistic Nature"]}],"is_beta":false,"boss_relics":[{"not_picked":["Philosopher\u0027s Stone","Silver_Glasses"],"picked":"Replay:Grab Bag"},{"not_picked":["energizedSpire:RedRose","Replay:Bronze Core"],"picked":"jedi:paperlyon"},{"not_picked":["energizedSpire:SpiderWeb","ReplayTheSpireMod:Onyx Gauntlets"],"picked":"Abe\u0027s Treasure"},{"not_picked":["Snecko Heart","SlaversCollar"],"picked":"Astrolabe"},{"not_picked":["Tiny House","energizedSpire:HugeHouse"],"picked":"ChewingGum"}],"items_purged_floors":[0,24,24,24,33,39,39,39,41,41],"is_endless":false,"potions_floor_spawned":[3,13,18,20,30,37,43,47],"ascension_level":19}}