{"host":"msmkw03x1o7nq45i","time":1610006438,"event":{"mods":["BaseMod","Bestiary","Colored Powertips","GifTheSpireLib","Highlight Path","Minty Spire (QoL Compilation)","Random Character Button","StSLib","The Servant 0.9.4","everything is the same but u backflip on backflip"],"gold_per_floor":[110,32,42,42,42,67,67,79,79,29,29,63,78,112,112,207,207,223,2,2,2,17,46,58,58,111,111,111],"floor_reached":27,"playtime":1506,"items_purged":["Strike_B"],"score":411,"play_id":"e698b273-3de6-4d16-a9c4-78d99e55c2bf","local_time":"20210107100038","is_ascension_mode":true,"campfire_choices":[{"data":"Doom and Gloom","floor":7,"key":"SMITH"},{"data":"Beam Cell","floor":11,"key":"SMITH"},{"data":"Defragment","floor":15,"key":"SMITH"},{"floor":25,"key":"REST"}],"circlet_count":0,"master_deck":["AscendersBane","Strike_B","Defend_B","Defend_B","Defend_B","Defend_B","Zap","Dualcast","Streamline","Doom and Gloom+1","FTL","Chaos","Sweeping Beam","Beam Cell+1","Go for the Eyes","Defragment+1","Conserve Battery","All For One","Sunder+1","Genetic Algorithm","Hologram+1","Capacitor","Skim","Shame","Biased Cognition","Cold Snap"],"relics":["Cracked Core","NeowsBlessing","HornCleat","Blue Candle","Thread and Needle","Sundial","Sozu","Orrery","Shovel","Bottled Lightning","Orichalcum"],"acts_visited":["Exordium","TheCity"],"potions_floor_usage":[24,27],"damage_taken":[{"damage":0,"enemies":"Cultist","floor":1,"turns":1},{"damage":0,"enemies":"2 Louse","floor":3,"turns":1},{"damage":0,"enemies":"Lagavulin","floor":6,"turns":1},{"damage":7,"enemies":"Jaw Worm","floor":8,"turns":3},{"damage":7,"enemies":"3 Sentries","floor":12,"turns":4},{"damage":4,"enemies":"Looter","floor":13,"turns":2},{"damage":13,"enemies":"Lagavulin","floor":14,"turns":7},{"damage":9,"enemies":"The Guardian","floor":16,"turns":8},{"damage":13,"enemies":"Spheric Guardian","floor":18,"turns":4},{"damage":9,"enemies":"2 Thieves","floor":22,"turns":3},{"damage":36,"enemies":"Book of Stabbing","floor":23,"turns":5},{"damage":8,"enemies":"Cultist and Chosen","floor":24,"turns":5},{"damage":35,"enemies":"Slavers","floor":27,"turns":3}],"seed_played":"3060480174615260421","potions_obtained":[{"floor":3,"key":"FearPotion"},{"floor":13,"key":"PowerPotion"},{"floor":14,"key":"Regen Potion"}],"is_trial":false,"path_per_floor":["M","$","M","$","?","E","R","M","T","?","R","E","M","E","R","B",null,"M","$","?","?","M","E","M","R","T","E"],"character_chosen":"DEFECT","items_purchased":["Doom and Gloom","Orrery"],"campfire_rested":1,"item_purchase_floors":[2,19],"current_hp_per_floor":[68,68,68,68,68,68,68,61,61,61,61,54,50,37,37,28,63,50,50,50,50,41,5,11,33,33,0,0],"gold":111,"neow_bonus":"THREE_ENEMY_KILL","is_daily":false,"chose_seed":false,"campfire_upgraded":3,"win_rate":0.0,"timestamp":1610006438,"path_taken":["M","?","M","$","?","E","R","?","T","?","R","E","M","E","R","BOSS","M","$","?","?","M","E","M","R","T","E"],"items_purchased_type":["Card","Relic"],"build_version":"2020-12-22","purchased_purges":1,"victory":false,"max_hp_per_floor":[75,75,75,75,75,75,75,75,75,75,75,75,75,75,75,75,75,75,75,75,75,75,75,75,75,75,75,75],"card_choices":[{"not_picked":["Coolheaded","Darkness"],"picked":"Streamline","floor":1},{"not_picked":["Cold Snap","Compile Driver"],"picked":"FTL","floor":3},{"not_picked":["Storm","Thunder Strike"],"picked":"Sweeping Beam","floor":6},{"not_picked":["Stack","Force Field"],"picked":"Beam Cell","floor":8},{"not_picked":["Self Repair","Redo"],"picked":"Go for the Eyes","floor":12},{"not_picked":["Gash","Rebound"],"picked":"Defragment","floor":13},{"not_picked":["Rebound","Chaos"],"picked":"Conserve Battery","floor":14},{"not_picked":["Thunder Strike","Reboot"],"picked":"All For One","floor":16},{"not_picked":["Beam Cell","Stack"],"picked":"Sunder+1","floor":18},{"not_picked":["Chill","Compile Driver"],"picked":"Genetic Algorithm","floor":19},{"not_picked":["Reinforced Body","Rebound"],"picked":"Hologram+1","floor":19},{"not_picked":["Storm","Go for the Eyes"],"picked":"Capacitor","floor":19},{"not_picked":["Beam Cell","Cold Snap"],"picked":"Skim","floor":19},{"not_picked":["Darkness","Streamline","Static Discharge"],"picked":"SKIP","floor":22},{"not_picked":["Cold Snap","Scrape"],"picked":"Biased Cognition","floor":23},{"not_picked":["Beam Cell","Gash"],"picked":"Cold Snap","floor":24}],"player_experience":362542,"relics_obtained":[{"floor":6,"key":"HornCleat"},{"floor":9,"key":"Blue Candle"},{"floor":12,"key":"Thread and Needle"},{"floor":14,"key":"Sundial"},{"floor":23,"key":"Bottled Lightning"},{"floor":26,"key":"Orichalcum"}],"event_choices":[{"damage_healed":0,"gold_gain":0,"cards_transformed":["Strike_B"],"player_choice":"Transformed","damage_taken":0,"max_hp_gain":0,"max_hp_loss":0,"event_name":"Transmorgrifier","floor":5,"gold_loss":0,"cards_obtained":["Chaos"]},{"cards_removed":["Strike_B"],"damage_healed":0,"gold_gain":0,"player_choice":"Card Removal","damage_taken":0,"max_hp_gain":0,"max_hp_loss":0,"event_name":"The Cleric","floor":10,"gold_loss":50},{"damage_healed":0,"gold_gain":0,"player_choice":"Ignored","damage_taken":0,"max_hp_gain":0,"max_hp_loss":0,"event_name":"The Mausoleum","floor":20,"gold_loss":0},{"damage_healed":0,"gold_gain":0,"player_choice":"Stole Relic","damage_taken":0,"relics_obtained":["Shovel"],"max_hp_gain":0,"max_hp_loss":0,"event_name":"Addict","floor":21,"gold_loss":0,"cards_obtained":["Shame"]}],"is_beta":false,"boss_relics":[{"not_picked":["Empty Cage","Runic Pyramid"],"picked":"Sozu"}],"items_purged_floors":[19],"is_endless":false,"potions_floor_spawned":[3,13,14,24],"killed_by":"Slavers","ascension_level":10}}