{"host":"zksvs3x2ysy9npnz","time":1610049901,"event":{"mods":["Aspiration","BaseMod","Beaked The Cultist","BetterRewards","Clockwork Mod","Colored Map","Conspire","Downfall","Duelist Mod","Ekko","Halation","Highlight Path","Hubris","Hunter ??","Infinite Spire","Jedi Mod","JesterMod","Minty Spire (QoL Compilation)","Permanent Neow","Quick Restart","Relic Stats","Replay The Spire","Retaliation","Shade Mod","Shop Mod","StSLib"],"gold_per_floor":[139,155,30,47,67,67,78,78,132,132,132],"floor_reached":10,"playtime":436,"items_purged":["theDuelist:Sparks"],"score":120,"play_id":"df29df40-ee02-4b84-a78f-6984f301d7ae","local_time":"20210107210501","is_ascension_mode":true,"campfire_choices":[{"data":"theDuelist:RoseArcher","floor":8.0,"key":"SMITH"}],"circlet_count":0,"master_deck":["theDuelist:AngelTrumpeter","theDuelist:CactusBouncer","theDuelist:CastleWalls","theDuelist:CastleWalls","theDuelist:DarkworldThorns+1","AscendersBane","theDuelist:Inmato","theDuelist:JerryBeansMan","theDuelist:JerryBeansMan","theDuelist:Sparks","theDuelist:RagingMadPlants","theDuelist:RoseArcher+1","theDuelist:DarkworldThorns","theDuelist:WeepingIdol","theDuelist:DarkworldThorns"],"relics":["theDuelist:MillenniumPuzzle","theDuelist:CardPoolRelic","theDuelist:CardPoolBasicRelic","theDuelist:BoosterPackPoolRelic","theDuelist:CardPoolAddRelic","theDuelist:CardPoolMinusRelic","theDuelist:CardPoolSaveRelic","theDuelist:CardPoolOptionsRelic"],"acts_visited":["Exordium"],"potions_floor_usage":[10],"damage_taken":[{"damage":0.0,"enemies":"Cultist","floor":1.0,"turns":3.0},{"damage":0.0,"enemies":"Small Slimes","floor":2.0,"turns":3.0},{"damage":9.0,"enemies":"2 Louse","floor":4.0,"turns":3.0},{"damage":2.0,"enemies":"2 Fungi Beasts","floor":5.0,"turns":4.0},{"damage":2.0,"enemies":"Exordium Thugs","floor":7.0,"turns":6.0},{"damage":75,"enemies":"Gremlin Nob","floor":10,"turns":4}],"seed_played":"-2385180484439059004","potions_obtained":[{"floor":5.0,"key":"Venom Potion"}],"is_trial":false,"path_per_floor":["M","M","$","M","M","?","M","R","T","E"],"character_chosen":"THE_DUELIST","items_purchased":["theDuelist:DarkworldThorns"],"campfire_rested":0,"item_purchase_floors":[3],"current_hp_per_floor":[63,63,63,54,52,52,50,50,50,0,0],"gold":132,"neow_bonus":"UPGRADE_CARD","is_daily":false,"chose_seed":false,"campfire_upgraded":1,"win_rate":0.0,"timestamp":1610049901,"path_taken":["M","M","$","M","M","?","M","R","T","E"],"items_purchased_type":["Card"],"build_version":"2020-12-22","purchased_purges":1,"victory":false,"max_hp_per_floor":[70,70,70,70,70,70,70,70,70,70,70],"relic_stats":{"counters":[6,23],"obtain_stats":[{"theDuelist:BoosterPackPoolRelic":0,"theDuelist:CardPoolMinusRelic":0,"theDuelist:CardPoolBasicRelic":0,"theDuelist:CardPoolAddRelic":0,"theDuelist:CardPoolOptionsRelic":0,"theDuelist:MillenniumPuzzle":0,"theDuelist:CardPoolSaveRelic":0,"theDuelist:CardPoolRelic":0},{"theDuelist:BoosterPackPoolRelic":0,"theDuelist:CardPoolMinusRelic":0,"theDuelist:CardPoolBasicRelic":0,"theDuelist:CardPoolAddRelic":0,"theDuelist:CardPoolOptionsRelic":0,"theDuelist:MillenniumPuzzle":0,"theDuelist:CardPoolSaveRelic":0,"theDuelist:CardPoolRelic":0},{"theDuelist:BoosterPackPoolRelic":0,"theDuelist:CardPoolMinusRelic":0,"theDuelist:CardPoolBasicRelic":0,"theDuelist:CardPoolAddRelic":0,"theDuelist:CardPoolOptionsRelic":0,"theDuelist:MillenniumPuzzle":0,"theDuelist:CardPoolSaveRelic":0,"theDuelist:CardPoolRelic":0}]},"card_choices":[{"not_picked":["theDuelist:AttackTheMoon","theDuelist:HammerShot","theDuelist:CheerfulCoffin","theDuelist:MiracleFertilizer"],"picked":"theDuelist:RagingMadPlants","floor":1.0},{"not_picked":["theDuelist:SeedCannon","theDuelist:PredaplantSarraceniant","theDuelist:PredaplantChimerafflesia","theDuelist:Gigaplant"],"picked":"theDuelist:RoseArcher","floor":2.0},{"not_picked":["theDuelist:CrystalRose","theDuelist:BlockGolem","theDuelist:GolemSentry","theDuelist:KamionTimelord"],"picked":"theDuelist:WeepingIdol","floor":4.0},{"not_picked":["theDuelist:CactusBouncer","theDuelist:BotanicalLion","theDuelist:Firegrass","theDuelist:AngelTrumpeter"],"picked":"theDuelist:DarkworldThorns","floor":5.0},{"not_picked":["theDuelist:GauntletWarrior","theDuelist:StrayLambs","theDuelist:PreventRat","theDuelist:DarkFactory","theDuelist:JamBreeding"],"picked":"SKIP","floor":7.0}],"player_experience":1813848,"relics_obtained":[],"event_choices":[{"damage_healed":0.0,"max_hp_gain":0.0,"max_hp_loss":0.0,"gold_gain":0.0,"event_name":"Tomb of the Nameless","player_choice":"Leave","duelist":true,"floor":6.0,"gold_loss":0.0,"damage_taken":0.0}],"is_beta":false,"boss_relics":[],"items_purged_floors":[3],"is_endless":false,"potions_floor_spawned":[5],"killed_by":"Gremlin Nob","ascension_level":20}}