{"host":"tw8gm4p1o2j6gfl4","time":1610013142,"event":{"mods":["Act Like it!","Aspiration","BaseMod","BetterRewards","Colored Map","Colored Powertips","Curses Come First","Decade(???)","Downfall","Gensokyo","Googly Eyes","Hallownest","Hermit","Highlight Path","Hubris","Infinite Spire","Jorbs\u0027s Wanderer Trilogy","Koishi","Lobotomy","Luminous","Minty Spire (QoL Compilation)","Quick Restart","Replay The Spire","StSLib","SuperFastMode","The Bug Knight","The Cursed","The Hierophant","The Jungle","The Marked","The Necromancer","The Poker Player","Trackpad","[IsaacMod]????"],"gold_per_floor":[114,126,146,163,163,198,214,214,290,290,25,25,87,102,200,302,302,322,337,349,367,68,68,68,100,100,115,115,115,115,126,126,227,227,258,258,258,258,286,286,286,323,323,323,373,415,459,84,84,84],"floor_reached":51,"playtime":3301,"items_purged":[],"score":719,"play_id":"c659b861-dd4b-4824-854f-eb58364b27a2","local_time":"20210107015222","is_ascension_mode":false,"campfire_choices":[{"floor":8,"key":"REST"},{"data":"stsjorbsmod:WeightOfMemory","floor":10,"key":"SMITH"},{"floor":23,"key":"REST"},{"floor":29,"key":"REST"},{"floor":32,"key":"REST"},{"floor":40,"key":"REST"},{"data":"stsjorbsmod:Entangle","floor":49,"key":"SMITH"}],"circlet_count":0,"master_deck":["stsjorbsmod:ForbiddenGrimoire+1","stsjorbsmod:Strike_Wanderer","stsjorbsmod:Strike_Wanderer","stsjorbsmod:Strike_Wanderer","stsjorbsmod:Strike_Wanderer","stsjorbsmod:Defend_Wanderer","stsjorbsmod:Defend_Wanderer","stsjorbsmod:Defend_Wanderer","stsjorbsmod:EyeOfTheStorm","stsjorbsmod:HedgeWizard","stsjorbsmod:ChatteringStrike","stsjorbsmod:Entangle+1","stsjorbsmod:SmithingStrike","stsjorbsmod:Firebolt","stsjorbsmod:ArcaneForm+1","stsjorbsmod:ScorchingRay+1","stsjorbsmod:CorrodingBarrier","stsjorbsmod:DeathThroes","stsjorbsmod:Channel","stsjorbsmod:FracturedMind+1","stsjorbsmod:FindFamiliar","stsjorbsmod:MagicMirror","stsjorbsmod:SchoolsOfMagic","stsjorbsmod:Message","stsjorbsmod:Message","stsjorbsmod:Pyromancy","stsjorbsmod:GatherPower","stsjorbsmod:BurningFlask+1","stsjorbsmod:RefuseToForget+1","stsjorbsmod:ParryingBlow+1","stsjorbsmod:BlackTentacles+1","hubris:DuctTapeCard"],"relics":["stsjorbsmod:GrimoireRelic","HushsDoor","SteamSale","StoneCalendar","Bottled Tornado","Blue Doll","hubris:TenFootPole","Medical Kit","SacredBark","BargainBundle","White Beast Statue","trackpad:PetRock","Quantum Egg","Bag of Marbles","Omamori","Replay:Fungal Core","aspiration:SecretTechniqueScroll","infinitespire:EvilPickle","MagicMushroom","HollowMod:LifeEnderRelic","GuppysHead","Hallownest:HeavyBlowRelic","Replay:WaspNest","MoneyPower","hubris:DuctTape","NineVolt","Regal Pillow"],"acts_visited":["Exordium","TheCity","Hallownest:KingdomsEdge"],"potions_floor_usage":[1,16,21,21,33,33,33,35,45,45,46,48,50,50,50],"damage_taken":[{"damage":0,"enemies":"Small Slimes","floor":1,"turns":4},{"damage":0,"enemies":"Cultist","floor":2,"turns":4},{"damage":0,"enemies":"2 Louse","floor":3,"turns":2},{"damage":7,"enemies":"Blue Slaver","floor":4,"turns":3},{"damage":28,"enemies":"3 Sentries","floor":6,"turns":7},{"damage":5,"enemies":"Looter","floor":7,"turns":3},{"damage":5,"enemies":"Red Slaver","floor":14,"turns":4},{"damage":52,"enemies":"The Guardian","floor":16,"turns":9},{"damage":5,"enemies":"3 Byrds","floor":18,"turns":5},{"damage":0,"enemies":"Chosen","floor":19,"turns":5},{"damage":22,"enemies":"Snake Plant","floor":20,"turns":4},{"damage":26,"enemies":"Shelled Parasite and Fungi","floor":21,"turns":5},{"damage":15,"enemies":"Replay:Snechameleon","floor":25,"turns":5},{"damage":20,"enemies":"3 Cultists","floor":27,"turns":4},{"damage":8,"enemies":"Snecko","floor":31,"turns":5},{"damage":52,"enemies":"Pondfish","floor":33,"turns":6},{"damage":26,"enemies":"Hallownest:3_Siblings","floor":35,"turns":7},{"damage":0,"enemies":"Hallownest:Shield_Heavy","floor":39,"turns":3},{"damage":0,"enemies":"Hallownest:2_Great","floor":42,"turns":5},{"damage":10,"enemies":"Hiden Room Battle","floor":45,"turns":2},{"damage":12,"enemies":"Hallownest:2_Wing_and_1_Kings","floor":46,"turns":8},{"damage":0,"enemies":"Hallownest:monsterPrimalAspid","floor":47,"turns":4},{"damage":10,"enemies":"Hallownest:BossGreyPrinceZote","floor":50,"turns":5}],"seed_played":"1976331968531863028","potions_obtained":[{"floor":1,"key":"Fruit Juice"},{"floor":6,"key":"Regen Potion"},{"floor":16,"key":"SkillPotion"},{"floor":18,"key":"Swift Potion"},{"floor":20,"key":"Block Potion"},{"floor":27,"key":"LiquidBronze"},{"floor":33,"key":"Block Potion"},{"floor":35,"key":"sneckomod:MuddlingPotion"},{"floor":39,"key":"Fire Potion"},{"floor":42,"key":"BlessingOfTheForge"},{"floor":45,"key":"Elixir"},{"floor":46,"key":"BlessingOfTheForge"},{"floor":47,"key":"sneckomod:MuddlingPotion"}],"is_trial":false,"path_per_floor":["M","M","M","M","?","E","M","R","T","R","$","?","?","M","R_BF","B",null,"M","M","M","M","$","R","?","E","T","M","AVR","R","?","M","R","B",null,"M","?","AVR","?","M","R","?","M","T","?","?","M","M","$","R","B",null],"character_chosen":"WANDERER","items_purchased":["Blue Doll","stsjorbsmod:ArcaneForm","hubris:TenFootPole","Medical Kit","BargainBundle","stsjorbsmod:MagicMirror","stsjorbsmod:SchoolsOfMagic","stsjorbsmod:Message","White Beast Statue","trackpad:PetRock","CultistPotion","sneckomod:MuddlingPotion","The Bomb+1","hubris:DuctTape","NineVolt","Regal Pillow","Fruit Juice","champ:CounterPotion","Block Potion"],"campfire_rested":5,"item_purchase_floors":[11,11,11,11,22,22,22,22,22,22,22,22,22,48,48,48,48,48,48],"current_hp_per_floor":[73,73,73,67,67,39,35,56,56,56,56,56,56,55,55,18,73,73,73,55,30,30,51,51,40,40,22,22,43,43,39,61,10,75,50,58,65,65,66,82,82,82,82,82,72,61,67,77,77,74],"gold":84,"neow_bonus":"UPGRADE_CARD","is_daily":false,"chose_seed":false,"campfire_upgraded":2,"win_rate":0.0,"timestamp":1610013142,"path_taken":["M","M","M","M","?","E","M","R","T","R","$","?","?","?","R_BF","BOSS","M","M","M","M","$","R","?","E","T","M","AVR","R","?","?","R","BOSS","M","?","AVR","?","?","R","?","M","T","?","?","?","M","$","R","BOSS"],"items_purchased_type":["Relic","Card","Relic","Relic","Relic","Card","Card","Card","Relic","Relic","Potion","Potion","Card","Relic","Relic","Relic","Potion","Potion","Potion"],"build_version":"2020-12-22","purchased_purges":0,"victory":true,"max_hp_per_floor":[73,73,73,73,73,73,73,73,73,73,73,73,73,73,73,73,73,73,73,73,73,73,73,73,73,73,73,73,73,73,75,75,75,75,75,75,82,82,82,82,82,82,82,82,82,82,82,92,92,92],"card_choices":[{"not_picked":["stsjorbsmod:TrueStrike","Bomb"],"picked":"stsjorbsmod:HedgeWizard","floor":1},{"not_picked":["stsjorbsmod:Stalwart","stsjorbsmod:Will"],"picked":"stsjorbsmod:ChatteringStrike","floor":2},{"not_picked":["stsjorbsmod:Stalwart","stsjorbsmod:SchoolsOfMagic"],"picked":"stsjorbsmod:Entangle","floor":3},{"not_picked":["stsjorbsmod:Prestidigitation","stsjorbsmod:DisguiseSelf"],"picked":"stsjorbsmod:WeightOfMemory","floor":4},{"not_picked":["stsjorbsmod:Counterspell","stsjorbsmod:WeightOfMemory"],"picked":"stsjorbsmod:SmithingStrike","floor":6},{"not_picked":["stsjorbsmod:Will","stsjorbsmod:WeightOfMemory"],"picked":"stsjorbsmod:Firebolt","floor":7},{"not_picked":["stsjorbsmod:Prestidigitation","stsjorbsmod:Will"],"picked":"stsjorbsmod:CorrodingBarrier","floor":14},{"not_picked":["stsjorbsmod:Banish","stsjorbsmod:ThirstingSword"],"picked":"stsjorbsmod:DeathThroes","floor":16},{"not_picked":["stsjorbsmod:TollTheDead","stsjorbsmod:OldPocket"],"picked":"stsjorbsmod:Channel","floor":18},{"not_picked":["stsjorbsmod:Materialize","stsjorbsmod:FranticSearch"],"picked":"stsjorbsmod:FracturedMind+1","floor":19},{"not_picked":["stsjorbsmod:ArcaneWeapon","stsjorbsmod:LocateObject","stsjorbsmod:DisguiseSelf"],"picked":"SKIP","floor":20},{"not_picked":["stsjorbsmod:DisguiseSelf","stsjorbsmod:Rest"],"picked":"stsjorbsmod:FindFamiliar","floor":21},{"not_picked":["stsjorbsmod:Mania","stsjorbsmod:DoubleCheck","stsjorbsmod:Introspection+1"],"picked":"SKIP","floor":25},{"not_picked":["stsjorbsmod:ChatteringStrike","stsjorbsmod:OldPocket","stsjorbsmod:FindFamiliar"],"picked":"SKIP","floor":27},{"not_picked":["stsjorbsmod:UnseenServant","stsjorbsmod:SmithingStrike"],"picked":"stsjorbsmod:Pyromancy","floor":31},{"not_picked":["stsjorbsmod:ArcaneForm","stsjorbsmod:ThirstingSword"],"picked":"stsjorbsmod:GatherPower","floor":33},{"not_picked":["stsjorbsmod:SmithingStrike","stsjorbsmod:Stalwart+1"],"picked":"stsjorbsmod:BurningFlask+1","floor":35},{"not_picked":["stsjorbsmod:Index+1","stsjorbsmod:Message"],"picked":"stsjorbsmod:RefuseToForget+1","floor":39},{"not_picked":["stsjorbsmod:ArcaneWeapon+1","stsjorbsmod:WanderingMind","stsjorbsmod:Prestidigitation+1"],"picked":"SKIP","floor":42},{"not_picked":["stsjorbsmod:TrueStrike","stsjorbsmod:AnimateObjects"],"picked":"stsjorbsmod:ParryingBlow+1","floor":45},{"not_picked":["stsjorbsmod:Entangle","stsjorbsmod:FranticSearch"],"picked":"stsjorbsmod:BlackTentacles+1","floor":46},{"not_picked":["stsjorbsmod:OldPocket","stsjorbsmod:Rest","stsjorbsmod:FranticSearch+1"],"picked":"SKIP","floor":47}],"player_experience":192305,"relics_obtained":[{"floor":6,"key":"StoneCalendar"},{"floor":9,"key":"Bottled Tornado"},{"floor":25,"key":"Quantum Egg"},{"floor":26,"key":"Bag of Marbles"},{"floor":43,"key":"GuppysHead"},{"floor":45,"key":"Replay:WaspNest"},{"floor":45,"key":"MoneyPower"}],"event_choices":[{"damage_healed":0,"gold_gain":62,"player_choice":"Gained Gold","damage_taken":0,"max_hp_gain":0,"max_hp_loss":0,"event_name":"Golden Wing","floor":13,"gold_loss":0},{"damage_healed":0,"gold_gain":0,"player_choice":"Fight","damage_taken":0,"max_hp_gain":0,"max_hp_loss":0,"event_name":"HidenRoomEvent","floor":45,"gold_loss":0}],"is_beta":false,"boss_relics":[{"not_picked":["ReplayTheSpireMod:DimensionalGlitch","hubris:BlackHole"],"picked":"SacredBark"},{"not_picked":[]},{"not_picked":["Sozu","Kintsugi"],"picked":"aspiration:SecretTechniqueScroll"},{"not_picked":[]}],"items_purged_floors":[],"is_endless":false,"potions_floor_spawned":[1,6,16,18,20,25,27,31,33,35,39,42,45,46,47],"ascension_level":0}}