{"host":"dhtq6diq1v6cnmza","time":1610001277,"event":{"mods":["Act Like it!","BaseMod","BetterRewards","Colored Map","Colored Powertips","Downfall","Highlight Path","Hubris","Infinite Spire","Minty Spire (QoL Compilation)","Replay The Spire","Shop Mod","StSLib","The Jungle"],"gold_per_floor":[114,127,138,158,18,51,16,16,16,60,60,60,93,109,109,235,235,258,68,91,116,26,69,69,112,139,155,155,168,168,204,204,332,332,347,367,435,435,456,492,492,531,610,673,679,679],"floor_reached":45,"playtime":6696,"items_purged":[],"score":769,"play_id":"2a1890e8-2c75-40cc-adea-e3970b3fee39","local_time":"20210107013437","is_ascension_mode":true,"campfire_choices":[{"data":"Strike_G","floor":15,"key":"PURGE"},{"data":"expansioncontent:DefensiveStance","floor":24,"key":"SMITH"},{"data":"Apotheosis","floor":30,"key":"SMITH"},{"floor":41,"key":"DIG"}],"circlet_count":0,"master_deck":["Strike_G+1","Defend_G+1","Defend_G+1","Defend_G+1","Defend_G+1","Survivor+1","Sneak Up+1","Caltrops","Venomology","Endless Agony","Backstab","Caltrops","expansioncontent:DefensiveStance+1","Infinite Blades","Sneak Up","Slice","ReplayTheSpireMod:Scrap Shanks","After Image","Apotheosis+1","ReplayTheSpireMod:Speed Training","Slice+1","Deflect","Infinite Blades","Deflect","Deflect+1","ReplayTheSpireMod:Speed Training+1","Slice+1","Prepared"],"relics":["Ring of the Snake","Replay:Multitool","MerchantsRug","Toy Ornithopter","Golden Idol","Unceasing Top","Replay:Accelerometer","Kunai","hubris:RunicObelisk","theJungle:ParSnip","ReplayTheSpireMod:Shallot","infinitespire:Beetle Shell","infinitespire:PuzzleCube","infinitespire:Eraser","HoveringKite","Shovel","Pen Nib","hubris:Metronome","Bronze Scales","infinitespire:Midas Blood","hubris:FunFungus"],"acts_visited":["Exordium","Exordium","TheBeyond"],"potions_floor_usage":[2,3,4,4,6,10,13,16,16,16,16,18,20,25,27,27,27,29,33,35,36,37,37,42,45,45,45,45,45],"damage_taken":[{"damage":0,"enemies":"2 Louse","floor":1,"turns":4},{"damage":1,"enemies":"Jaw Worm","floor":2,"turns":5},{"damage":1,"enemies":"Cultist","floor":3,"turns":4},{"damage":0,"enemies":"Looter","floor":4,"turns":3},{"damage":39,"enemies":"3 Sentries","floor":6,"turns":11},{"damage":6,"enemies":"Lagavulin","floor":10,"turns":7},{"damage":6,"enemies":"3 Sentries","floor":13,"turns":10},{"damage":0,"enemies":"3 Louse","floor":14,"turns":5},{"damage":38,"enemies":"Slime Boss","floor":16,"turns":21},{"damage":12,"enemies":"Shell Parasite","floor":18,"turns":9},{"damage":4,"enemies":"theJungle:Flameango_and_Byrd","floor":20,"turns":5},{"damage":1,"enemies":"theJungle:Lyon","floor":21,"turns":6},{"damage":0,"enemies":"theJungle:2_Phrogs","floor":23,"turns":10},{"damage":1,"enemies":"theJungle:Cassacara","floor":25,"turns":8},{"damage":6,"enemies":"theJungle:JungleHuntersEncounter","floor":27,"turns":5},{"damage":28,"enemies":"theJungle:2_Snecko_Cultists","floor":29,"turns":4},{"damage":0,"enemies":"Nightmare","floor":31,"turns":8},{"damage":1,"enemies":"theJungle:QueenSpyder","floor":33,"turns":13},{"damage":0,"enemies":"3 Shapes","floor":35,"turns":13},{"damage":0,"enemies":"Orb Walker","floor":36,"turns":5},{"damage":28,"enemies":"2 Orb Walkers","floor":37,"turns":6},{"damage":56,"enemies":"4 Shapes","floor":39,"turns":6},{"damage":0,"enemies":"Nemesis","floor":40,"turns":13},{"damage":0,"enemies":"Giant Head","floor":42,"turns":8},{"damage":0,"enemies":"Mind Bloom Boss Battle","floor":44,"turns":4},{"damage":71,"enemies":"Reptomancer","floor":45,"turns":10}],"seed_played":"1277175922835930695","potions_obtained":[{"floor":1,"key":"SpeedPotion"},{"floor":2,"key":"Guardian:BlockOnCardUsePotion"},{"floor":13,"key":"SneckoOil"},{"floor":14,"key":"DistilledChaos"},{"floor":18,"key":"Strength Potion"},{"floor":21,"key":"Poison Potion"},{"floor":27,"key":"LiquidBronze"},{"floor":29,"key":"Guardian:BlockOnCardUsePotion"},{"floor":33,"key":"Elixir"},{"floor":35,"key":"FearPotion"},{"floor":39,"key":"Block Potion"},{"floor":44,"key":"Reflective Coating"}],"is_trial":false,"path_per_floor":["M","M","M","M","$","E","$","?","T","E","R","?","E","M","R_BF","B",null,"M","$","M","M","?","E","R","E","T","M","AVR","M","R","NM","R_BF","B",null,"M","M","?","?","M","E","R","E","T","?","E"],"character_chosen":"THE_SILENT","items_purchased":["Sneak Up","Caltrops","MerchantsRug","Caltrops","expansioncontent:DefensiveStance","Sneak Up","Apotheosis"],"campfire_rested":0,"item_purchase_floors":[0,0,0,5,5,7,19],"current_hp_per_floor":[38,51,50,50,50,11,11,11,11,10,29,29,28,28,28,10,65,58,58,59,58,58,58,58,62,62,65,65,37,37,37,37,41,65,65,65,42,65,9,9,9,14,14,14,0,0],"gold":679,"neow_bonus":"","is_daily":false,"chose_seed":false,"campfire_upgraded":2,"win_rate":0.0,"timestamp":1610001277,"path_taken":["M","M","M","M","$","E","$","?","T","E","R","?","E","M","R_BF","BOSS","M","$","M","M","?","E","R","E","T","M","AVR","M","R","NM","R_BF","BOSS","M","M","?","?","?","E","R","E","T","?","E"],"items_purchased_type":["Card","Card","Relic","Card","Card","Card","Card"],"build_version":"2020-12-22","purchased_purges":0,"victory":false,"max_hp_per_floor":[70,70,70,70,70,70,70,65,65,65,65,65,65,65,65,65,65,65,65,65,65,65,65,65,65,65,65,65,65,65,65,65,65,65,65,65,65,65,65,65,65,65,65,65,65,65],"card_choices":[{"not_picked":["Predator","hubris:SlightOfHand","ReplayTheSpireMod:Scrap Shanks"],"picked":"SKIP","floor":1},{"not_picked":["Poisoned Stab","Slice","Masterful Stab"],"picked":"SKIP","floor":2},{"not_picked":["Dash","Concentrate","Slice"],"picked":"SKIP","floor":3},{"not_picked":["Hidden Blade","Slice","Sucker Punch"],"picked":"SKIP","floor":4},{"not_picked":["Underhanded Strike","Blade Dance"],"picked":"Infinite Blades","floor":6},{"not_picked":["Poisoned Stab","Acrobatics"],"picked":"Slice","floor":10},{"not_picked":["ReplayTheSpireMod:Tripwire","All Out Attack"],"picked":"ReplayTheSpireMod:Scrap Shanks","floor":13},{"not_picked":["Dagger Spray","Acrobatics"],"picked":"After Image","floor":14},{"not_picked":["Heel Hook","Leg Sweep+1","Backflip"],"picked":"SKIP","floor":18},{"not_picked":["Masterful Stab","Underhanded Strike"],"picked":"ReplayTheSpireMod:Speed Training","floor":20},{"not_picked":["Quick Slash","Outmaneuver+1"],"picked":"Slice+1","floor":21},{"not_picked":["hubris:Counter+1","Tactician+1","Dodge and Roll"],"picked":"SKIP","floor":23},{"not_picked":["All Out Attack","Poisoned Stab","Dash+1"],"picked":"SKIP","floor":25},{"not_picked":["hubris:SlightOfHand","Backflip","Leg Sweep"],"picked":"SKIP","floor":27},{"not_picked":["Leg Sweep","Venomology","Deadly Poison"],"picked":"SKIP","floor":29},{"not_picked":["Blade Dance+1","ReplayTheSpireMod:The Works+1"],"picked":"Deflect","floor":31},{"not_picked":["Quick Slash","Dodge and Roll+1"],"picked":"Deflect","floor":35},{"not_picked":["PiercingWail+1","ReplayTheSpireMod:Tripwire+1","Quick Slash"],"picked":"SKIP","floor":36},{"not_picked":["Footwork","Flechettes"],"picked":"Deflect+1","floor":37},{"not_picked":["Masterful Stab+1","Choke"],"picked":"ReplayTheSpireMod:Speed Training+1","floor":39},{"not_picked":["Outmaneuver","Deflect"],"picked":"Slice+1","floor":40},{"not_picked":["Backflip","ReplayTheSpireMod:Necrosis"],"picked":"Prepared","floor":42}],"player_experience":191834,"relics_obtained":[{"floor":6,"key":"Toy Ornithopter"},{"floor":9,"key":"Unceasing Top"},{"floor":10,"key":"Replay:Accelerometer"},{"floor":13,"key":"Kunai"},{"floor":23,"key":"ReplayTheSpireMod:Shallot"},{"floor":25,"key":"infinitespire:Beetle Shell"},{"floor":26,"key":"infinitespire:PuzzleCube"},{"floor":31,"key":"infinitespire:Eraser"},{"floor":37,"key":"Shovel"},{"floor":40,"key":"Pen Nib"},{"floor":41,"key":"hubris:Metronome"},{"floor":42,"key":"Bronze Scales"},{"floor":43,"key":"infinitespire:Midas Blood"},{"floor":44,"key":"hubris:FunFungus"}],"event_choices":[{"damage_healed":0,"gold_gain":0,"player_choice":"Lose Max HP","damage_taken":0,"relics_obtained":["Golden Idol"],"max_hp_gain":0,"max_hp_loss":5,"event_name":"Golden Idol","floor":8,"gold_loss":0},{"cards_removed":["Strike_G"],"damage_healed":0,"gold_gain":0,"player_choice":"Card Removal","damage_taken":0,"max_hp_gain":0,"max_hp_loss":0,"event_name":"Wheel of Change","floor":12,"gold_loss":0},{"damage_healed":0,"gold_gain":0,"player_choice":"Fight","damage_taken":0,"max_hp_gain":0,"max_hp_loss":0,"event_name":"Mysterious Sphere","floor":37,"gold_loss":0},{"damage_healed":23,"gold_gain":0,"player_choice":"Full Heal","damage_taken":0,"max_hp_gain":0,"max_hp_loss":0,"event_name":"Wheel of Change","floor":38,"gold_loss":0},{"damage_healed":0,"gold_gain":0,"player_choice":"Fight","damage_taken":0,"max_hp_gain":0,"max_hp_loss":0,"event_name":"MindBloom","floor":44,"gold_loss":0}],"is_beta":false,"boss_relics":[{"not_picked":["hubris:Stopwatch","Snecko Eye"],"picked":"hubris:RunicObelisk"},{"not_picked":["Replay:Wanted Poster","Abe\u0027s Treasure"],"picked":"HoveringKite"}],"items_purged_floors":[],"is_endless":true,"potions_floor_spawned":[1,2,13,14,18,21,27,29,33,35,39,44],"killed_by":"Reptomancer","ascension_level":2}}