{"host":"e1pm3b7xpcm97e5w","time":1610052311,"event":{"mods":["BaseMod","Better Skull","Googly Eyes","Minty Spire (QoL Compilation)","Relic Stats","Shop Mod","Spicy Shops","StSLib"],"gold_per_floor":[12,26,37,12,29,61,111,137,173,185,211,26,59,79,79,153,153,169,184,197,397,413,413,413],"floor_reached":23,"playtime":797,"items_purged":["Strike_R"],"score":398,"play_id":"592a096d-d808-48e5-8b5a-a62c88ab5cfb","local_time":"20210107154511","is_ascension_mode":true,"campfire_choices":[{"data":"Whirlwind","floor":10,"key":"SMITH"},{"floor":15,"key":"REST"}],"circlet_count":0,"master_deck":["AscendersBane","Strike_R","Strike_R","Strike_R","Strike_R","Defend_R","Defend_R","Defend_R","Defend_R","Bash","Anger","Inflame","Feed","Cleave","Whirlwind+1","Inflame","Shockwave","Battle Trance","Ghostly Armor","Pommel Strike","Impervious","Sword Boomerang","Sword Boomerang"],"relics":["Burning Blood","Du-Vu Doll","The Courier","MawBank","Strawberry","Chemical X","Nunchaku","SlaversCollar"],"acts_visited":["Exordium","TheCity"],"potions_floor_usage":[8,8,16,20,23],"damage_taken":[{"damage":5,"enemies":"2 Louse","floor":1,"turns":3},{"damage":1,"enemies":"Cultist","floor":2,"turns":3},{"damage":0,"enemies":"Small Slimes","floor":3,"turns":2},{"damage":8,"enemies":"Red Slaver","floor":5,"turns":3},{"damage":35,"enemies":"Lagavulin","floor":6,"turns":5},{"damage":15,"enemies":"3 Sentries","floor":8,"turns":5},{"damage":0,"enemies":"Gremlin Gang","floor":11,"turns":1},{"damage":13,"enemies":"Gremlin Nob","floor":13,"turns":3},{"damage":0,"enemies":"Large Slime","floor":14,"turns":4},{"damage":36,"enemies":"Hexaghost","floor":16,"turns":8},{"damage":16,"enemies":"Spheric Guardian","floor":18,"turns":4},{"damage":31,"enemies":"Shell Parasite","floor":19,"turns":5},{"damage":39,"enemies":"Snecko","floor":20,"turns":6},{"damage":7,"enemies":"Centurion and Healer","floor":22,"turns":4},{"damage":14,"enemies":"Slavers","floor":23,"turns":1}],"seed_played":"4244230249625748567","potions_obtained":[{"floor":2,"key":"SneckoOil"},{"floor":6,"key":"Explosive Potion"},{"floor":8,"key":"AttackPotion"},{"floor":13,"key":"SteroidPotion"},{"floor":14,"key":"HeartOfIron"},{"floor":16,"key":"Dexterity Potion"},{"floor":20,"key":"Weak Potion"},{"floor":22,"key":"Strength Potion"}],"is_trial":false,"path_per_floor":["M","M","M","$","M","E","?","E","T","R","M","$","E","M","R","B",null,"M","M","M","?","M","E"],"character_chosen":"IRONCLAD","items_purchased":["Cleave","Chemical X"],"campfire_rested":1,"item_purchase_floors":[4,12],"current_hp_per_floor":[69,74,75,75,73,44,37,31,38,38,44,44,37,46,72,45,80,70,48,15,15,14,0,0],"gold":413,"neow_bonus":"ONE_RARE_RELIC","is_daily":false,"chose_seed":false,"campfire_upgraded":1,"win_rate":0.0,"timestamp":1610052311,"path_taken":["M","M","M","$","M","E","?","E","T","R","M","?","E","M","R","BOSS","M","M","M","?","M","E"],"items_purchased_type":["Card","Relic"],"build_version":"2020-12-22","purchased_purges":1,"victory":false,"max_hp_per_floor":[75,75,75,75,75,75,75,78,85,85,85,85,85,88,88,91,91,91,94,94,94,94,94,94],"relic_stats":{"Nunchaku":[4],"counters":[15,57],"Chemical X":[12],"MawBank":48,"obtain_stats":[{"Du-Vu Doll":0,"SlaversCollar":17,"Nunchaku":13,"Strawberry":9,"The Courier":6,"Chemical X":12,"MawBank":8,"Burning Blood":0},{"Du-Vu Doll":0,"SlaversCollar":10,"Nunchaku":8,"Strawberry":6,"The Courier":5,"Chemical X":7,"MawBank":6,"Burning Blood":0},{"Du-Vu Doll":0,"SlaversCollar":37,"Nunchaku":25,"Strawberry":21,"The Courier":16,"Chemical X":22,"MawBank":21,"Burning Blood":0}],"Burning Blood":79},"card_choices":[{"not_picked":["Havoc","True Grit"],"picked":"Anger","floor":1},{"not_picked":["Havoc","Blood for Blood"],"picked":"Inflame","floor":2},{"not_picked":["Warcry","Inflame"],"picked":"Feed","floor":3},{"not_picked":["Thunderclap","Perfected Strike"],"picked":"Whirlwind","floor":5},{"not_picked":["Pommel Strike","Rampage"],"picked":"Inflame","floor":6},{"not_picked":["Bloodletting","Evolve"],"picked":"Shockwave","floor":8},{"not_picked":["Clash","Twin Strike"],"picked":"Battle Trance","floor":11},{"not_picked":["Twin Strike","Entrench"],"picked":"Ghostly Armor","floor":13},{"not_picked":["Ghostly Armor","Carnage"],"picked":"Pommel Strike","floor":14},{"not_picked":["Barricade","Bludgeon"],"picked":"Impervious","floor":16},{"not_picked":["Perfected Strike","Clothesline","Body Slam"],"picked":"SKIP","floor":18},{"not_picked":["Wild Strike+1","Reckless Charge","Seeing Red"],"picked":"SKIP","floor":19},{"not_picked":["Pommel Strike","Rupture"],"picked":"Sword Boomerang","floor":20},{"not_picked":["Uppercut","Havoc"],"picked":"Sword Boomerang","floor":22}],"player_experience":509701,"relics_obtained":[{"floor":6,"key":"The Courier"},{"floor":8,"key":"MawBank"},{"floor":9,"key":"Strawberry"},{"floor":13,"key":"Nunchaku"}],"event_choices":[{"damage_healed":0,"gold_gain":50,"player_choice":"Touch","damage_taken":7,"max_hp_gain":0,"max_hp_loss":0,"event_name":"FaceTrader","floor":7,"gold_loss":0},{"damage_healed":0,"gold_gain":200,"player_choice":"Gold","damage_taken":0,"max_hp_gain":0,"max_hp_loss":0,"event_name":"Wheel of Change","floor":21,"gold_loss":0}],"is_beta":false,"boss_relics":[{"not_picked":["Sozu","Black Star"],"picked":"SlaversCollar"}],"items_purged_floors":[12],"is_endless":false,"potions_floor_spawned":[2,6,8,13,14,16,18,20,22],"killed_by":"Slavers","ascension_level":17}}