{"host":"5yjvsohl6z99blyx","time":1610048035,"event":{"mods":["BaseMod","Better Altar","Better Match","Better Note","Better Sensory Stone","Better Skull","Better Third Choice","Better Vampires","BetterRewards","Card Forge","Colored Map","Colored Powertips","Defuse TimeMaze Blight","Downfall","Emptier Cage","Energized Spire","Highlight Path","Hubris","Minty Spire (QoL Compilation)","Permanent Neow","Quick Restart","Relic Filter","Replay The Spire","Shop Mod","StSLib","Synergy Search","Thieving Mod","Transform Curses","Uncapped"],"gold_per_floor":[99,116,131,228,78,3,3,20,51,67,67,67,86,114,124,228,228,78,89,106,106,106,117,141,169,186,218,236,12,24,38,48,151,151,151,164,175,185,460,475,475,475,509,526,544,511,523,538,553,553,553,585,63,63,63],"floor_reached":56,"playtime":6257,"items_purged":["Regret"],"score":1389,"play_id":"bcacf0ac-c4f3-4bd6-8de6-8a504472b176","local_time":"20210107203355","is_ascension_mode":true,"campfire_choices":[{"floor":1,"key":"RECALL"},{"floor":6,"key":"REST"},{"floor":18,"key":"REST"},{"floor":54,"key":"REST"}],"circlet_count":0,"master_deck":["Slimebound:Strike_Slimebound+1","Slimebound:Strike_Slimebound+1","Slimebound:Strike_Slimebound+1","Slimebound:Tackle+1","Slimebound:Defend_Slimebound+1","Slimebound:Defend_Slimebound+1","Slimebound:Defend_Slimebound+1","Slimebound:Defend_Slimebound+1","Slimebound:Split+1","Slimebound:CorrosiveSpit+1","expansioncontent:DefensiveStance+1","Barricade+1","Berserk+1","Metallicize+1","Disarm+1","Adrenaline+1","Burst+1","After Image+1","Well Laid Plans+1","Footwork+1","Echo Form+1","Slimebound:SamplingLick+1","Slimebound:SlimeSpikes+1","Slimebound:GoopSpray+1","Slimebound:FormOfPuddle+1","Slimebound:RollThrough+1","Double Tap+1","Slimebound:LivingWall+1","Slimebound:SlimeBarrage+1","Slimebound:LevelUp+1","Slimebound:Recycling+1","Slimebound:MegaLick+1","Slimebound:OneTwoCombo+1","Slimebound:OozeBath+1","Slimebound:Schlurp+1","Slimebound:LeechEnergy+1","Slimebound:OozeBath+1","expansioncontent:Chronoboost+1","Slimebound:Prepare+1","Slimebound:OozeBath+1","Slimebound:MinionMaster+1","Slimebound:Gluttony+1","Slimebound:LevelUp+1","AscendersBane","Slimebound:Split+1","Replay:SS_forest_6+1","Slimebound:DuplicatedForm+1","Slimebound:AcidTongue+1","Slimebound:Equalize+1","Parasite","Slimebound:PrepareCrush+1","Slimebound:AcidTongue+1"],"relics":["Slimebound:AbsorbEndCombat","Hammer of Thor","Seething Fire","Anvil of the Gods","downfall:HeartBlessingRed","Incense Burner","Singing Bowl","energizedSpire:NeverEndingSparkler","downfall:HeartBlessingBlue","downfall:HeartBlessingGreen","Nloth\u0027s Gift","Replay:Baseball","Strawberry","Fusion Hammer","Ornamental Fan","Bag of Preparation","Slimebound:MaxSlimesRelic","Torii","Happy Flower"],"acts_visited":["Exordium","TheCity","TheBeyond","TheEnding"],"potions_floor_usage":[10,14,16,25,27,27,33,38,38,48,55,55],"damage_taken":[{"damage":8,"enemies":"Cultist","floor":2,"turns":3},{"damage":13,"enemies":"Small Slimes","floor":3,"turns":6},{"damage":0,"enemies":"Jaw Worm","floor":8,"turns":3},{"damage":16,"enemies":"Lagavulin","floor":9,"turns":6},{"damage":27,"enemies":"Gremlin Gang","floor":10,"turns":6},{"damage":14,"enemies":"Blue Slaver","floor":13,"turns":6},{"damage":20,"enemies":"Gremlin Nob","floor":14,"turns":7},{"damage":6,"enemies":"3 Louse","floor":15,"turns":6},{"damage":24,"enemies":"downfall:Silent","floor":16,"turns":7},{"damage":20,"enemies":"3 Byrds","floor":19,"turns":5},{"damage":12,"enemies":"Chosen","floor":20,"turns":5},{"damage":18,"enemies":"Snecko","floor":23,"turns":6},{"damage":19,"enemies":"Gremlin Leader","floor":25,"turns":6},{"damage":23,"enemies":"Sentry and Sphere","floor":26,"turns":7},{"damage":9,"enemies":"Book of Stabbing","floor":27,"turns":5},{"damage":16,"enemies":"Cultist and Chosen","floor":28,"turns":8},{"damage":8,"enemies":"downfall:FleeingMerchant","floor":29,"turns":4},{"damage":8,"enemies":"Snake Plant","floor":30,"turns":5},{"damage":26,"enemies":"Centurion and Healer","floor":31,"turns":6},{"damage":0,"enemies":"Chosen and Byrds","floor":32,"turns":6},{"damage":9,"enemies":"downfall:Ironclad","floor":33,"turns":8},{"damage":16,"enemies":"3 Shapes","floor":36,"turns":4},{"damage":16,"enemies":"3 Darklings","floor":37,"turns":5},{"damage":11,"enemies":"Writhing Mass","floor":38,"turns":6},{"damage":28,"enemies":"Transient","floor":40,"turns":5},{"damage":39,"enemies":"Nemesis","floor":43,"turns":7},{"damage":50,"enemies":"Sphere and 2 Shapes","floor":44,"turns":7},{"damage":12,"enemies":"Spire Growth","floor":45,"turns":3},{"damage":20,"enemies":"downfall:FleeingMerchant","floor":46,"turns":4},{"damage":94,"enemies":"Transient","floor":47,"turns":5},{"damage":50,"enemies":"Jaw Worm Horde","floor":48,"turns":7},{"damage":49,"enemies":"Writhing Mass","floor":49,"turns":6},{"damage":33,"enemies":"downfall:Watcher","floor":50,"turns":10},{"damage":94,"enemies":"downfall:CharBossMerchant","floor":52,"turns":9},{"damage":72,"enemies":"downfall:NeowBoss","floor":55,"turns":15}],"seed_played":"-2597577476350596649","potions_obtained":[{"floor":8,"key":"Explosive Potion"},{"floor":10,"key":"AttackPotion"},{"floor":15,"key":"sneckomod:MuddlingPotion"},{"floor":20,"key":"Adrenaline Potion"},{"floor":25,"key":"PowerPotion"},{"floor":26,"key":"Venom Potion"},{"floor":27,"key":"FairyPotion"},{"floor":35,"key":"Weak Potion"},{"floor":35,"key":"Milkshake"},{"floor":45,"key":"ColorlessPotion"},{"floor":48,"key":"Dexterity Potion"}],"is_trial":false,"path_per_floor":["R","M","M","?","?","R","T","M","E","M","?","?","M","E","M","B",null,"R","M","M","?","?","M","T","E","M","E","M","$","M","M","M","B",null,"R_BF","M","M","M","?","M","T","?","E","M","M","$","M","M","M","B",null,"E","$","R","B",null],"character_chosen":"SLIMEBOUND","items_purchased":["expansioncontent:Chronoboost","AttackPotion","Replay:SS_forest_6","Slimebound:DuplicatedForm","Slimebound:SlimyTonguePotion","Slimebound:SlimyTonguePotion","Torii","Happy Flower","Slimebound:AcidTongue"],"campfire_rested":3,"item_purchase_floors":[29,29,46,46,46,46,53,53,53],"current_hp_per_floor":[60,60,60,45,70,70,70,70,70,70,70,70,70,67,69,70,70,80,78,78,54,54,56,56,77,82,89,89,91,91,93,93,93,93,93,93,95,97,97,85,85,85,96,84,100,98,75,66,90,104,104,82,82,104,104],"gold":63,"neow_bonus":"RANDOM_COLORLESS","is_daily":false,"chose_seed":false,"campfire_upgraded":0,"win_rate":0.0,"timestamp":1610048035,"path_taken":["R","M","M","?","?","R","T","?","E","M","?","?","?","E","M","BOSS","R","M","?","?","?","M","T","E","M","E","M","$","M","M","M","BOSS","R_BF","M","M","M","?","?","T","?","E","M","M","$","M","M","M","BOSS","E","$","R","BOSS"],"items_purchased_type":["Card","Potion","Card","Card","Potion","Potion","Relic","Relic","Card"],"build_version":"2020-12-22","purchased_purges":1,"victory":true,"max_hp_per_floor":[60,60,60,60,70,70,70,70,70,70,70,70,70,70,70,70,70,80,82,82,82,82,82,82,82,82,89,89,91,91,93,93,93,93,93,93,95,97,97,97,97,94,96,98,100,102,102,102,104,104,104,104,104,104,104],"card_choices":[{"not_picked":["expansioncontent:YouAreMine","Swift Strike"],"picked":"expansioncontent:DefensiveStance","floor":0},{"not_picked":["Slimebound:ComboTackle","Slimebound:Repurpose"],"picked":"Slimebound:SamplingLick","floor":2},{"not_picked":["Slimebound:ViciousTackle","Slimebound:PressTheAttack"],"picked":"Slimebound:SlimeSpikes","floor":3},{"not_picked":["Slimebound:SplitBruiser","Slimebound:DivideAndConquer"],"picked":"Slimebound:GoopSpray","floor":4},{"not_picked":["Slimebound:Chomp","Slimebound:ServeAndProtect"],"picked":"Slimebound:FormOfPuddle","floor":8},{"not_picked":["Slimebound:SplitAcid","Slimebound:SplitSpecialist"],"picked":"Slimebound:Darklings","floor":9},{"not_picked":["Slimebound:GoopSpray","Slimebound:FinishingTackle"],"picked":"Slimebound:RollThrough","floor":10},{"not_picked":["Slimebound:SplitBruiser","Slimebound:ItLooksTasty"],"picked":"Slimebound:LivingWall","floor":13},{"not_picked":["Slimebound:ComboTackle","Slimebound:SplitLeeching"],"picked":"Slimebound:SlimeBarrage","floor":14},{"not_picked":["Slimebound:RejuvenatingLick","Slimebound:GoopSpray"],"picked":"Slimebound:LevelUp","floor":15},{"not_picked":["Slimebound:Darklings","Slimebound:Overexert"],"picked":"Slimebound:Recycling","floor":16},{"not_picked":["Slimebound:SplitAcid","Slimebound:SlimeBarrage","Slimebound:PressTheAttack"],"picked":"Singing Bowl","floor":19},{"not_picked":["Slimebound:GoopSpray","Slimebound:PressTheAttack"],"picked":"Slimebound:MegaLick","floor":20},{"not_picked":["Slimebound:RollThrough","Slimebound:FlameTackle"],"picked":"Slimebound:OneTwoCombo","floor":23},{"not_picked":["Slimebound:ServeAndProtect+1","Slimebound:GoopTackle"],"picked":"Slimebound:OozeBath","floor":25},{"not_picked":["Slimebound:ServeAndProtect","Slimebound:LeechEnergy"],"picked":"Slimebound:Schlurp","floor":26},{"not_picked":["Slimebound:SlimeBarrage","Slimebound:FormOfPuddle+1"],"picked":"Slimebound:LeechEnergy","floor":27},{"not_picked":["Slimebound:ForwardTackle","Slimebound:DisruptingSlam+1"],"picked":"Slimebound:OozeBath","floor":28},{"not_picked":["Slimebound:LivingWall","Slimebound:SlimeSpikes","Slimebound:Chomp"],"picked":"Singing Bowl","floor":29},{"not_picked":["Slimebound:RollThrough","Slimebound:GoopTackle"],"picked":"Slimebound:Prepare","floor":30},{"not_picked":["Slimebound:ViciousTackle+1","Slimebound:LeechingTouch","Slimebound:DisruptingSlam"],"picked":"Singing Bowl","floor":31},{"not_picked":["Slimebound:LevelUp","Slimebound:Dissolve+1"],"picked":"Slimebound:OozeBath","floor":32},{"not_picked":["Slimebound:OozeBath","Slimebound:CheckThePlaybook"],"picked":"Slimebound:MinionMaster","floor":33},{"not_picked":["Slimebound:DivideAndConquer","Slimebound:OozeBath"],"picked":"Slimebound:Gluttony","floor":36},{"not_picked":["Slimebound:SlimeTap","Slimebound:Recycling","Slimebound:SamplingLick"],"picked":"Singing Bowl","floor":37},{"not_picked":["Slimebound:DisruptingSlam","Slimebound:FormOfPuddle","Slimebound:LeechingTouch"],"picked":"Singing Bowl","floor":38},{"not_picked":["Slimebound:ServeAndProtect+1","Slimebound:Schlurp"],"picked":"Slimebound:LevelUp","floor":40},{"not_picked":["Slimebound:SplitLeeching+1","Slimebound:SlimeTap","Slimebound:ItLooksTasty"],"picked":"Singing Bowl","floor":43},{"not_picked":["Slimebound:SamplingLick","Slimebound:FinishingTackle+1","Slimebound:ForwardTackle"],"picked":"Singing Bowl","floor":44},{"not_picked":["Slimebound:GoopSpray","Slimebound:ForwardTackle","Slimebound:Prepare"],"picked":"Singing Bowl","floor":45},{"not_picked":["Slimebound:MinionMaster","Slimebound:RollThrough+1","Slimebound:SplitMire"],"picked":"Singing Bowl","floor":46},{"not_picked":["Slimebound:ServeAndProtect+1","Slimebound:Overexert"],"picked":"Slimebound:AcidTongue","floor":47},{"not_picked":["Slimebound:BestDefense+1","Slimebound:FinishingTackle+1"],"picked":"Slimebound:Equalize+1","floor":48},{"not_picked":["Slimebound:SlimeSpikes","Slimebound:SplitBruiser","Slimebound:ComboTackle+1"],"picked":"Singing Bowl","floor":49},{"not_picked":["Slimebound:LeechEnergy+1","Slimebound:ViciousTackle+1"],"picked":"Slimebound:PrepareCrush","floor":52}],"player_experience":211441,"relics_obtained":[{"floor":9,"key":"Incense Burner"},{"floor":14,"key":"Singing Bowl"},{"floor":24,"key":"Replay:Baseball"},{"floor":27,"key":"Strawberry"},{"floor":41,"key":"Ornamental Fan"},{"floor":43,"key":"Bag of Preparation"},{"floor":52,"key":"Slimebound:MaxSlimesRelic"}],"event_choices":[{"damage_healed":0,"gold_gain":0,"player_choice":"Box","damage_taken":0,"relics_obtained":["Replay:Mystery Machine"],"max_hp_gain":0,"max_hp_loss":0,"event_name":"Big Fish","floor":12,"gold_loss":0,"cards_obtained":["Regret"]},{"damage_healed":0,"gold_gain":3,"player_choice":"3","damage_taken":0,"max_hp_gain":0,"max_hp_loss":0,"event_name":"betterStone:BetterStone","floor":42,"gold_loss":0,"cards_obtained":["Slimebound:Split"]}],"is_beta":false,"boss_relics":[{"not_picked":["Busted Crown","Cursed Key"],"picked":"energizedSpire:NeverEndingSparkler"},{"not_picked":["Kintsugi","energizedSpire:MagnifyingGlass"],"picked":"Fusion Hammer"}],"items_purged_floors":[29],"is_endless":false,"potions_floor_spawned":[8,10,15,20,25,26,27,36,45,47,48,49,52],"ascension_level":1}}