{"host":"x205naxbihvu3p76","time":1610015048,"event":{"mods":["AchievementEnabler","BaseMod","Minty Spire (QoL Compilation)","StSLib","SuperFastMode"],"gold_per_floor":[109,126,146,156,166,166,201,201,201,201,221,253,14,14,14,88,88,107,126,139,139,157,157,176,201,201,217,217,232,232,232,232,232,232],"floor_reached":33,"playtime":787,"items_purged":["Strike_B"],"score":573,"play_id":"3864de83-8007-477c-8d2f-91fe65bda286","local_time":"20210107192408","is_ascension_mode":true,"campfire_choices":[{"floor":6.0,"key":"REST"},{"data":"Go for the Eyes","floor":8.0,"key":"SMITH"},{"floor":15.0,"key":"REST"},{"floor":23.0,"key":"REST"},{"floor":28,"key":"REST"},{"data":"Barrage","floor":30,"key":"SMITH"},{"data":"Reboot","floor":32,"key":"SMITH"}],"circlet_count":0,"master_deck":["AscendersBane","Strike_B","Defend_B","Defend_B","Defend_B","Defend_B","Zap","Dualcast","Go for the Eyes+1","Ball Lightning","Self Repair","Ball Lightning","Auto Shields","White Noise","Storm+1","Storm+1","Capacitor+1","Turbo","Storm+1","Auto Shields","Reboot+1","Barrage+1","Writhe","Undo","Ball Lightning"],"relics":["Cracked Core","Frozen Egg 2","Lizard Tail","FaceOfCleric","Singing Bowl","Orrery","Nuclear Battery","Unceasing Top","Boot","Thread and Needle"],"acts_visited":["Exordium","TheCity"],"potions_floor_usage":[25,33],"damage_taken":[{"damage":2.0,"enemies":"Small Slimes","floor":1.0,"turns":3.0},{"damage":0.0,"enemies":"Cultist","floor":2.0,"turns":3.0},{"damage":9.0,"enemies":"2 Louse","floor":3.0,"turns":3.0},{"damage":38.0,"enemies":"Gremlin Gang","floor":4.0,"turns":5.0},{"damage":0.0,"enemies":"Large Slime","floor":5.0,"turns":3.0},{"damage":24.0,"enemies":"Gremlin Nob","floor":7.0,"turns":4.0},{"damage":0.0,"enemies":"2 Fungi Beasts","floor":11.0,"turns":3.0},{"damage":30.0,"enemies":"3 Sentries","floor":12.0,"turns":7.0},{"damage":19.0,"enemies":"The Guardian","floor":16.0,"turns":8.0},{"damage":22.0,"enemies":"3 Byrds","floor":18.0,"turns":3.0},{"damage":0.0,"enemies":"2 Thieves","floor":19.0,"turns":1.0},{"damage":34.0,"enemies":"Shelled Parasite and Fungi","floor":20.0,"turns":6.0},{"damage":24.0,"enemies":"Snake Plant","floor":22.0,"turns":4.0},{"damage":32.0,"enemies":"Sentry and Sphere","floor":24.0,"turns":4.0},{"damage":36,"enemies":"Book of Stabbing","floor":25,"turns":5},{"damage":12,"enemies":"Cultist and Chosen","floor":27,"turns":4},{"damage":9,"enemies":"Snecko","floor":29,"turns":5},{"damage":71,"enemies":"Collector","floor":33,"turns":8}],"seed_played":"-4878969162554573090","potions_obtained":[{"floor":4.0,"key":"Weak Potion"},{"floor":5.0,"key":"SneckoOil"},{"floor":7.0,"key":"Block Potion"},{"floor":20.0,"key":"EssenceOfSteel"},{"floor":22.0,"key":"PotionOfCapacity"},{"floor":24.0,"key":"Explosive Potion"},{"floor":29,"key":"AttackPotion"}],"is_trial":false,"path_per_floor":["M","M","M","M","M","R","E","R","T","?","M","E","$","?","R","B",null,"M","M","M","?","M","R","M","E","T","M","R","M","R","?","R","B"],"character_chosen":"DEFECT","items_purchased":["Orrery"],"campfire_rested":4,"item_purchase_floors":[13],"current_hp_per_floor":[62,62,53,22,22,43,26,26,26,26,34,14,14,14,36,25,63,51,54,28,28,14,39,15,38,38,36,63,64,64,64,64,0,0],"gold":232,"neow_bonus":"THREE_CARDS","is_daily":false,"chose_seed":false,"campfire_upgraded":3,"win_rate":0.0,"timestamp":1610015048,"path_taken":["M","M","M","M","M","R","E","R","T","?","?","E","$","?","R","BOSS","M","M","M","?","M","R","M","E","T","M","R","M","R","?","R","BOSS"],"items_purchased_type":["Relic"],"build_version":"2020-12-22","purchased_purges":1,"victory":false,"max_hp_per_floor":[71,71,71,71,71,71,71,71,71,71,72,75,75,75,75,76,76,79,82,83,83,86,86,87,90,90,93,93,96,96,96,96,96,96],"card_choices":[{"not_picked":["Consume","Turbo"],"picked":"Go for the Eyes","floor":0.0},{"not_picked":["Rebound","Turbo"],"picked":"Ball Lightning","floor":1.0},{"not_picked":["Storm","Go for the Eyes","Streamline"],"picked":"SKIP","floor":2.0},{"not_picked":["Beam Cell","Aggregate"],"picked":"Self Repair","floor":3.0},{"not_picked":["Blizzard","Redo"],"picked":"Ball Lightning","floor":4.0},{"not_picked":["Ball Lightning","Turbo"],"picked":"Auto Shields","floor":5.0},{"not_picked":["Loop+1","Streamline","Chaos"],"picked":"SKIP","floor":7.0},{"not_picked":["BootSequence","Lockon"],"picked":"White Noise","floor":11.0},{"not_picked":["Scrape","Reprogram","Streamline"],"picked":"Singing Bowl","floor":12.0},{"not_picked":["Loop+1","Lockon"],"picked":"Storm+1","floor":13.0},{"not_picked":["Leap","Undo"],"picked":"Storm+1","floor":13.0},{"not_picked":["Redo","Reprogram"],"picked":"Capacitor+1","floor":13.0},{"not_picked":["Gash","Reboot"],"picked":"Turbo","floor":13.0},{"not_picked":["Sunder","Ball Lightning"],"picked":"Storm+1","floor":13.0},{"not_picked":["All For One","Amplify"],"picked":"Reboot","floor":16.0},{"not_picked":["Redo","Leap+1","Melter"],"picked":"Singing Bowl","floor":18.0},{"not_picked":["Conserve Battery","Stack","Rainbow"],"picked":"Singing Bowl","floor":19.0},{"not_picked":["Redo+1","Conserve Battery"],"picked":"Barrage","floor":20.0},{"not_picked":["Hello World+1","Beam Cell","Static Discharge+1"],"picked":"Singing Bowl","floor":22.0},{"not_picked":["Beam Cell","Leap+1"],"picked":"Undo","floor":24.0},{"not_picked":["Darkness","Barrage","Steam"],"picked":"Singing Bowl","floor":25},{"not_picked":["Gash+1","Redo","Leap"],"picked":"Singing Bowl","floor":27},{"not_picked":["Rip and Tear","Multi-Cast","Hologram"],"picked":"Singing Bowl","floor":29}],"player_experience":955469,"relics_obtained":[{"floor":7.0,"key":"Frozen Egg 2"},{"floor":9.0,"key":"Lizard Tail"},{"floor":12.0,"key":"Singing Bowl"},{"floor":25,"key":"Boot"},{"floor":26,"key":"Thread and Needle"}],"event_choices":[{"damage_healed":0.0,"max_hp_gain":0.0,"max_hp_loss":0.0,"gold_gain":0.0,"event_name":"FaceTrader","player_choice":"Trade","floor":10.0,"gold_loss":0.0,"damage_taken":0.0,"relics_obtained":["FaceOfCleric"]},{"damage_healed":0.0,"max_hp_gain":0.0,"max_hp_loss":0.0,"gold_gain":0.0,"cards_transformed":["Strike_B"],"event_name":"Transmorgrifier","player_choice":"Transformed","floor":14.0,"gold_loss":0.0,"damage_taken":0.0,"cards_obtained":["Auto Shields"]},{"damage_healed":0.0,"max_hp_gain":0.0,"max_hp_loss":0.0,"gold_gain":0.0,"event_name":"The Mausoleum","player_choice":"Opened","floor":21.0,"gold_loss":0.0,"damage_taken":0.0,"relics_obtained":["Unceasing Top"],"cards_obtained":["Writhe"]},{"damage_healed":0,"gold_gain":0,"cards_transformed":["Strike_B"],"player_choice":"Transformed","damage_taken":0,"max_hp_gain":0,"max_hp_loss":0,"event_name":"Transmorgrifier","floor":31,"gold_loss":0,"cards_obtained":["Ball Lightning"]}],"is_beta":false,"boss_relics":[{"not_picked":["Velvet Choker","Black Star"],"picked":"Nuclear Battery"}],"items_purged_floors":[13],"is_endless":false,"potions_floor_spawned":[4,5,7,20,22,24,29],"killed_by":"Collector","ascension_level":19}}