{"host":"8anlmvy5ylhozj27","time":1610055400,"event":{"mods":["2.2 Compatiblity","Act Like it!","Aspiration","BaseMod","Best Route Mod","Better Match","Better Note","Better Sensory Stone","Better Skull","Better Third Choice","BetterRewards","Block Reminder","Colored Map","Colored Powertips","Conspire","Curses Come First","Duelist Mod","Energized Spire","GifTheSpireLib","Gold Saver","Halation","Hermit","Highlight Path","Hubris","Infinite Spire","Ironclad Rager","Minty Spire (QoL Compilation)","Permanent Neow","Quick Restart","Rare Cards Sparkle","Replay The Spire","Spicy Shops","StSLib","Stuff the Spire","The Bladedancer","The Blue Laboratory","The Disciple","The Exalted","The Necromancer","The Sage","Transform Curses","Wandering Minibosses","vexMod"],"gold_per_floor":[115,115,140,157,159,187,208,212,212],"floor_reached":8,"playtime":760,"items_purged":["Doubt"],"score":81,"play_id":"150da26d-ba0f-4360-8349-ccc6ee149738","local_time":"20210107223640","is_ascension_mode":false,"campfire_choices":[],"circlet_count":0,"master_deck":["Bromod:Strike_Bro","Bromod:Strike_Bro","Bromod:Strike_Bro","Bromod:Defend_Bro","Bromod:Defend_Bro","Bromod:SlashDash","Bromod:SlashDash","Bromod:SlashDash","Bromod:SlashDash","Bromod:FinishingTouch","Bromod:HeatedCharge","Bromod:SlipMagazine","Bromod:Reflection","Bromod:Reflection","Bromod:OrganShatter","Bromod:ChillingReload","Bromod:Vitality"],"relics":["Bromod:Ordis","Bromod:AscarisDevice","infinitespire:Midas Blood","vexMod:Dragonfruit","conspire:Boomerang","infinitespire:Beetle Shell","Shuriken"],"acts_visited":["Exordium"],"potions_floor_usage":[],"damage_taken":[{"damage":0,"enemies":"Cultist","floor":1,"turns":3},{"damage":7,"enemies":"Jaw Worm","floor":4,"turns":6},{"damage":8,"enemies":"3 Sentries","floor":6,"turns":5},{"damage":2,"enemies":"2 Louse","floor":7,"turns":2},{"damage":20,"enemies":"Lagavulin","floor":8,"turns":4}],"seed_played":"6159468374906726486","potions_obtained":[{"floor":6,"key":"FearPotion"},{"floor":7,"key":"PowerPotion"}],"is_trial":false,"path_per_floor":["M","?","T","M","?","E","M","E"],"character_chosen":"THE_EXALTED","items_purchased":["Bromod:SlashDash","infinitespire:Midas Blood","vexMod:Dragonfruit","Bromod:FinishingTouch","Bromod:HeatedCharge","Bromod:Reflection"],"campfire_rested":0,"item_purchase_floors":[0,0,0,0,0,0],"current_hp_per_floor":[45,45,45,38,31,23,21,1,1],"gold":212,"neow_bonus":"","is_daily":false,"chose_seed":false,"campfire_upgraded":0,"win_rate":0.0,"timestamp":1610055400,"path_taken":["M","?","?","M","?","E","M","E"],"items_purchased_type":["Card","Relic","Relic","Card","Card","Card"],"build_version":"2020-12-22","purchased_purges":1,"victory":false,"max_hp_per_floor":[80,80,80,80,80,80,80,80,80],"card_choices":[{"not_picked":["Bromod:SlipMagazine","Bromod:PointStrike"],"picked":"Bromod:Reflection","floor":1},{"not_picked":["Bromod:TacticalPump","Bromod:SlashDash"],"picked":"Bromod:OrganShatter","floor":4},{"not_picked":["Bromod:TargetCracker","Bromod:SteelFiber"],"picked":"Bromod:ChillingReload","floor":6},{"not_picked":["Bromod:ReflexCoil","Bromod:Rejuvenation"],"picked":"Bromod:Vitality","floor":7}],"player_experience":139513,"relics_obtained":[{"floor":3,"key":"infinitespire:Beetle Shell"},{"floor":6,"key":"Shuriken"}],"event_choices":[{"cards_removed":["Bromod:Defend_Bro"],"damage_healed":0,"gold_gain":0,"player_choice":"Card Removal","damage_taken":7,"max_hp_gain":0,"max_hp_loss":0,"event_name":"Golden Wing","floor":5,"gold_loss":0}],"is_beta":false,"boss_relics":[],"items_purged_floors":[0],"is_endless":false,"potions_floor_spawned":[6,7],"killed_by":"Lagavulin","ascension_level":0}}