{"host":"l3qq6dhgi17n1wbp","time":1610031354,"event":{"mods":["BaseMod","Colored Map","Minty Spire (QoL Compilation)","SuperFastMode"],"gold_per_floor":[112,132,132,143,218,249,249,279,279,279,304,274,274,274],"floor_reached":13,"playtime":351,"items_purged":[],"score":109,"play_id":"c4ad850a-7209-482c-b33d-cdbfd98b00f6","local_time":"20210107235554","is_ascension_mode":true,"campfire_choices":[{"floor":7,"key":"REST"},{"floor":10,"key":"REST"}],"circlet_count":0,"master_deck":["Strike_G","Strike_G","Strike_G","Strike_G","Strike_G","Defend_G","Defend_G","Defend_G","Defend_G","Defend_G+1","Survivor","Neutralize","PiercingWail","PiercingWail+1","Dagger Throw"],"relics":["Ring of the Snake","NeowsBlessing","Shovel","FossilizedHelix","Orichalcum"],"acts_visited":["Exordium"],"potions_floor_usage":[11,13],"damage_taken":[{"damage":0,"enemies":"Cultist","floor":1,"turns":1},{"damage":0,"enemies":"2 Louse","floor":2,"turns":1},{"damage":0,"enemies":"Jaw Worm","floor":4,"turns":1},{"damage":43,"enemies":"3 Sentries","floor":6,"turns":18},{"damage":16,"enemies":"Gremlin Nob","floor":11,"turns":5},{"damage":0,"enemies":"Looter","floor":12,"turns":4},{"damage":28,"enemies":"Lagavulin","floor":13,"turns":9}],"seed_played":"7865813085221730910","potions_obtained":[{"floor":6,"key":"DuplicationPotion"},{"floor":11,"key":"SkillPotion"}],"is_trial":false,"path_per_floor":["M","M","?","M","?","E","R","?","T","R","E","M","E"],"character_chosen":"THE_SILENT","items_purchased":[],"campfire_rested":2,"item_purchase_floors":[],"current_hp_per_floor":[70,70,56,56,45,2,23,23,23,44,28,28,0,0],"gold":274,"neow_bonus":"THREE_ENEMY_KILL","is_daily":false,"chose_seed":false,"campfire_upgraded":0,"win_rate":0.0,"timestamp":1610031354,"path_taken":["M","M","?","M","?","E","R","?","T","R","E","M","E"],"items_purchased_type":[],"build_version":"2020-12-22","purchased_purges":0,"victory":false,"max_hp_per_floor":[70,70,70,70,70,70,70,70,70,70,70,70,70,70],"card_choices":[{"not_picked":["Dagger Spray","Bane"],"picked":"PiercingWail","floor":1},{"not_picked":["Underhanded Strike","Terror"],"picked":"PiercingWail","floor":2},{"not_picked":["Tactician","Dagger Throw","PiercingWail"],"picked":"SKIP","floor":4},{"not_picked":["Reflex","Doppelganger"],"picked":"Dagger Throw","floor":6},{"not_picked":["Dagger Throw","PiercingWail","Terror"],"picked":"SKIP","floor":11},{"not_picked":["Expertise","Sucker Punch","Underhanded Strike"],"picked":"SKIP","floor":12}],"player_experience":221521,"relics_obtained":[{"floor":6,"key":"Shovel"},{"floor":9,"key":"FossilizedHelix"},{"floor":11,"key":"Orichalcum"}],"event_choices":[{"damage_healed":0,"gold_gain":0,"player_choice":"Entered Light","damage_taken":14,"max_hp_gain":0,"max_hp_loss":0,"event_name":"Shining Light","floor":3,"gold_loss":0,"cards_upgraded":["PiercingWail","Defend_G"]},{"damage_healed":0,"gold_gain":75,"player_choice":"Gather Gold","damage_taken":11,"max_hp_gain":0,"max_hp_loss":0,"event_name":"World of Goop","floor":5,"gold_loss":0},{"damage_healed":0,"gold_gain":30,"player_choice":"Searched \u00271\u0027 times","damage_taken":0,"max_hp_gain":0,"max_hp_loss":0,"event_name":"Dead Adventurer","floor":8,"gold_loss":0}],"is_beta":false,"boss_relics":[],"items_purged_floors":[],"is_endless":false,"potions_floor_spawned":[6,11],"killed_by":"Lagavulin","ascension_level":4}}