{"host":"1c52r9kaxdyo25eq","time":1610033825,"event":{"mods":["AchievementEnabler","BaseMod","Minty Spire (QoL Compilation)","Rare Cards Sparkle","SuperFastMode","everything is the same but u backflip on backflip"],"gold_per_floor":[109,109,127,127,127,127,52,52,133,144,144,156,169,201,201,201,201],"floor_reached":16,"playtime":350,"items_purged":["Defend_R"],"score":155,"play_id":"d6cc3ce3-10b8-402b-9ce6-c00c45c6930e","local_time":"20210108003705","is_ascension_mode":true,"campfire_choices":[{"data":"Bash","floor":6,"key":"SMITH"},{"data":"Dark Embrace","floor":8,"key":"SMITH"},{"floor":11,"key":"REST"},{"floor":15,"key":"REST"}],"circlet_count":0,"master_deck":["AscendersBane","Strike_R","Strike_R","Strike_R","Strike_R","Defend_R","Defend_R","Defend_R","Bash+1","Dark Embrace+1","Feel No Pain","Burning Pact"],"relics":["Burning Blood","Regal Pillow","Bronze Scales","Singing Bowl","Ancient Tea Set"],"acts_visited":["Exordium"],"potions_floor_usage":[16,16],"damage_taken":[{"damage":8,"enemies":"2 Louse","floor":1,"turns":4},{"damage":19,"enemies":"Small Slimes","floor":3,"turns":3},{"damage":14,"enemies":"Jaw Worm","floor":10,"turns":3},{"damage":18,"enemies":"Blue Slaver","floor":12,"turns":3},{"damage":10,"enemies":"Large Slime","floor":13,"turns":6},{"damage":36,"enemies":"3 Sentries","floor":14,"turns":9},{"damage":85,"enemies":"The Guardian","floor":16,"turns":16}],"seed_played":"-443514737683928977","potions_obtained":[{"floor":1,"key":"Dexterity Potion"},{"floor":10,"key":"Swift Potion"}],"is_trial":false,"path_per_floor":["M","?","M","?","T","R","$","R","T","M","R","M","M","E","R","B"],"character_chosen":"IRONCLAD","items_purchased":[],"campfire_rested":2,"item_purchase_floors":[],"current_hp_per_floor":[70,70,57,50,50,50,50,50,50,42,80,70,68,38,78,0,0],"gold":201,"neow_bonus":"RANDOM_COMMON_RELIC","is_daily":false,"chose_seed":false,"campfire_upgraded":2,"win_rate":0.0,"timestamp":1610033825,"path_taken":["M","?","M","?","?","R","?","R","T","M","R","M","M","E","R","BOSS"],"items_purchased_type":[],"build_version":"2020-12-22","purchased_purges":1,"victory":false,"max_hp_per_floor":[80,80,80,80,80,80,80,80,80,80,80,82,84,84,84,84,84],"card_choices":[{"not_picked":["Sword Boomerang","Iron Wave"],"picked":"Dark Embrace","floor":1},{"not_picked":["Body Slam","Sword Boomerang","Heavy Blade"],"picked":"SKIP","floor":3},{"not_picked":["Clash","Ghostly Armor"],"picked":"Feel No Pain","floor":10},{"not_picked":["Power Through","Heavy Blade","Clothesline"],"picked":"Singing Bowl","floor":12},{"not_picked":["Heavy Blade","Warcry","Evolve"],"picked":"Singing Bowl","floor":13},{"not_picked":["Anger","Feel No Pain"],"picked":"Burning Pact","floor":14}],"player_experience":555143,"relics_obtained":[{"floor":5,"key":"Bronze Scales"},{"floor":9,"key":"Singing Bowl"},{"floor":14,"key":"Ancient Tea Set"}],"event_choices":[{"damage_healed":0,"gold_gain":0,"player_choice":"Ignored","damage_taken":0,"max_hp_gain":0,"max_hp_loss":0,"event_name":"Liars Game","floor":2,"gold_loss":0},{"cards_removed":["Strike_R"],"damage_healed":0,"gold_gain":0,"player_choice":"Card Removal","damage_taken":7,"max_hp_gain":0,"max_hp_loss":0,"event_name":"Golden Wing","floor":4,"gold_loss":0}],"is_beta":false,"boss_relics":[],"items_purged_floors":[7],"is_endless":false,"potions_floor_spawned":[1,10,12,14],"killed_by":"The Guardian","ascension_level":11}}