{"host":"sav7uxregyirlf69","time":1610031527,"event":{"mods":["AchievementEnabler","BaseMod","Colored Map","DeckTracker","Keyboard Shortcuts","Minty Spire (QoL Compilation)","READ ME - Guardian Mod","StSLib","SuperFastMode"],"gold_per_floor":[118,118,130,141,153,164,164,164,187,222,233,246,262,275,275,354,354,368,130,143,143,143,178,78,78,124,124,138,138,138,158,158,158,158],"floor_reached":33,"playtime":571,"items_purged":["Strike_G","Defend_G"],"score":592,"play_id":"74160e2e-24d7-4a22-beb6-98204af65803","local_time":"20210107235847","is_ascension_mode":true,"campfire_choices":[{"data":"Noxious Fumes","floor":7,"key":"SMITH"},{"floor":15,"key":"REST"},{"floor":27,"key":"REST"},{"data":"Accuracy","floor":29,"key":"SMITH"},{"data":"Reflex","floor":32,"key":"SMITH"}],"circlet_count":0,"master_deck":["AscendersBane","Defend_G","Defend_G","Defend_G","Defend_G","Survivor","Neutralize","Choke","Cloak And Dagger+1","Poisoned Stab","Dagger Throw","Noxious Fumes+1","Glass Knife","Blade Dance","After Image","Tactician+1","Accuracy+1","Storm of Steel","Leg Sweep","Terror+1","Reflex+1"],"relics":["Ring of the Snake","Regal Pillow","Omamori","Cursed Key","Vajra","Nunchaku"],"acts_visited":["Exordium","TheCity"],"potions_floor_usage":[12,16,16,31],"damage_taken":[{"damage":3,"enemies":"Jaw Worm","floor":1,"turns":4},{"damage":1,"enemies":"Small Slimes","floor":3,"turns":4},{"damage":0,"enemies":"Cultist","floor":4,"turns":3},{"damage":12,"enemies":"3 Louse","floor":5,"turns":3},{"damage":2,"enemies":"Exordium Wildlife","floor":6,"turns":4},{"damage":24,"enemies":"Gremlin Nob","floor":10,"turns":4},{"damage":4,"enemies":"2 Fungi Beasts","floor":11,"turns":3},{"damage":0,"enemies":"Gremlin Gang","floor":12,"turns":5},{"damage":9,"enemies":"Red Slaver","floor":13,"turns":4},{"damage":1,"enemies":"Large Slime","floor":14,"turns":5},{"damage":22,"enemies":"Hexaghost","floor":16,"turns":8},{"damage":15,"enemies":"3 Byrds","floor":18,"turns":5},{"damage":14,"enemies":"Chosen","floor":20,"turns":5},{"damage":0,"enemies":"Gremlin Leader","floor":23,"turns":6},{"damage":13,"enemies":"Snecko","floor":28,"turns":5},{"damage":8,"enemies":"Snake Plant","floor":31,"turns":3},{"damage":29,"enemies":"Champ","floor":33,"turns":3}],"seed_played":"-1054256238497856127","potions_obtained":[{"floor":3,"key":"GamblersBrew"},{"floor":4,"key":"Weak Potion"},{"floor":11,"key":"DistilledChaos"},{"floor":13,"key":"SteroidPotion"},{"floor":23,"key":"ColorlessPotion"}],"is_trial":false,"path_per_floor":["M","?","M","M","M","M","R","?","T","E","M","M","M","M","R","B",null,"M","$","M","?","?","E","$","?","T","R","M","R","?","M","R","B"],"character_chosen":"THE_SILENT","items_purchased":["Vajra"],"campfire_rested":2,"item_purchase_floors":[19],"current_hp_per_floor":[56,56,55,55,43,41,41,41,41,17,13,13,4,3,37,15,53,38,38,24,24,6,6,6,6,6,42,29,29,29,21,21,0,0],"gold":158,"neow_bonus":"TRANSFORM_CARD","is_daily":false,"chose_seed":false,"campfire_upgraded":3,"win_rate":0.0,"timestamp":1610031527,"path_taken":["M","?","M","M","M","M","R","?","T","E","M","?","M","M","R","BOSS","M","$","M","?","?","E","$","?","T","R","M","R","?","M","R","BOSS"],"items_purchased_type":["Relic"],"build_version":"2020-12-22","purchased_purges":2,"victory":false,"max_hp_per_floor":[66,66,66,66,66,66,66,66,66,66,66,66,66,66,66,66,66,66,66,66,66,71,71,71,71,71,71,71,71,71,71,71,71,71],"card_choices":[{"not_picked":["Backflip","Dash"],"picked":"Cloak And Dagger","floor":1},{"not_picked":["Deadly Poison","Backflip"],"picked":"Poisoned Stab","floor":3},{"not_picked":["Cloak And Dagger","Distraction","Sucker Punch"],"picked":"SKIP","floor":4},{"not_picked":["Endless Agony","Riddle With Holes"],"picked":"Dagger Throw","floor":5},{"not_picked":["Bouncing Flask","Outmaneuver"],"picked":"Noxious Fumes","floor":6},{"not_picked":["Deadly Poison","Bouncing Flask"],"picked":"Glass Knife","floor":10},{"not_picked":["Underhanded Strike","Concentrate","Bane"],"picked":"SKIP","floor":11},{"not_picked":["Catalyst","Backstab","Quick Slash"],"picked":"SKIP","floor":12},{"not_picked":["Acrobatics","Bullet Time","Backstab"],"picked":"SKIP","floor":13},{"not_picked":["Crippling Poison","Dodge and Roll"],"picked":"Blade Dance","floor":14},{"not_picked":["Envenom","A Thousand Cuts"],"picked":"After Image","floor":16},{"not_picked":["Concentrate+1","Sucker Punch","PiercingWail"],"picked":"SKIP","floor":18},{"not_picked":["Dagger Throw","Leg Sweep"],"picked":"Tactician+1","floor":20},{"not_picked":["Tactician","Noxious Fumes"],"picked":"Leg Sweep","floor":23},{"not_picked":["Masterful Stab","Expertise"],"picked":"Terror+1","floor":28},{"not_picked":["Poisoned Stab","Dodge and Roll"],"picked":"Reflex","floor":31}],"player_experience":1185729,"relics_obtained":[{"floor":9,"key":"Regal Pillow"},{"floor":10,"key":"Omamori"},{"floor":23,"key":"Nunchaku"}],"event_choices":[{"damage_healed":0,"gold_gain":0,"player_choice":"Grow","damage_taken":0,"max_hp_gain":0,"max_hp_loss":0,"event_name":"Living Wall","floor":2,"gold_loss":0,"cards_upgraded":["Cloak And Dagger"]},{"cards_removed":["Strike_G"],"damage_healed":0,"gold_gain":0,"player_choice":"Offered Basic","damage_taken":0,"max_hp_gain":0,"max_hp_loss":0,"event_name":"Bonfire Elementals","floor":8,"gold_loss":0},{"damage_healed":0,"gold_gain":0,"cards_transformed":["Strike_G","Strike_G"],"player_choice":"Became Test Subject","damage_taken":0,"max_hp_gain":0,"max_hp_loss":0,"event_name":"Drug Dealer","floor":21,"gold_loss":0,"cards_obtained":["Accuracy","Storm of Steel"]},{"damage_healed":0,"gold_gain":0,"player_choice":"Shed Blood","damage_taken":23,"max_hp_gain":5,"max_hp_loss":0,"event_name":"Forgotten Altar","floor":22,"gold_loss":0},{"damage_healed":0,"gold_gain":0,"player_choice":"Ignored","damage_taken":0,"max_hp_gain":0,"max_hp_loss":0,"event_name":"Cursed Tome","floor":25,"gold_loss":0},{"damage_healed":0,"gold_gain":0,"player_choice":"Ignored","damage_taken":0,"max_hp_gain":0,"max_hp_loss":0,"event_name":"N\u0027loth","floor":30,"gold_loss":0}],"is_beta":false,"boss_relics":[{"not_picked":["HoveringKite","Coffee Dripper"],"picked":"Cursed Key"}],"items_purged_floors":[19,24],"is_endless":false,"potions_floor_spawned":[3,4,11,13,14,23],"killed_by":"Champ","ascension_level":20}}