{"host":"0tiuc76yumknr6qf","time":1610005023,"event":{"mods":["BaseMod","Downfall","Highlight Path","Minty Spire (QoL Compilation)","StSLib"],"gold_per_floor":[199,211,231,248,268,193,218,218,234,234,253,279,299,317,335,335,335,335],"floor_reached":16,"playtime":901,"items_purged":[],"score":106,"play_id":"75764ee5-262d-4d63-b7a8-e976b449ee63","local_time":"20210107013703","is_ascension_mode":false,"campfire_choices":[{"floor":1,"key":"RECALL"},{"data":"Guardian:PrismaticBeam","floor":6,"key":"SMITH"},{"data":"Guardian:ChargeCore","floor":10,"key":"SMITH"}],"circlet_count":0,"master_deck":["Guardian:Strike_Guardian","Guardian:Strike_Guardian","Guardian:Strike_Guardian","Guardian:Defend_Guardian","Guardian:Defend_Guardian","Guardian:Defend_Guardian","Guardian:Defend_Guardian","Guardian:CurlUp","Guardian:TwinSlam","Guardian:PrismaticBeam+1","Guardian:DecasProtection","Guardian:ChargeCore+1","Guardian:RollAttack","Guardian:AncientConstruct","Guardian:Gem_Green","Guardian:Gem_Red","Guardian:BronzeOrb"],"relics":["Guardian:ModeShifter","downfall:HeartBlessingRed","Ancient Tea Set","Bag of Marbles","Odd Mushroom"],"acts_visited":["Exordium"],"potions_floor_usage":[],"damage_taken":[{"damage":1,"enemies":"Jaw Worm","floor":2,"turns":6},{"damage":2,"enemies":"2 Louse","floor":3,"turns":3},{"damage":0,"enemies":"Small Slimes","floor":4,"turns":4},{"damage":7,"enemies":"Exordium Wildlife","floor":5,"turns":5},{"damage":8,"enemies":"2 Fungi Beasts","floor":9,"turns":4},{"damage":9,"enemies":"Gremlin Gang","floor":11,"turns":4},{"damage":6,"enemies":"Lagavulin","floor":12,"turns":6},{"damage":0,"enemies":"The Mushroom Lair","floor":13,"turns":2},{"damage":6,"enemies":"2 Fungi Beasts","floor":14,"turns":3},{"damage":5,"enemies":"Blue Slaver","floor":15,"turns":3},{"damage":39,"enemies":"downfall:Defect","floor":16,"turns":6}],"seed_played":"4098094899782148730","potions_obtained":[{"floor":3,"key":"Swift Potion"},{"floor":12,"key":"champ:CounterPotion"},{"floor":13,"key":"Fire Potion"}],"is_trial":false,"path_per_floor":["R","M","M","M","M","R","T","?","M","R","M","E","?","M","M","B"],"character_chosen":"GUARDIAN","items_purchased":[],"campfire_rested":0,"item_purchase_floors":[],"current_hp_per_floor":[80,79,77,77,70,70,70,70,62,62,53,47,47,41,36,0,0,0],"gold":335,"neow_bonus":"HUNDRED_GOLD","is_daily":false,"chose_seed":false,"campfire_upgraded":2,"win_rate":0.0,"timestamp":1610005023,"path_taken":["R","M","M","M","M","R","T","?","M","R","M","E","?","M","M","BOSS"],"items_purchased_type":[],"build_version":"2020-12-22","purchased_purges":0,"victory":false,"max_hp_per_floor":[80,80,80,80,80,80,80,80,80,80,80,80,80,80,80,80,80,80],"card_choices":[{"not_picked":["Guardian:PiercingHide","Guardian:Emergency"],"picked":"Guardian:PrismaticBeam","floor":2},{"not_picked":["Guardian:Gem_Cyan","Guardian:Gem_Lightblue"],"picked":"Guardian:Gem_Red","floor":3},{"not_picked":["Guardian:CrystalBeam","Guardian:ShieldCharger"],"picked":"Guardian:DecasProtection","floor":4},{"not_picked":["Guardian:CrystalBeam","Guardian:DecasProtection"],"picked":"Guardian:Gem_Yellow","floor":5},{"not_picked":["Guardian:VentSteam","Guardian:RollAttack"],"picked":"Guardian:ChargeCore","floor":9},{"not_picked":["Guardian:ShieldSpikes","Guardian:PrismaticBeam"],"picked":"Guardian:RollAttack","floor":11},{"not_picked":["Guardian:GuardianWhirl","Guardian:ShieldCharger"],"picked":"Guardian:AncientConstruct","floor":12},{"not_picked":["Guardian:VentSteam","Guardian:WalkerClaw"],"picked":"Guardian:Gem_Green","floor":13},{"not_picked":["Guardian:PiercingHide","Guardian:TimeCapacitor"],"picked":"Guardian:Gem_Red","floor":14},{"not_picked":["Guardian:CrystalBeam","Guardian:ChargeCore"],"picked":"Guardian:BronzeOrb","floor":15}],"player_experience":1950005,"relics_obtained":[{"floor":7,"key":"Ancient Tea Set"},{"floor":12,"key":"Bag of Marbles"},{"floor":13,"key":"Odd Mushroom"}],"event_choices":[{"damage_healed":0,"gold_gain":0,"player_choice":"Fought Mushrooms","damage_taken":0,"max_hp_gain":0,"max_hp_loss":0,"event_name":"Mushrooms","floor":13,"gold_loss":0}],"is_beta":false,"boss_relics":[],"items_purged_floors":[],"is_endless":false,"potions_floor_spawned":[3,12,13,14],"killed_by":"downfall:Defect","ascension_level":0}}