{"host":"sav7uxregyirlf69","time":1610029366,"event":{"mods":["AchievementEnabler","BaseMod","Colored Map","DeckTracker","Keyboard Shortcuts","Minty Spire (QoL Compilation)","READ ME - Guardian Mod","StSLib","SuperFastMode"],"gold_per_floor":[11,29,29,29,29,29,29,29,104,104,122,141,141,91,91,217,217,235,145,163,179,192,192,206,206,206,218,254,266,193,130,130,258,258,272,272,272,285,32,51,391,391,391,430,450,450,464,186,186,186,186,186,36,70,70],"floor_reached":56,"playtime":997,"items_purged":["Defend_G","Dagger Throw+1","Neutralize+1","Well Laid Plans+1"],"score":1843,"play_id":"5034db28-92a4-4e60-b018-1eab848cdd59","local_time":"20210107232246","is_ascension_mode":true,"campfire_choices":[{"data":"Strike_G","floor":6.0,"key":"PURGE"},{"data":"Neutralize","floor":8.0,"key":"SMITH"},{"data":"Defend_G","floor":10.0,"key":"PURGE"},{"data":"Strike_G","floor":15.0,"key":"PURGE"},{"data":"Well Laid Plans","floor":23.0,"key":"SMITH"},{"data":"Acrobatics","floor":25.0,"key":"SMITH"},{"data":"Strike_G+1","floor":27.0,"key":"PURGE"},{"data":"Prepared","floor":32.0,"key":"SMITH"},{"data":"Defend_G+1","floor":42,"key":"PURGE"},{"floor":49,"key":"RECALL"},{"data":"Acrobatics+1","floor":52,"key":"PURGE"}],"circlet_count":0,"master_deck":["AscendersBane","Grand Finale+1","CurseOfTheBell","Prepared+1","Escape Plan+1","Acrobatics+1","Escape Plan+1","Escape Plan+1"],"relics":["Ring of the Snake","Peace Pipe","Golden Idol","Molten Egg 2","Calling Bell","Centennial Puzzle","Paper Crane","Prayer Wheel","MawBank","Singing Bowl","Empty Cage","Orrery","Old Coin","Snake Skull","DollysMirror","Nunchaku"],"acts_visited":["Exordium","TheCity","TheBeyond","TheEnding"],"potions_floor_usage":[55,55],"damage_taken":[{"damage":1.0,"enemies":"2 Louse","floor":1.0,"turns":3.0},{"damage":3.0,"enemies":"Small Slimes","floor":2.0,"turns":4.0},{"damage":1.0,"enemies":"Jaw Worm","floor":11.0,"turns":4.0},{"damage":0.0,"enemies":"Red Slaver","floor":12.0,"turns":2.0},{"damage":5.0,"enemies":"Hexaghost","floor":16.0,"turns":7.0},{"damage":0.0,"enemies":"Spheric Guardian","floor":18.0,"turns":3.0},{"damage":4.0,"enemies":"2 Thieves","floor":20.0,"turns":2.0},{"damage":16.0,"enemies":"Sentry and Sphere","floor":21.0,"turns":4.0},{"damage":6.0,"enemies":"Chosen and Byrds","floor":22.0,"turns":2.0},{"damage":0.0,"enemies":"3 Cultists","floor":24.0,"turns":2.0},{"damage":0.0,"enemies":"Centurion and Healer","floor":28.0,"turns":1.0},{"damage":9.0,"enemies":"Automaton","floor":33.0,"turns":5.0},{"damage":0.0,"enemies":"3 Darklings","floor":35.0,"turns":1.0},{"damage":0.0,"enemies":"Orb Walker","floor":38.0,"turns":2.0},{"damage":0,"enemies":"Jaw Worm Horde","floor":40,"turns":1},{"damage":0,"enemies":"Reptomancer","floor":41,"turns":2},{"damage":21,"enemies":"Nemesis","floor":44,"turns":3},{"damage":8,"enemies":"4 Shapes","floor":45,"turns":1},{"damage":6,"enemies":"Transient","floor":47,"turns":5},{"damage":0,"enemies":"Awakened One","floor":50,"turns":3},{"damage":0,"enemies":"Shield and Spear","floor":54,"turns":1},{"damage":58,"enemies":"The Heart","floor":55,"turns":5}],"seed_played":"6539190455888511973","potions_obtained":[{"floor":1.0,"key":"Strength Potion"},{"floor":2.0,"key":"CunningPotion"},{"floor":12.0,"key":"DuplicationPotion"},{"floor":16.0,"key":"CunningPotion"},{"floor":21.0,"key":"Weak Potion"}],"is_trial":false,"path_per_floor":["M","M","?","?","$","R","$","R","T","R","M","M","?","?","R","B",null,"M","?","M","M","M","R","M","R","T","R","M","$","?","$","R","B",null,"M","?","?","M","$","M","E","R","T","E","M","?","M","$","R","B",null,"R","$","E","B",null],"character_chosen":"THE_SILENT","items_purchased":["Orrery","DollysMirror"],"campfire_rested":0,"item_purchase_floors":[39,48],"current_hp_per_floor":[62,59,59,52,52,52,52,52,52,52,51,51,38,38,38,33,57,57,57,53,37,31,31,31,31,31,31,31,31,31,31,31,24,56,60,56,56,60,68,70,72,72,72,53,49,54,50,50,50,50,85,85,85,87,29],"gold":70,"neow_bonus":"ONE_RARE_RELIC","is_daily":false,"chose_seed":false,"campfire_upgraded":4,"win_rate":0.0,"timestamp":1610029366,"path_taken":["M","M","?","?","$","R","$","R","T","R","M","M","?","?","R","BOSS","M","?","M","M","?","R","M","R","T","R","M","$","?","$","R","BOSS","M","?","?","M","$","M","E","R","T","E","M","?","?","$","R","BOSS","R","$","E","BOSS"],"items_purchased_type":["Relic","Relic"],"build_version":"2020-12-22","purchased_purges":4,"victory":true,"max_hp_per_floor":[70,70,65,65,65,65,65,65,65,65,65,65,65,65,65,65,65,65,65,65,65,65,65,65,65,65,65,65,65,65,65,65,67,67,71,77,73,77,85,87,89,89,89,91,95,95,97,97,97,97,97,97,97,99,99],"card_choices":[{"not_picked":["Distraction","Expertise"],"picked":"Dagger Throw","floor":1.0},{"not_picked":["Deflect","Quick Slash","PiercingWail"],"picked":"SKIP","floor":2.0},{"not_picked":["Catalyst","Prepared"],"picked":"Grand Finale+1","floor":11.0},{"not_picked":["Bane+1","All Out Attack+1"],"picked":"Dagger Throw+1","floor":12.0},{"not_picked":["Backstab+1","Outmaneuver","PiercingWail"],"picked":"SKIP","floor":18.0},{"not_picked":["Masterful Stab+1","Expertise","Finisher+1"],"picked":"SKIP","floor":18.0},{"not_picked":["Deadly Poison","Poisoned Stab+1","Dodge and Roll"],"picked":"SKIP","floor":20.0},{"not_picked":["Catalyst","PiercingWail","Burst"],"picked":"SKIP","floor":20.0},{"not_picked":["Dodge and Roll","Riddle With Holes+1"],"picked":"Acrobatics","floor":21.0},{"not_picked":["Quick Slash+1","Deadly Poison","Heel Hook+1"],"picked":"SKIP","floor":21.0},{"not_picked":["Dash+1","Crippling Poison"],"picked":"Well Laid Plans","floor":22.0},{"not_picked":["Predator+1","Blur","Sucker Punch+1"],"picked":"SKIP","floor":22.0},{"not_picked":["Phantasmal Killer","Slice+1","Underhanded Strike+1"],"picked":"SKIP","floor":24.0},{"not_picked":["Bane+1","Cloak And Dagger","Sucker Punch+1"],"picked":"SKIP","floor":24.0},{"not_picked":["Calculated Gamble","Blur+1"],"picked":"Prepared","floor":28.0},{"not_picked":["Bane+1","Eviscerate+1","Slice+1"],"picked":"SKIP","floor":28.0},{"not_picked":["Glass Knife+1","Unload+1","Venomology"],"picked":"Singing Bowl","floor":33.0},{"not_picked":["Caltrops","Underhanded Strike+1","Quick Slash+1"],"picked":"Singing Bowl","floor":35.0},{"not_picked":["Slice+1","Deflect","Flying Knee+1"],"picked":"Singing Bowl","floor":35.0},{"not_picked":["Trip","Mayhem","Metamorphosis"],"picked":"Singing Bowl","floor":36.0},{"not_picked":["Chrysalis","The Bomb","Transmutation"],"picked":"Singing Bowl","floor":36.0},{"not_picked":["Violence","Mind Blast+1","Thinking Ahead"],"picked":"Singing Bowl","floor":36.0},{"not_picked":["Cloak And Dagger","Blade Dance","Slice+1"],"picked":"Singing Bowl","floor":38.0},{"not_picked":["Cloak And Dagger+1","Dagger Throw+1","PiercingWail+1"],"picked":"Singing Bowl","floor":38.0},{"not_picked":["Concentrate","Skewer+1","Distraction+1"],"picked":"Singing Bowl","floor":39},{"not_picked":["Dagger Throw+1","Quick Slash+1"],"picked":"Escape Plan+1","floor":39},{"not_picked":["Footwork","Outmaneuver+1","Deadly Poison+1"],"picked":"Singing Bowl","floor":39},{"not_picked":["Heel Hook+1","Noxious Fumes+1","Skewer+1"],"picked":"Singing Bowl","floor":39},{"not_picked":["Accuracy+1","Sucker Punch+1","Well Laid Plans"],"picked":"Singing Bowl","floor":39},{"not_picked":["Catalyst+1","Envenom"],"picked":"Acrobatics+1","floor":40},{"not_picked":["Dagger Throw+1","Poisoned Stab+1","Acrobatics"],"picked":"Singing Bowl","floor":40},{"not_picked":["Flying Knee+1","Prepared","Dagger Throw+1"],"picked":"Singing Bowl","floor":41},{"not_picked":["Expertise","Unload+1","Backstab+1"],"picked":"Singing Bowl","floor":44},{"not_picked":["Blade Dance","Dagger Throw+1","Underhanded Strike+1"],"picked":"Singing Bowl","floor":45},{"not_picked":["Dagger Throw+1","Slice+1","Acrobatics+1"],"picked":"Singing Bowl","floor":45},{"not_picked":["Outmaneuver","Flying Knee+1","Poisoned Stab+1"],"picked":"Singing Bowl","floor":47},{"not_picked":["Flechettes+1","Blade Dance"],"picked":"Escape Plan+1","floor":47},{"not_picked":["Tools of the Trade","Slice+1","Dagger Throw+1"],"picked":"Singing Bowl","floor":54}],"player_experience":1184181,"relics_obtained":[{"floor":9.0,"key":"Molten Egg 2"},{"floor":17.0,"key":"Centennial Puzzle"},{"floor":17.0,"key":"Paper Crane"},{"floor":17.0,"key":"Prayer Wheel"},{"floor":26.0,"key":"MawBank"},{"floor":41,"key":"Old Coin"},{"floor":44,"key":"Snake Skull"},{"floor":54,"key":"Nunchaku"}],"event_choices":[{"damage_healed":0.0,"max_hp_gain":0.0,"max_hp_loss":5.0,"gold_gain":0.0,"event_name":"Golden Idol","player_choice":"Lose Max HP","floor":3.0,"gold_loss":0.0,"damage_taken":0.0,"relics_obtained":["Golden Idol"]},{"cards_removed":["Strike_G"],"damage_healed":0.0,"max_hp_gain":0.0,"max_hp_loss":0.0,"gold_gain":0.0,"event_name":"Golden Wing","player_choice":"Card Removal","floor":4.0,"gold_loss":0.0,"damage_taken":7.0},{"damage_healed":0.0,"max_hp_gain":0.0,"max_hp_loss":0.0,"gold_gain":0.0,"event_name":"Shining Light","player_choice":"Entered Light","floor":13.0,"gold_loss":0.0,"damage_taken":13.0,"cards_upgraded":["Strike_G","Defend_G"]},{"cards_removed":["Strike_G"],"damage_healed":0.0,"max_hp_gain":0.0,"max_hp_loss":0.0,"gold_gain":0.0,"event_name":"The Cleric","player_choice":"Card Removal","floor":14.0,"gold_loss":50.0,"damage_taken":0.0},{"cards_removed":["Defend_G"],"damage_healed":0.0,"max_hp_gain":0.0,"max_hp_loss":0.0,"gold_gain":0.0,"event_name":"Designer","player_choice":"Upgrade and Remove","floor":19.0,"gold_loss":90.0,"damage_taken":0.0,"cards_upgraded":["Dagger Throw"]},{"damage_healed":0.0,"max_hp_gain":0.0,"max_hp_loss":0.0,"gold_gain":0.0,"event_name":"Addict","player_choice":"Obtained Relic","floor":30.0,"gold_loss":85.0,"damage_taken":0.0,"relics_obtained":["Singing Bowl"]},{"damage_healed":0.0,"max_hp_gain":0.0,"max_hp_loss":0.0,"gold_gain":0.0,"event_name":"SensoryStone","player_choice":"Memory 3","floor":36.0,"gold_loss":0.0,"damage_taken":10.0},{"damage_healed":0.0,"max_hp_gain":0.0,"max_hp_loss":4.0,"gold_gain":0.0,"event_name":"Winding Halls","player_choice":"Max HP","floor":37.0,"gold_loss":0.0,"damage_taken":0.0},{"cards_removed":["Dagger Throw"],"damage_healed":5,"gold_gain":0,"player_choice":"Offered Common","damage_taken":0,"max_hp_gain":0,"max_hp_loss":0,"event_name":"Bonfire Elementals","floor":46,"gold_loss":0},{"cards_removed":["Dagger Throw"],"damage_healed":5,"gold_gain":0,"player_choice":"Offered Special","damage_taken":0,"max_hp_gain":0,"max_hp_loss":0,"event_name":"Bonfire Elementals","floor":46,"gold_loss":0}],"is_beta":false,"boss_relics":[{"not_picked":["Fusion Hammer","Runic Dome"],"picked":"Calling Bell"},{"not_picked":["Tiny House","Cursed Key"],"picked":"Empty Cage"}],"items_purged_floors":[31,39,48,53],"is_endless":false,"potions_floor_spawned":[1,2,12,16,20,21,28,33,38,40,45,47],"ascension_level":10}}