{"host":"6a06qhlf17v5rcww","time":1610053515,"event":{"mods":["Act Like it!","BaseMod","Beaked The Cultist","Better Altar","Better Match","Better Note","Better Sensory Stone","Better Skull","Better Third Choice","Better Vampires","BetterRewards","Block Reminder","Colored Powertips","Downfall","Hallownest","Infinite Spire","Minty Spire (QoL Compilation)","Poor People Problems","Prisma Mod","Rare Cards Sparkle","Replay The Spire","Shade Mod","StSLib","The Bug Knight","The Jungle","The Marked"],"gold_per_floor":[112,112,112,112,112,112,212,212,212,230,240,267,286,306,306,306,306],"floor_reached":16,"playtime":1001,"items_purged":[],"score":150,"play_id":"ef95e2ab-2523-4917-9965-76bb693e264c","local_time":"20210107160515","is_ascension_mode":false,"campfire_choices":[{"floor":6.0,"key":"REST"},{"data":"infinitespire:OneForAll","floor":8.0,"key":"SMITH"}],"circlet_count":0,"master_deck":["Strike_R","Strike_R","Strike_R","Strike_R","Strike_R","Defend_R","Defend_R","Defend_R","Searing Blow","expansioncontent:Corrupt","ReplayReversal","Battle Trance","ReplayTheSpireMod:Strike From Hell","Shrug It Off","Shrug It Off+1","Warcry","infinitespire:OneForAll+1","Limit Break+1","Limit Break+1","Impervious+1","Regret","Survivor","Neutralize","True Grit","Intimidate","Warcry"],"relics":["Membership Card","Turnip","Bird Faced Urn","ReplayTheSpireMod:Spearhead","Incense Burner","Sundial","Eternal Feather"],"acts_visited":["Exordium"],"potions_floor_usage":[],"damage_taken":[{"damage":2.0,"enemies":"2 Louse","floor":1.0,"turns":2.0},{"damage":0.0,"enemies":"Small Slimes","floor":10.0,"turns":3.0},{"damage":9.0,"enemies":"infinitespire:Voidling","floor":11.0,"turns":4.0},{"damage":31.0,"enemies":"Gremlin Nob","floor":12.0,"turns":5.0},{"damage":0.0,"enemies":"2 Fungi Beasts","floor":13.0,"turns":5.0},{"damage":0.0,"enemies":"Large Slime","floor":14.0,"turns":6.0},{"damage":55,"enemies":"The Guardian","floor":16,"turns":12}],"seed_played":"5916082533516477405","potions_obtained":[{"floor":13.0,"key":"SpeedPotion"},{"floor":14.0,"key":"SmokeBomb"}],"is_trial":false,"path_per_floor":["M","?","?","?","?","R","?","R","T","M","M","E","M","M","R","B"],"character_chosen":"IRONCLAD","items_purchased":["Membership Card","ReplayReversal","Battle Trance","ReplayTheSpireMod:Strike From Hell","Shrug It Off"],"campfire_rested":1,"item_purchase_floors":[0,0,0,0,0],"current_hp_per_floor":[42,15,15,15,15,39,39,39,39,39,32,1,9,11,50,0,0],"gold":306,"neow_bonus":"","is_daily":false,"chose_seed":false,"campfire_upgraded":1,"win_rate":0.0,"timestamp":1610053515,"path_taken":["M","?","?","?","?","R","?","R","T","M","M","E","?","M","R","BOSS"],"items_purchased_type":["Relic","Card","Card","Card","Card"],"build_version":"2020-12-22","purchased_purges":0,"victory":false,"max_hp_per_floor":[80,80,80,80,80,80,80,80,80,80,80,80,80,80,80,80,80],"card_choices":[{"not_picked":["Clothesline","Battle Trance"],"picked":"infinitespire:OneForAll","floor":1.0},{"not_picked":["Juggernaut+1","Exhume+1"],"picked":"Limit Break+1","floor":3.0},{"not_picked":["Bludgeon+1","Demon Form+1"],"picked":"Limit Break+1","floor":3.0},{"not_picked":["Replay:Many Hands+1","Offering+1"],"picked":"Impervious+1","floor":3.0},{"not_picked":["Infernal Blade","Cleave","Heavy Blade"],"picked":"SKIP","floor":10.0},{"not_picked":["Clash","Clothesline","ReplayTheSpireMod:LeadingStrike"],"picked":"SKIP","floor":11.0},{"not_picked":["Exhume","Headbutt"],"picked":"True Grit","floor":12.0},{"not_picked":["Searing Blow","Havoc"],"picked":"Intimidate","floor":13.0},{"not_picked":["Havoc","Thunderclap"],"picked":"Warcry","floor":14.0}],"player_experience":714957,"relics_obtained":[{"floor":9.0,"key":"Sundial"},{"floor":12.0,"key":"Eternal Feather"}],"event_choices":[{"damage_healed":0.0,"max_hp_gain":0.0,"max_hp_loss":0.0,"gold_gain":0.0,"event_name":"betterThird:BetterScrap","player_choice":"Relic ","floor":2.0,"gold_loss":0.0,"damage_taken":27.0,"cards_obtained":["BattleHymn"]},{"damage_healed":0.0,"max_hp_gain":0.0,"max_hp_loss":0.0,"gold_gain":0.0,"event_name":"betterMatch:BetterMatch","player_choice":"3","floor":3.0,"gold_loss":0.0,"damage_taken":0.0,"cards_obtained":["betterMatch:RareCard"]},{"damage_healed":0.0,"max_hp_gain":0.0,"max_hp_loss":0.0,"gold_gain":0.0,"event_name":"Big Fish","player_choice":"Box","floor":4.0,"gold_loss":0.0,"damage_taken":0.0,"relics_obtained":["Incense Burner"],"cards_obtained":["Regret"]},{"damage_healed":0.0,"max_hp_gain":0.0,"max_hp_loss":0.0,"gold_gain":100.0,"event_name":"Golden Shrine","player_choice":"Pray","floor":7.0,"gold_loss":0.0,"damage_taken":0.0}],"is_beta":false,"boss_relics":[],"items_purged_floors":[],"is_endless":false,"potions_floor_spawned":[13,14],"killed_by":"The Guardian","ascension_level":0}}