{"host":"hve1dyh1ly81yl9f","time":1610018862,"event":{"mods":["BaseMod","Colored Map","DeckTracker","Highlight Path","Keyboard Shortcuts","Minty Spire (QoL Compilation)","Permanent Neow","Quick Restart","StSLib","SuperFastMode"],"gold_per_floor":[110,285,174,193,193,193,236,261,316,316,334,358,76,76,76,202,202,227,152,168,181,196,196,295,295,295,295,315,351,367,91,91,91,91],"floor_reached":33,"playtime":1018,"items_purged":["Doubt","Defend_B","Strike_B"],"score":267,"play_id":"1b13559e-6019-4f67-a18c-3c953105141e","local_time":"20210107202742","is_ascension_mode":false,"campfire_choices":[{"floor":6.0,"key":"RECALL"},{"floor":10.0,"key":"REST"},{"floor":15.0,"key":"REST"},{"floor":23.0,"key":"REST"},{"data":"Strike_B","floor":25.0,"key":"PURGE"},{"floor":27.0,"key":"REST"},{"floor":32,"key":"REST"}],"circlet_count":0,"master_deck":["Strike_B","Strike_B","Zap","Dualcast","Streamline","FTL","Hologram","Turbo","Rebound+1","Go for the Eyes+1","Hologram","Sweeping Beam","Seek","FTL","Beam Cell","Go for the Eyes+1"],"relics":["Cracked Core","Peace Pipe","Golden Idol","Pen Nib","TheAbacus","Empty Cage","Oddly Smooth Stone","DataDisk","Whetstone"],"acts_visited":["Exordium","TheCity"],"potions_floor_usage":[29,29,30],"damage_taken":[{"damage":1.0,"enemies":"Cultist","floor":1.0,"turns":3.0},{"damage":6.0,"enemies":"Jaw Worm","floor":4.0,"turns":3.0},{"damage":41.0,"enemies":"3 Sentries","floor":7.0,"turns":9.0},{"damage":0.0,"enemies":"Small Slimes","floor":8.0,"turns":2.0},{"damage":10.0,"enemies":"Looter","floor":11.0,"turns":3.0},{"damage":0.0,"enemies":"Large Slime","floor":12.0,"turns":4.0},{"damage":2.0,"enemies":"Slime Boss","floor":16.0,"turns":6.0},{"damage":28.0,"enemies":"Shell Parasite","floor":18.0,"turns":4.0},{"damage":7.0,"enemies":"Spheric Guardian","floor":20.0,"turns":3.0},{"damage":14.0,"enemies":"Snecko","floor":21.0,"turns":4.0},{"damage":15.0,"enemies":"3 Cultists","floor":22.0,"turns":4.0},{"damage":16.0,"enemies":"Centurion and Healer","floor":28.0,"turns":4.0},{"damage":15,"enemies":"Book of Stabbing","floor":29,"turns":3},{"damage":2,"enemies":"Cultist and Chosen","floor":30,"turns":3},{"damage":56,"enemies":"Collector","floor":33,"turns":6}],"seed_played":"-8908332857955339839","potions_obtained":[{"floor":7.0,"key":"LiquidMemories"},{"floor":8.0,"key":"Dexterity Potion"},{"floor":11.0,"key":"Dexterity Potion"},{"floor":16.0,"key":"Explosive Potion"},{"floor":18.0,"key":"Strength Potion"},{"floor":20.0,"key":"Block Potion"},{"floor":29,"key":"AttackPotion"}],"is_trial":false,"path_per_floor":["M","?","$","M","?","R","E","M","T","R","M","M","$","?","R","B",null,"M","?","M","M","M","R","?","R","T","R","M","E","M","$","R","B"],"character_chosen":"DEFECT","items_purchased":["FTL","TheAbacus","Sweeping Beam","Whetstone"],"campfire_rested":5,"item_purchase_floors":[3,13,13,31],"current_hp_per_floor":[67,67,67,61,44,44,3,3,3,23,13,13,13,13,33,31,68,40,40,33,19,4,24,24,24,24,44,28,13,11,11,31,0,0],"gold":91,"neow_bonus":"ONE_RARE_RELIC","is_daily":false,"chose_seed":false,"campfire_upgraded":0,"win_rate":0.0,"timestamp":1610018862,"path_taken":["M","?","$","M","?","R","E","M","T","R","M","M","$","?","R","BOSS","M","?","M","M","M","R","?","R","T","R","M","E","M","$","R","BOSS"],"items_purchased_type":["Card","Relic","Card","Relic"],"build_version":"2020-12-22","purchased_purges":3,"victory":false,"max_hp_per_floor":[68,68,68,68,68,68,68,68,68,68,68,68,68,68,68,68,68,68,68,68,68,68,68,68,68,68,68,68,68,68,68,68,68,68],"card_choices":[{"not_picked":["Cold Snap","Coolheaded"],"picked":"Streamline","floor":1.0},{"not_picked":["Steam","Undo"],"picked":"Hologram","floor":4.0},{"not_picked":["Scrape","Barrage"],"picked":"Turbo","floor":7.0},{"not_picked":["Recycle","Chaos"],"picked":"Rebound","floor":8.0},{"not_picked":["Consume","Hologram"],"picked":"Go for the Eyes","floor":11.0},{"not_picked":["Tempest","Auto Shields"],"picked":"Hologram","floor":12.0},{"not_picked":["Amplify","Multi-Cast"],"picked":"Seek","floor":16.0},{"not_picked":["Cold Snap","Ball Lightning","Chill"],"picked":"SKIP","floor":18.0},{"not_picked":["Storm+1","Auto Shields"],"picked":"FTL","floor":20.0},{"not_picked":["Turbo","Redo","Conserve Battery"],"picked":"SKIP","floor":21.0},{"not_picked":["Thunder Strike","Sweeping Beam","Streamline"],"picked":"SKIP","floor":22.0},{"not_picked":["Force Field","Leap"],"picked":"Beam Cell","floor":28.0},{"not_picked":["Rebound","Redo+1","Sweeping Beam"],"picked":"SKIP","floor":29},{"not_picked":["Hologram","Steam"],"picked":"Go for the Eyes+1","floor":30}],"player_experience":287640,"relics_obtained":[{"floor":7.0,"key":"Pen Nib"},{"floor":26.0,"key":"Oddly Smooth Stone"},{"floor":29,"key":"DataDisk"}],"event_choices":[{"damage_healed":0.0,"max_hp_gain":0.0,"max_hp_loss":0.0,"gold_gain":175.0,"event_name":"Liars Game","player_choice":"AGREE","floor":2.0,"gold_loss":0.0,"damage_taken":0.0,"cards_obtained":["Doubt"]},{"damage_healed":0.0,"max_hp_gain":0.0,"max_hp_loss":0.0,"gold_gain":0.0,"event_name":"Golden Idol","player_choice":"Take Damage","floor":5.0,"gold_loss":0.0,"damage_taken":17.0,"relics_obtained":["Golden Idol"]},{"damage_healed":0.0,"max_hp_gain":0.0,"max_hp_loss":0.0,"gold_gain":0.0,"event_name":"Shining Light","player_choice":"Ignored","floor":14.0,"gold_loss":0.0,"damage_taken":0.0},{"cards_removed":["Defend_B"],"damage_healed":0.0,"max_hp_gain":0.0,"max_hp_loss":0.0,"gold_gain":0.0,"event_name":"Beggar","player_choice":"Gave Gold","floor":19.0,"gold_loss":75.0,"damage_taken":0.0},{"damage_healed":0.0,"max_hp_gain":0.0,"max_hp_loss":0.0,"gold_gain":99.0,"event_name":"Nest","player_choice":"Stole From Cult","floor":24.0,"gold_loss":0.0,"damage_taken":0.0}],"is_beta":false,"boss_relics":[{"not_picked":["Pandora\u0027s Box","Sozu"],"picked":"Empty Cage"}],"items_purged_floors":[3,13,31],"is_endless":false,"potions_floor_spawned":[7,8,11,16,18,20,29],"killed_by":"Collector","ascension_level":0}}