{"host":"e4wnmsyty9uvvtwf","time":1610001670,"event":{"mods":["Act Like it!","BaseMod","Colored Map","Colored Powertips","Gensokyo","Minty Spire (QoL Compilation)","Rare Cards Sparkle","Remilia£®¿Ÿ√◊¿Ú—«£©","StSLib"],"gold_per_floor":[110,110,110,129,129,129,157,167,167,167,167],"floor_reached":10,"playtime":322,"items_purged":[],"score":86,"play_id":"d01a7187-03e1-404d-9825-873d6ec7c2b7","local_time":"20210107144110","is_ascension_mode":true,"campfire_choices":[{"data":"Stigmanizer","floor":6,"key":"SMITH"}],"circlet_count":0,"master_deck":["Strike_RM","Strike_RM","Strike_RM","Defend_RM","Defend_RM","Defend_RM","Defend_RM","RedMoon","Madness","RedRainbow","Stigmanizer+1","TricksterDevil","VampireKiss"],"relics":["ScarletHat","Strawberry","Happy Flower","Ancient Tea Set","Gambling Chip"],"acts_visited":["Exordium"],"potions_floor_usage":[],"damage_taken":[{"damage":0,"enemies":"Gensokyo:3_Fairies","floor":1,"turns":10},{"damage":0,"enemies":"Gensokyo:Python","floor":4,"turns":4},{"damage":32,"enemies":"Gensokyo:Aya","floor":7,"turns":9},{"damage":0,"enemies":"Gensokyo:2_Kodama","floor":8,"turns":4},{"damage":0,"enemies":"Gensokyo:Cirno","floor":10,"turns":1}],"seed_played":"7725696867389878109","potions_obtained":[{"floor":1,"key":"Dexterity Potion"}],"is_trial":false,"path_per_floor":["M","?","?","M","?","R","E","M","T","E"],"character_chosen":"REMILIA","items_purchased":[],"campfire_rested":0,"item_purchase_floors":[],"current_hp_per_floor":[72,69,69,73,73,73,45,45,45,45,45],"gold":167,"neow_bonus":"RANDOM_COLORLESS","is_daily":false,"chose_seed":false,"campfire_upgraded":1,"win_rate":0.0,"timestamp":1610001670,"path_taken":["M","?","?","M","?","R","E","?","T","E"],"items_purchased_type":[],"build_version":"2020-12-22","purchased_purges":0,"victory":false,"max_hp_per_floor":[75,82,82,82,82,82,82,82,82,82,82],"card_choices":[{"not_picked":["Purity","Jack Of All Trades"],"picked":"Madness","floor":0},{"not_picked":["ScarletDevil","Septette"],"picked":"RedRainbow","floor":1},{"not_picked":["BombardNight","ForbiddenFruit"],"picked":"Stigmanizer","floor":4},{"not_picked":["ScarletDevil","ScarletImprint"],"picked":"TricksterDevil","floor":7},{"not_picked":["BloodHunter","ScarletImprint"],"picked":"VampireKiss","floor":8}],"player_experience":541620,"relics_obtained":[{"floor":7,"key":"Ancient Tea Set"},{"floor":9,"key":"Gambling Chip"}],"event_choices":[],"is_beta":false,"boss_relics":[],"items_purged_floors":[],"is_endless":false,"potions_floor_spawned":[1],"killed_by":"Gensokyo:Cirno","ascension_level":7}}