{"host":"j4g6ia6asvpyu2b0","time":1610023059,"event":{"mods":["BaseMod","Colored Map","Minty Spire (QoL Compilation)","Permanent Neow","Quick Restart","Relic Stats","StSLib","Unceasing Turn Reminder"],"gold_per_floor":[112,123,141,91,109,109,136,136,136,161,236,248,248,280,280,378,378,392,33,33,53,77,77,107,107,107,107,123,123,151,170,170,268,268,281,300,136,149,149,182,197,223,247,247,272,272,285,340,340,340,340,340,18,46,46],"floor_reached":56,"playtime":2123,"items_purged":["Strike_G","Survivor"],"score":1868,"play_id":"e34a267e-e3b3-405b-80d3-0a329a22f550","local_time":"20210107053739","is_ascension_mode":true,"campfire_choices":[{"data":"Crippling Poison","floor":6,"key":"SMITH"},{"data":"A Thousand Cuts","floor":8,"key":"SMITH"},{"data":"Sucker Punch","floor":15,"key":"SMITH"},{"data":"Adrenaline","floor":23,"key":"SMITH"},{"data":"Well Laid Plans","floor":25,"key":"SMITH"},{"floor":32,"key":"RECALL"},{"floor":44,"key":"REST"},{"data":"Night Terror","floor":46,"key":"SMITH"},{"data":"Caltrops","floor":49,"key":"SMITH"},{"data":"PiercingWail","floor":52,"key":"SMITH"}],"circlet_count":0,"master_deck":["Defend_G+1","Defend_G+1","Defend_G+1","Defend_G+1","Defend_G+1","Neutralize+1","Flying Knee+1","Endless Agony+1","Glass Knife+1","Dagger Throw","Sucker Punch+1","A Thousand Cuts+1","Crippling Poison+1","Flying Knee+1","Venomology","Blade Dance","Dodge and Roll","Adrenaline+1","Well Laid Plans+1","Poisoned Stab","Crippling Poison","Deflect+1","Malaise","Quick Slash+1","Crippling Poison+1","Caltrops+1","PiercingWail+1","Regret","Noxious Fumes+1","Finisher+1","Calculated Gamble+1","Parasite","Night Terror+1","Distraction","Outmaneuver+1","Wraith Form v2","Blade Dance","Blade Dance"],"relics":["Astrolabe","Tiny Chest","Pantograph","Mango","Vajra","Busted Crown","Membership Card","Ninja Scroll","Anchor","FossilizedHelix","Kunai","Question Card","Cursed Key","OrangePellets","HornCleat","Dead Branch","MealTicket","Smiling Mask","Incense Burner","Torii","Sling","Whetstone"],"acts_visited":["Exordium","TheCity","TheBeyond","TheEnding"],"potions_floor_usage":[14,16,18,21,24,28,30,33,35,40,41,45,50,55,55,55],"damage_taken":[{"damage":0,"enemies":"2 Louse","floor":1,"turns":2},{"damage":0,"enemies":"Small Slimes","floor":2,"turns":3},{"damage":2,"enemies":"Jaw Worm","floor":3,"turns":3},{"damage":0,"enemies":"Exordium Thugs","floor":5,"turns":5},{"damage":7,"enemies":"3 Sentries","floor":7,"turns":7},{"damage":6,"enemies":"Gremlin Nob","floor":10,"turns":3},{"damage":13,"enemies":"Large Slime","floor":12,"turns":3},{"damage":4,"enemies":"3 Sentries","floor":14,"turns":6},{"damage":26,"enemies":"The Guardian","floor":16,"turns":10},{"damage":1,"enemies":"Shell Parasite","floor":18,"turns":2},{"damage":0,"enemies":"2 Thieves","floor":21,"turns":3},{"damage":10,"enemies":"Book of Stabbing","floor":24,"turns":4},{"damage":0,"enemies":"Snake Plant","floor":28,"turns":4},{"damage":0,"enemies":"Slavers","floor":30,"turns":3},{"damage":0,"enemies":"Cultist and Chosen","floor":31,"turns":3},{"damage":1,"enemies":"Champ","floor":33,"turns":9},{"damage":6,"enemies":"3 Darklings","floor":35,"turns":3},{"damage":0,"enemies":"3 Shapes","floor":36,"turns":4},{"damage":0,"enemies":"Jaw Worm Horde","floor":38,"turns":3},{"damage":54,"enemies":"Giant Head","floor":40,"turns":10},{"damage":3,"enemies":"Maw","floor":41,"turns":8},{"damage":13,"enemies":"Reptomancer","floor":42,"turns":6},{"damage":0,"enemies":"Giant Head","floor":45,"turns":1},{"damage":0,"enemies":"Transient","floor":47,"turns":5},{"damage":0,"enemies":"2 Orb Walkers","floor":48,"turns":3},{"damage":0,"enemies":"Donu and Deca","floor":50,"turns":5},{"damage":0,"enemies":"Shield and Spear","floor":54,"turns":4},{"damage":0,"enemies":"The Heart","floor":55,"turns":8}],"seed_played":"7511823859336222677","potions_obtained":[{"floor":1,"key":"AttackPotion"},{"floor":12,"key":"Ancient Potion"},{"floor":18,"key":"Block Potion"},{"floor":29,"key":"CultistPotion"},{"floor":33,"key":"Regen Potion"}],"is_trial":false,"path_per_floor":["M","M","M","?","M","R","E","R","T","E","?","M","?","E","R","B",null,"M","$","?","M","T","R","E","R","T","?","M","?","E","M","R","B",null,"M","M","$","M","T","E","M","E","T","R","E","R","M","?","R","B",null,"R","$","E","B",null],"character_chosen":"THE_SILENT","items_purchased":["Membership Card","Ninja Scroll","Well Laid Plans","OrangePellets","Caltrops","Torii","Wraith Form v2","Blade Dance","Sling"],"campfire_rested":1,"item_purchase_floors":[19,19,19,37,37,53,53,53,53],"current_hp_per_floor":[63,63,61,61,61,61,54,54,54,62,51,38,38,34,34,48,75,74,74,74,74,74,74,64,64,64,64,64,64,64,64,64,83,84,78,78,78,78,78,34,45,32,32,57,57,57,57,57,57,82,84,84,84,84,84],"gold":46,"neow_bonus":"BOSS_RELIC","is_daily":false,"chose_seed":false,"campfire_upgraded":8,"win_rate":0.0,"timestamp":1610023059,"path_taken":["M","M","M","?","M","R","E","R","T","E","?","M","?","E","R","BOSS","M","$","?","M","?","R","E","R","T","?","?","?","E","M","R","BOSS","M","M","$","M","?","E","M","E","T","R","E","R","M","?","R","BOSS","R","$","E","BOSS"],"items_purchased_type":["Relic","Relic","Card","Relic","Card","Relic","Card","Card","Relic"],"build_version":"2020-12-22","purchased_purges":2,"victory":true,"max_hp_per_floor":[70,70,70,70,70,70,70,70,70,84,84,84,84,84,84,84,84,84,84,84,84,84,84,84,84,84,84,84,84,84,84,84,84,84,84,84,84,84,84,84,84,84,84,84,84,84,84,84,84,84,84,84,84,84,84],"relic_stats":{"Torii":0,"counters":[28,130],"Astrolabe":["Flying Knee","Endless Agony","Glass Knife"],"Dead Branch":[99],"Whetstone":["Flying Knee","Quick Slash"],"Question Card":12,"Cursed Key":2,"Smiling Mask":0,"OrangePellets":[9],"Busted Crown":34,"Pantograph":70,"Tiny Chest":2,"MealTicket":0,"Kunai":[73],"obtain_stats":[{"Torii":53,"Astrolabe":0,"Dead Branch":42,"Vajra":14,"Mango":10,"Incense Burner":48,"Whetstone":54,"Question Card":30,"Cursed Key":34,"Smiling Mask":45,"Sling":53,"OrangePellets":37,"Anchor":22,"Busted Crown":17,"HornCleat":40,"Ninja Scroll":19,"Pantograph":9,"Tiny Chest":7,"MealTicket":43,"Membership Card":19,"Kunai":26,"FossilizedHelix":24,"Ring of the Snake":0},{"Torii":26,"Astrolabe":0,"Dead Branch":22,"Vajra":8,"Mango":6,"Incense Burner":25,"Whetstone":27,"Question Card":14,"Cursed Key":16,"Smiling Mask":23,"Sling":26,"OrangePellets":18,"Anchor":11,"Busted Crown":9,"HornCleat":20,"Ninja Scroll":10,"Pantograph":5,"Tiny Chest":5,"MealTicket":22,"Membership Card":10,"Kunai":12,"FossilizedHelix":12,"Ring of the Snake":0},{"Torii":118,"Astrolabe":0,"Dead Branch":104,"Vajra":32,"Mango":23,"Incense Burner":113,"Whetstone":122,"Question Card":58,"Cursed Key":70,"Smiling Mask":105,"Sling":118,"OrangePellets":77,"Anchor":47,"Busted Crown":42,"HornCleat":90,"Ninja Scroll":44,"Pantograph":20,"Tiny Chest":20,"MealTicket":104,"Membership Card":44,"Kunai":51,"FossilizedHelix":51,"Ring of the Snake":0}]},"card_choices":[{"not_picked":["Dodge and Roll","Dagger Spray"],"picked":"Dagger Throw","floor":1},{"not_picked":["Dagger Throw","Flying Knee"],"picked":"Sucker Punch","floor":2},{"not_picked":["Outmaneuver","Cloak And Dagger"],"picked":"A Thousand Cuts","floor":3},{"not_picked":["Deflect","Deadly Poison"],"picked":"Crippling Poison","floor":5},{"not_picked":["Accuracy","Dagger Throw"],"picked":"Flying Knee","floor":7},{"not_picked":["Slice","Dagger Throw"],"picked":"Venomology","floor":10},{"not_picked":["Slice","Dodge and Roll"],"picked":"Blade Dance","floor":12},{"not_picked":["Deadly Poison","Masterful Stab"],"picked":"Dodge and Roll","floor":14},{"not_picked":["Phantasmal Killer","Glass Knife"],"picked":"Adrenaline","floor":16},{"not_picked":["Prepared"],"picked":"SKIP","floor":18},{"not_picked":[],"picked":"Poisoned Stab","floor":21},{"not_picked":["Prepared"],"picked":"SKIP","floor":24},{"not_picked":["Reflex"],"picked":"SKIP","floor":28},{"not_picked":[],"picked":"Crippling Poison","floor":30},{"not_picked":["Poisoned Stab"],"picked":"Deflect+1","floor":31},{"not_picked":["A Thousand Cuts"],"picked":"Malaise","floor":33},{"not_picked":["Expertise+1"],"picked":"Quick Slash","floor":35},{"not_picked":["Underhanded Strike+1"],"picked":"Crippling Poison+1","floor":36},{"not_picked":["Bane+1"],"picked":"PiercingWail","floor":38},{"not_picked":["Deflect+1"],"picked":"Noxious Fumes+1","floor":40},{"not_picked":["Dagger Spray"],"picked":"Finisher+1","floor":41},{"not_picked":["Backstab+1"],"picked":"Calculated Gamble+1","floor":42},{"not_picked":["Choke"],"picked":"Night Terror","floor":45},{"not_picked":["Riddle With Holes"],"picked":"Distraction","floor":47},{"not_picked":["Backstab+1"],"picked":"Outmaneuver+1","floor":48},{"not_picked":["Deadly Poison"],"picked":"Blade Dance","floor":54}],"player_experience":743420,"relics_obtained":[{"floor":7,"key":"Tiny Chest"},{"floor":9,"key":"Pantograph"},{"floor":10,"key":"Mango"},{"floor":14,"key":"Vajra"},{"floor":22,"key":"Anchor"},{"floor":24,"key":"FossilizedHelix"},{"floor":26,"key":"Kunai"},{"floor":30,"key":"Question Card"},{"floor":40,"key":"HornCleat"},{"floor":42,"key":"Dead Branch"},{"floor":43,"key":"MealTicket"},{"floor":45,"key":"Smiling Mask"},{"floor":48,"key":"Incense Burner"},{"floor":54,"key":"Whetstone"}],"event_choices":[{"cards_removed":["Strike_G"],"damage_healed":0,"gold_gain":0,"player_choice":"Card Removal","damage_taken":0,"max_hp_gain":0,"max_hp_loss":0,"event_name":"The Cleric","floor":4,"gold_loss":50},{"damage_healed":0,"gold_gain":75,"player_choice":"Gather Gold","damage_taken":11,"max_hp_gain":0,"max_hp_loss":0,"event_name":"World of Goop","floor":11,"gold_loss":0},{"damage_healed":0,"gold_gain":0,"player_choice":"Grow","damage_taken":0,"max_hp_gain":0,"max_hp_loss":0,"event_name":"Living Wall","floor":13,"gold_loss":0,"cards_upgraded":["Neutralize"]},{"damage_healed":0,"gold_gain":0,"player_choice":"Simplicity","damage_taken":0,"max_hp_gain":0,"max_hp_loss":0,"event_name":"Back to Basics","floor":20,"gold_loss":0,"cards_upgraded":["Defend_G","Defend_G","Defend_G","Defend_G","Defend_G"]},{"damage_healed":0,"gold_gain":0,"player_choice":"Ignored","damage_taken":0,"max_hp_gain":0,"max_hp_loss":0,"event_name":"Vampires","floor":27,"gold_loss":0},{"damage_healed":0,"gold_gain":0,"player_choice":"Got Potions","damage_taken":0,"max_hp_gain":0,"max_hp_loss":0,"event_name":"Lab","floor":29,"gold_loss":0},{"damage_healed":0,"gold_gain":0,"player_choice":"Fight","damage_taken":0,"max_hp_gain":0,"max_hp_loss":0,"event_name":"Mysterious Sphere","floor":48,"gold_loss":0}],"is_beta":false,"boss_relics":[{"not_picked":["Tiny House","Pandora\u0027s Box"],"picked":"Busted Crown"},{"not_picked":["Philosopher\u0027s Stone","HoveringKite"],"picked":"Cursed Key"}],"items_purged_floors":[19,37],"is_endless":false,"potions_floor_spawned":[1,12,16,18,33,35,42,47,48],"ascension_level":7}}