{"host":"raaimkojny05jekw","time":1610002244,"event":{"mods":["AchievementEnabler","BaseMod","Colored Map","Colored Powertips","DeckTracker","Minty Spire (QoL Compilation)","Quick Restart","Rare Cards Sparkle","everything is the same but u backflip on backflip"],"gold_per_floor":[218,228,248,6,26,26,20,40,108,108,138,150,168,181,181,181,181],"floor_reached":16,"playtime":596,"items_purged":["Strike_G"],"score":216,"play_id":"984008f9-6aef-4964-b623-b7aed0f2bd08","local_time":"20210107155044","is_ascension_mode":true,"campfire_choices":[{"data":"Deadly Poison","floor":6,"key":"SMITH"},{"data":"Terror","floor":10,"key":"SMITH"},{"data":"Neutralize","floor":15,"key":"SMITH"}],"circlet_count":0,"master_deck":["AscendersBane","Strike_G","Strike_G","Strike_G","Strike_G","Defend_G","Defend_G","Defend_G","Defend_G","Defend_G","Survivor","Neutralize+1","Dash","Escape Plan","Dagger Spray","Deadly Poison+1","Terror+1","Well Laid Plans","Accuracy","Endless Agony","Escape Plan","Dodge and Roll"],"relics":["Ring of the Snake","PreservedInsect","Pear","Incense Burner"],"acts_visited":["Exordium"],"potions_floor_usage":[11,13],"damage_taken":[{"damage":1,"enemies":"Cultist","floor":1,"turns":4},{"damage":3,"enemies":"Small Slimes","floor":2,"turns":4},{"damage":1,"enemies":"2 Louse","floor":3,"turns":3},{"damage":0,"enemies":"Looter","floor":5,"turns":4},{"damage":20,"enemies":"Exordium Thugs","floor":7,"turns":7},{"damage":2,"enemies":"Red Slaver","floor":8,"turns":3},{"damage":5,"enemies":"Lagavulin","floor":11,"turns":4},{"damage":29,"enemies":"Gremlin Gang","floor":12,"turns":6},{"damage":0,"enemies":"Looter","floor":13,"turns":2},{"damage":11,"enemies":"Large Slime","floor":14,"turns":6},{"damage":0,"enemies":"The Guardian","floor":16,"turns":2}],"seed_played":"-7629660392593305431","potions_obtained":[{"floor":1,"key":"LiquidBronze"},{"floor":7,"key":"SteroidPotion"},{"floor":11,"key":"FairyPotion"},{"floor":12,"key":"SkillPotion"}],"is_trial":false,"path_per_floor":["M","M","M","$","M","R","M","M","T","R","E","M","M","M","R","B"],"character_chosen":"THE_SILENT","items_purchased":["PreservedInsect"],"campfire_rested":0,"item_purchase_floors":[4],"current_hp_per_floor":[58,55,54,54,54,54,34,32,42,42,37,8,8,22,22,22,22],"gold":181,"neow_bonus":"HUNDRED_GOLD","is_daily":false,"chose_seed":false,"campfire_upgraded":3,"win_rate":0.0,"timestamp":1610002244,"path_taken":["M","M","M","$","M","R","M","M","T","R","E","M","M","?","R","BOSS"],"items_purchased_type":["Relic"],"build_version":"2020-12-22","purchased_purges":1,"victory":false,"max_hp_per_floor":[66,66,66,66,66,66,66,66,76,76,76,76,76,76,76,76,76],"card_choices":[{"not_picked":["Blade Dance","Bane"],"picked":"Dash","floor":1},{"not_picked":["Concentrate","PiercingWail"],"picked":"Escape Plan","floor":2},{"not_picked":["Sucker Punch","Prepared"],"picked":"Dagger Spray","floor":3},{"not_picked":["Calculated Gamble","Dagger Throw"],"picked":"Deadly Poison","floor":5},{"not_picked":["Accuracy","Calculated Gamble"],"picked":"Terror","floor":7},{"not_picked":["Masterful Stab","Sucker Punch"],"picked":"Well Laid Plans","floor":8},{"not_picked":["Escape Plan","Well Laid Plans"],"picked":"Accuracy","floor":11},{"not_picked":["Prepared","Dash"],"picked":"Endless Agony","floor":12},{"not_picked":["Riddle With Holes","Doppelganger"],"picked":"Escape Plan","floor":13},{"not_picked":["Slice","Concentrate"],"picked":"Dodge and Roll","floor":14}],"player_experience":729385,"relics_obtained":[{"floor":9,"key":"Pear"},{"floor":11,"key":"Incense Burner"}],"event_choices":[],"is_beta":false,"boss_relics":[],"items_purged_floors":[4],"is_endless":false,"potions_floor_spawned":[1,7,11,12],"killed_by":"The Guardian","ascension_level":20}}