{"host":"hig4mmxcip4vq5ai","time":1610056293,"event":{"mods":["BaseMod","Colored Powertips","Energized Spire","Halation","Infinite Spire","Lobotomy","LobotomyExtend","Minty Spire (QoL Compilation)","Replay The Spire","Small Relic Pack","StSLib"],"gold_per_floor":[114,57,57,77,77,102,102,102,102,102,158,158,158,177,177,261,261,253,271,370,370,384,384,397,414,414,189,215,215,215,130,130,234,234,251,251,251,251,251,251,261,41,41,41,58,58,58,75,75,45,45],"floor_reached":50,"playtime":1857,"items_purged":["Pain"],"score":486,"play_id":"9c42dec2-8559-43be-976c-64d78be71804","local_time":"20210108005133","is_ascension_mode":false,"campfire_choices":[{"data":"Uppercut","floor":10,"key":"SMITH"},{"floor":15,"key":"REST"},{"floor":23,"key":"REST"},{"floor":30,"key":"REST"},{"floor":32,"key":"REST"},{"data":"ReplayTheSpireMod:Chaos Vortex","floor":40,"key":"SMITH"},{"data":"infinitespire:FinalStrike","floor":44,"key":"SMITH"},{"data":"Eclipse","floor":47,"key":"SMITH"},{"data":"Eclipse","floor":49,"key":"SMITH"}],"circlet_count":0,"master_deck":["Strike_R","Strike_R+1","Defend_R","Defend_R","Defend_R","Defend_R","Bash+1","Freischutz","Anger+1","Carnage+1","QueenBee","Bloodbath","Uppercut+1","Anger","Scorched","Cleave","DreamingCurrent","Eclipse+1","Sickly","Eclipse+1","Finesse","infinitespire:FinalStrike+1","LongBird","Iron Wave+1","Clash+1","Twin Strike","QueenOfHatred","Feed+1","Offering+1","Massacre+1","Feed+1","Feed+1","Seeing Red","Reaper","ReplayTheSpireMod:Chaos Vortex+1","Defy Death+1","Hallucinations","Uppercut+1"],"relics":["PureWater","infinitespire:ShieldingShard","Runic Dome","halation:NonexistentMirror","Ring of Shattering","Astrolabe","Bottled Flame","Ancient Tea Set","CaptainsWheel","DollysMirror","infinitespire:Chaos","Akabeko","Replay:Blank Codex","StoneCalendar","LetterFromLob","energizedSpire:EnergizedDie","WarpedTongs","Strawberry","halation:TwoAmDonut","Ring of Panic","Ring of Peace"],"acts_visited":["Exordium","TheCity","TheBeyond"],"potions_floor_usage":[6,16,16,33,33,37,50,50,50],"damage_taken":[{"damage":8,"enemies":"2 Louse","floor":1,"turns":3},{"damage":6,"enemies":"Small Slimes","floor":4,"turns":3},{"damage":31,"enemies":"Lagavulin","floor":6,"turns":4},{"damage":13,"enemies":"3 Sentries","floor":11,"turns":5},{"damage":11,"enemies":"Jaw Worm","floor":14,"turns":2},{"damage":53,"enemies":"The Guardian","floor":16,"turns":7},{"damage":59,"enemies":"2 Thieves","floor":18,"turns":5},{"damage":18,"enemies":"Shell Parasite","floor":19,"turns":4},{"damage":8,"enemies":"Snecko","floor":22,"turns":3},{"damage":30,"enemies":"Chosen and Byrds","floor":24,"turns":5},{"damage":32,"enemies":"Snake Plant","floor":25,"turns":3},{"damage":50,"enemies":"Automaton","floor":33,"turns":8},{"damage":11,"enemies":"3 Shapes","floor":35,"turns":2},{"damage":9,"enemies":"3 Darklings","floor":37,"turns":3},{"damage":17,"enemies":"Writhing Mass","floor":41,"turns":4},{"damage":25,"enemies":"Maw","floor":45,"turns":6},{"damage":0,"enemies":"Transient","floor":48,"turns":5},{"damage":125,"enemies":"Replay:Hell Engine","floor":50,"turns":8}],"seed_played":"-3394983040320829038","potions_obtained":[{"floor":1,"key":"Strength Potion"},{"floor":4,"key":"Swift Potion"},{"floor":7,"key":"Venom Potion"},{"floor":7,"key":"ColorlessPotion"},{"floor":24,"key":"Block Potion"},{"floor":25,"key":"FearPotion"},{"floor":33,"key":"FearPotion"},{"floor":37,"key":"Adrenaline Potion"},{"floor":48,"key":"Fire Potion"}],"is_trial":false,"path_per_floor":["M","$","?","M","M","E","R","?","T","R","?","?","T","M","R","B",null,"M","M","?","?","M","R","M","M","T","$","T","?","R","?","R","B",null,"M","?","M","?","AVR","R","M","$","T","R","M","?","R","M","R","B"],"character_chosen":"IRONCLAD","items_purchased":["Carnage+1","infinitespire:Chaos","Seeing Red","Strawberry"],"campfire_rested":4,"item_purchase_floors":[2,27,27,42],"current_hp_per_floor":[78,78,62,62,54,29,29,41,41,41,35,35,35,30,54,9,80,34,23,23,23,27,51,39,31,31,31,31,15,39,39,63,49,80,74,74,84,84,84,84,83,90,90,90,78,78,78,91,91,0,0],"gold":45,"neow_bonus":"","is_daily":false,"chose_seed":false,"campfire_upgraded":5,"win_rate":0.0,"timestamp":1610056293,"path_taken":["M","$","?","M","M","E","R","?","T","R","?","?","?","?","R","BOSS","M","M","?","?","M","R","M","M","T","$","?","?","R","?","R","BOSS","M","?","M","?","AVR","R","?","$","T","R","?","?","R","M","R","BOSS"],"items_purchased_type":["Card","Relic","Card","Relic"],"build_version":"2020-12-22","purchased_purges":1,"victory":false,"max_hp_per_floor":[80,80,80,80,80,80,80,80,80,80,80,80,80,80,80,80,80,80,80,80,80,80,80,80,80,80,80,80,80,80,80,80,80,80,84,84,84,84,84,84,84,91,91,91,91,91,91,91,91,91,91],"card_choices":[{"not_picked":["SilentOrchestra","CrumblingArmor","BigBird"],"picked":"Singing Bowl","floor":1},{"not_picked":["UniverseFragment","VoidDream"],"picked":"Freischutz","floor":1},{"not_picked":["Combust","Reckless Charge"],"picked":"Anger","floor":1},{"not_picked":["FairyFestival","WhitesApple","BeautyBeast"],"picked":"Singing Bowl","floor":4},{"not_picked":["OldLady","MHz"],"picked":"QueenBee","floor":4},{"not_picked":["Iron Wave","Entrench","Fire Breathing"],"picked":"SKIP","floor":4},{"not_picked":["CherryBlossoms","OSAHOGD"],"picked":"Bloodbath","floor":6},{"not_picked":["Clothesline","Headbutt"],"picked":"Uppercut","floor":6},{"not_picked":["Scarecrow","UniverseFragment","Murderer"],"picked":"Singing Bowl","floor":11},{"not_picked":["Thunderclap","Havoc"],"picked":"Anger","floor":11},{"not_picked":["WallGazer","MeatLantern"],"picked":"Scorched","floor":14},{"not_picked":["ReplayTheSpireMod:Strike From Hell","Sword Boomerang"],"picked":"Cleave","floor":14},{"not_picked":["Wellcheers","VoidDream"],"picked":"DreamingCurrent","floor":16},{"not_picked":["Berserk","Feed"],"picked":"Eclipse","floor":16},{"not_picked":["Zap","Vigilance"],"picked":"SlowAim","floor":17},{"not_picked":["Double Tap","Reaper"],"picked":"Eclipse","floor":17},{"not_picked":["Replay:Parry","Forethought"],"picked":"Finesse","floor":17},{"not_picked":["infinitespire:SealOfDarkness+","ReplayTheSpireMod:??????????????????????"],"picked":"infinitespire:FinalStrike","floor":17},{"not_picked":["Porccubus","MHz"],"picked":"LongBird","floor":18},{"not_picked":["Flex","ReplayTheSpireMod:Strike From Hell+1"],"picked":"Iron Wave+1","floor":18},{"not_picked":["Woodsman","OldLady","Mercenary"],"picked":"Singing Bowl","floor":19},{"not_picked":["Thunderclap+1","Armaments+1","Feel No Pain"],"picked":"SKIP","floor":19},{"not_picked":["FairyFestival","CherryBlossoms","OldLady"],"picked":"Singing Bowl","floor":22},{"not_picked":["ReplayTheSpireMod:Stacked","Juggernaut"],"picked":"Clash+1","floor":22},{"not_picked":["BigBadWolf","SpiderBud","VoidDream"],"picked":"Singing Bowl","floor":24},{"not_picked":["Headbutt+1","Replay:Undeath\u0027s Touch"],"picked":"Twin Strike","floor":24},{"not_picked":["FairyFestival","BigBadWolf"],"picked":"QueenOfHatred","floor":25},{"not_picked":["Dropkick","Warcry","Perfected Strike"],"picked":"SKIP","floor":25},{"not_picked":["Eclipse","Barricade"],"picked":"Reaper","floor":33},{"not_picked":["Thunderclap","ReplayTheSpireMod:Strike From Hell+1","Sword Boomerang+1"],"picked":"SKIP","floor":35},{"not_picked":["Clash+1","Intimidate","Dual Wield"],"picked":"SKIP","floor":37},{"not_picked":["Battle Trance","Shockwave","Sentinel"],"picked":"SKIP","floor":41},{"not_picked":["Bloodletting+1","Sword Boomerang"],"picked":"Defy Death+1","floor":45},{"not_picked":["Wild Strike","Iron Wave+1"],"picked":"Uppercut+1","floor":48}],"player_experience":422705,"relics_obtained":[{"floor":1,"key":"LetterFromLob"},{"floor":6,"key":"Chameleon Ring"},{"floor":9,"key":"Replay:Wax Seal"},{"floor":11,"key":"ReplayFunnel"},{"floor":13,"key":"ReplayTheSpireMod:Ninjato"},{"floor":26,"key":"Darkstone Periapt"},{"floor":28,"key":"Akabeko"},{"floor":29,"key":"Replay:Blank Codex"},{"floor":33,"key":"LetterFromLob"},{"floor":43,"key":"halation:TwoAmDonut"},{"floor":46,"key":"Ring of Panic"},{"floor":46,"key":"Ring of Peace"}],"event_choices":[{"damage_healed":0,"gold_gain":0,"player_choice":"Entered Light","damage_taken":16,"max_hp_gain":0,"max_hp_loss":0,"event_name":"Shining Light","floor":3,"gold_loss":0,"cards_upgraded":["Anger","Strike_R"]},{"damage_healed":0,"gold_gain":30,"player_choice":"Searched \u00272\u0027 times","damage_taken":0,"max_hp_gain":0,"max_hp_loss":0,"event_name":"Dead Adventurer","floor":11,"gold_loss":0},{"damage_healed":0,"gold_gain":99,"player_choice":"Stole From Cult","damage_taken":0,"max_hp_gain":0,"max_hp_loss":0,"event_name":"Nest","floor":20,"gold_loss":0},{"damage_healed":0,"gold_gain":0,"player_choice":"Obtained Book","damage_taken":16,"max_hp_gain":0,"max_hp_loss":0,"event_name":"Cursed Tome","floor":29,"gold_loss":0},{"damage_healed":0,"gold_gain":0,"player_choice":"Obtained Relic","damage_taken":0,"relics_obtained":["StoneCalendar"],"max_hp_gain":0,"max_hp_loss":0,"event_name":"Addict","floor":31,"gold_loss":85},{"damage_healed":0,"gold_gain":0,"player_choice":"Ignored","damage_taken":0,"max_hp_gain":0,"max_hp_loss":0,"event_name":"Tomb of Lord Red Mask","floor":36,"gold_loss":0},{"damage_healed":0,"gold_gain":0,"player_choice":"Rummage","damage_taken":0,"relics_obtained":["WarpedTongs"],"max_hp_gain":0,"max_hp_loss":0,"event_name":"Accursed Blacksmith","floor":38,"gold_loss":0,"cards_obtained":["Pain"]}],"is_beta":false,"boss_relics":[{"not_picked":["energizedSpire:RedRose","Runic Cube"],"picked":"ReplayTheSpireMod:SealedPack"},{"not_picked":["energizedSpire:DeadBattery","Busted Crown"],"picked":"energizedSpire:EnergizedDie"}],"items_purged_floors":[42],"is_endless":false,"potions_floor_spawned":[1,4,24,25,33,37,48],"killed_by":"Replay:Hell Engine","ascension_level":0}}