{"host":"sav7uxregyirlf69","time":1610000868,"event":{"mods":["AchievementEnabler","BaseMod","Colored Map","DeckTracker","Keyboard Shortcuts","Minty Spire (QoL Compilation)","READ ME - Guardian Mod","StSLib","SuperFastMode"],"gold_per_floor":[111,111,122,122,141,141,159,159,182,192,224,224,119,132,132,132,132],"floor_reached":16,"playtime":354,"items_purged":["Pain"],"score":204,"play_id":"adff1063-9724-4d26-aa9e-6a96783c5d62","local_time":"20210107152748","is_ascension_mode":true,"campfire_choices":[{"data":"Neutralize","floor":6,"key":"SMITH"},{"data":"Choke","floor":8,"key":"SMITH"},{"floor":12,"key":"REST"},{"data":"Terror","floor":15,"key":"SMITH"}],"circlet_count":0,"master_deck":["AscendersBane","Strike_G","Strike_G","Strike_G","Strike_G","Strike_G","Defend_G","Defend_G","Defend_G","Defend_G","Defend_G","Survivor","Neutralize+1","Choke+1","PiercingWail","Tactician","Cloak And Dagger","Terror+1"],"relics":["Ring of the Snake","NeowsBlessing","WarpedTongs","Pen Nib","CeramicFish"],"acts_visited":["Exordium"],"potions_floor_usage":[11,11],"damage_taken":[{"damage":0,"enemies":"2 Louse","floor":1,"turns":1},{"damage":0,"enemies":"Cultist","floor":3,"turns":1},{"damage":0,"enemies":"Jaw Worm","floor":5,"turns":1},{"damage":8,"enemies":"Lots of Slimes","floor":7,"turns":8},{"damage":14,"enemies":"Red Slaver","floor":10,"turns":4},{"damage":24,"enemies":"Lagavulin","floor":11,"turns":7},{"damage":0,"enemies":"2 Fungi Beasts","floor":14,"turns":3},{"damage":37,"enemies":"Hexaghost","floor":16,"turns":11}],"seed_played":"-659432930883366492","potions_obtained":[{"floor":1,"key":"DistilledChaos"},{"floor":2,"key":"Energy Potion"}],"is_trial":false,"path_per_floor":["M","?","M","?","M","R","M","R","T","M","E","R","$","M","R","B"],"character_chosen":"THE_SILENT","items_purchased":["Terror"],"campfire_rested":1,"item_purchase_floors":[13],"current_hp_per_floor":[59,59,59,59,59,59,51,51,51,37,13,32,32,32,32,0,0],"gold":132,"neow_bonus":"THREE_ENEMY_KILL","is_daily":false,"chose_seed":false,"campfire_upgraded":3,"win_rate":0.0,"timestamp":1610000868,"path_taken":["M","?","?","?","M","R","M","R","T","M","E","R","$","M","R","BOSS"],"items_purchased_type":["Card"],"build_version":"2020-12-22","purchased_purges":1,"victory":false,"max_hp_per_floor":[66,66,66,66,66,66,66,66,66,66,66,66,66,66,66,66,66],"card_choices":[{"not_picked":["Quick Slash","Setup","Choke"],"picked":"SKIP","floor":1},{"not_picked":["Blur","Distraction"],"picked":"Choke","floor":3},{"not_picked":["Deadly Poison","Skewer"],"picked":"PiercingWail","floor":5},{"not_picked":["Choke","Dash"],"picked":"Tactician","floor":7},{"not_picked":["Cloak And Dagger","Heel Hook","Flying Knee"],"picked":"SKIP","floor":10},{"not_picked":["Heel Hook","Flying Knee"],"picked":"Cloak And Dagger","floor":10},{"not_picked":["Flying Knee","Sucker Punch","Quick Slash"],"picked":"SKIP","floor":11},{"not_picked":["Deadly Poison","Slice","Prepared"],"picked":"SKIP","floor":14}],"player_experience":1173746,"relics_obtained":[{"floor":9,"key":"Pen Nib"},{"floor":11,"key":"CeramicFish"}],"event_choices":[{"damage_healed":0,"gold_gain":0,"player_choice":"Got Potions","damage_taken":0,"max_hp_gain":0,"max_hp_loss":0,"event_name":"Lab","floor":2,"gold_loss":0},{"damage_healed":0,"gold_gain":0,"player_choice":"Rummage","damage_taken":0,"relics_obtained":["WarpedTongs"],"max_hp_gain":0,"max_hp_loss":0,"event_name":"Accursed Blacksmith","floor":4,"gold_loss":0,"cards_obtained":["Pain"]}],"is_beta":false,"boss_relics":[],"items_purged_floors":[13],"is_endless":false,"potions_floor_spawned":[1,5,7],"killed_by":"Hexaghost","ascension_level":20}}