{"host":"vlqejv0notyktumz","time":1610063340,"event":{"mods":["AchievementEnabler","BaseMod","Googly Eyes","Minty Spire (QoL Compilation)"],"gold_per_floor":[116,66,66,66,66,66,100,100,176,204,279,100,116,131,131,229,229,246,266,365,433,68,68,97,97,97,0,11,21,40,40,40,136,186,204,204,34,51,68,395,124,124,124,84,102,114,114,164,164,164,164],"floor_reached":50,"playtime":1348,"items_purged":["Strike_B","Strike_B","Defend_B"],"score":760,"play_id":"410d8667-a41a-46f7-b045-aca47d2a314f","local_time":"20210107174900","is_ascension_mode":true,"campfire_choices":[{"data":"Lockon","floor":6,"key":"SMITH"},{"data":"FTL","floor":8,"key":"SMITH"},{"data":"Mayhem","floor":15,"key":"SMITH"},{"data":"Zap","floor":23,"key":"SMITH"},{"data":"Buffer","floor":25,"key":"SMITH"},{"floor":32,"key":"REST"},{"floor":42,"key":"REST"},{"data":"Conserve Battery","floor":47,"key":"SMITH"},{"data":"Buffer","floor":49,"key":"SMITH"}],"circlet_count":0,"master_deck":["Defend_B","Defend_B","Zap+1","Dualcast","Lockon+1","FTL+1","Hologram+1","Mayhem+1","Buffer+1","BootSequence","Ball Lightning","Tempest","Auto Shields+1","Ball Lightning","Buffer+1","Conserve Battery+1","Defragment+1","BootSequence+1"],"relics":["Cracked Core","NeowsBlessing","Mercury Hourglass","Question Card","Toy Ornithopter","Inserter","Gremlin Horn","Emotion Chip","FossilizedHelix","Bottled Tornado","Tiny House","Old Coin","Chemical X","Mango","Bird Faced Urn"],"acts_visited":["Exordium","TheCity","TheBeyond"],"potions_floor_usage":[18,18,24,39,40,45,50,50],"damage_taken":[{"damage":0,"enemies":"Jaw Worm","floor":1,"turns":1},{"damage":0,"enemies":"Lagavulin","floor":7,"turns":1},{"damage":0,"enemies":"3 Sentries","floor":10,"turns":1},{"damage":1,"enemies":"2 Louse","floor":13,"turns":2},{"damage":0,"enemies":"Small Slimes","floor":14,"turns":2},{"damage":22,"enemies":"The Guardian","floor":16,"turns":8},{"damage":17,"enemies":"Shell Parasite","floor":18,"turns":5},{"damage":22,"enemies":"Spheric Guardian","floor":19,"turns":4},{"damage":7,"enemies":"Book of Stabbing","floor":24,"turns":4},{"damage":0,"enemies":"Chosen and Byrds","floor":28,"turns":5},{"damage":11,"enemies":"Sentry and Sphere","floor":29,"turns":4},{"damage":0,"enemies":"Cultist and Chosen","floor":30,"turns":6},{"damage":22,"enemies":"Champ","floor":33,"turns":9},{"damage":8,"enemies":"3 Shapes","floor":35,"turns":5},{"damage":0,"enemies":"Orb Walker","floor":38,"turns":4},{"damage":7,"enemies":"Jaw Worm Horde","floor":39,"turns":5},{"damage":37,"enemies":"Nemesis","floor":40,"turns":7},{"damage":0,"enemies":"Spire Growth","floor":45,"turns":5},{"damage":0,"enemies":"4 Shapes","floor":46,"turns":3},{"damage":8,"enemies":"Mind Bloom Boss Battle","floor":48,"turns":5},{"damage":120,"enemies":"Donu and Deca","floor":50,"turns":9}],"seed_played":"-8740219727910520038","potions_obtained":[{"floor":1,"key":"GamblersBrew"},{"floor":10,"key":"Fire Potion"},{"floor":19,"key":"Fire Potion"},{"floor":33,"key":"LiquidMemories"},{"floor":34,"key":"Regen Potion"},{"floor":35,"key":"SteroidPotion"},{"floor":40,"key":"Regen Potion"},{"floor":45,"key":"Energy Potion"}],"is_trial":false,"path_per_floor":["M","?","?","$","?","R","E","R","T","E","?","$","M","M","R","B",null,"M","M","?","T","$","R","E","R","T","?","M","M","M","?","R","B",null,"M","?","$","M","M","E","$","R","T","?","M","M","R","?","R","B"],"character_chosen":"DEFECT","items_purchased":["Mayhem","Emotion Chip","Defragment","Chemical X"],"campfire_rested":2,"item_purchase_floors":[12,22,37,41],"current_hp_per_floor":[68,68,61,61,61,61,61,61,61,61,50,50,49,49,49,27,63,56,34,34,34,34,34,32,32,32,32,32,21,21,21,43,21,67,59,59,59,59,71,39,39,63,77,77,94,94,94,86,86,0,0],"gold":164,"neow_bonus":"THREE_ENEMY_KILL","is_daily":false,"chose_seed":false,"campfire_upgraded":7,"win_rate":0.0,"timestamp":1610063340,"path_taken":["M","?","?","$","?","R","E","R","T","E","?","?","M","M","R","BOSS","M","M","?","?","?","R","E","R","T","?","M","M","M","?","R","BOSS","M","?","$","M","M","E","$","R","T","?","?","M","R","?","R","BOSS"],"items_purchased_type":["Card","Relic","Card","Relic"],"build_version":"2020-12-22","purchased_purges":3,"victory":false,"max_hp_per_floor":[75,75,75,75,75,75,75,75,75,75,75,75,75,75,75,75,75,75,75,75,75,75,75,75,75,75,75,75,75,75,75,75,75,80,80,80,80,80,80,80,80,80,94,94,94,94,94,94,94,94,94],"card_choices":[{"not_picked":["Cold Snap","Sweeping Beam"],"picked":"Lockon","floor":1},{"not_picked":["Scrape","Rebound"],"picked":"FTL","floor":7},{"not_picked":["Rip and Tear","Recycle","Echo Form"],"picked":"Hologram","floor":10},{"not_picked":["Gash","Compile Driver","Turbo","Skim"],"picked":"SKIP","floor":13},{"not_picked":["Go for the Eyes","Streamline","Compile Driver","Melter"],"picked":"SKIP","floor":14},{"not_picked":["Hyperbeam","Machine Learning","Thunder Strike"],"picked":"Buffer","floor":16},{"not_picked":["Auto Shields","Scrape","Leap"],"picked":"BootSequence","floor":18},{"not_picked":["Scrape","Rebound+1","White Noise","Compile Driver"],"picked":"SKIP","floor":19},{"not_picked":["Coolheaded","Glacier+1","Gash"],"picked":"Ball Lightning","floor":24},{"not_picked":["Gash","Compile Driver","Steam"],"picked":"Tempest","floor":28},{"not_picked":["Barrage+1","Sunder","Redo"],"picked":"Auto Shields+1","floor":29},{"not_picked":["Hologram","Fusion","Tempest"],"picked":"Ball Lightning","floor":30},{"not_picked":["Hyperbeam","Machine Learning","Fission"],"picked":"Buffer","floor":33},{"not_picked":["Sweeping Beam","Stack","Skim"],"picked":"Conserve Battery","floor":34},{"not_picked":["Turbo+1","Rebound","Melter","Sweeping Beam+1"],"picked":"SKIP","floor":35},{"not_picked":["Reboot","Redo","Hologram+1"],"picked":"BootSequence+1","floor":38},{"not_picked":["Lockon+1","Compile Driver+1","Hologram+1","Storm+1"],"picked":"SKIP","floor":39},{"not_picked":["Reprogram","Creative AI","Seek","Reinforced Body+1"],"picked":"SKIP","floor":40},{"not_picked":["Coolheaded","Aggregate+1","Cold Snap","Steam+1"],"picked":"SKIP","floor":45},{"not_picked":["Leap","Blizzard","Beam Cell+1","Loop"],"picked":"SKIP","floor":46}],"player_experience":299604,"relics_obtained":[{"floor":7,"key":"Mercury Hourglass"},{"floor":9,"key":"Question Card"},{"floor":10,"key":"Toy Ornithopter"},{"floor":21,"key":"Gremlin Horn"},{"floor":24,"key":"FossilizedHelix"},{"floor":26,"key":"Bottled Tornado"},{"floor":40,"key":"Old Coin"},{"floor":43,"key":"Mango"},{"floor":48,"key":"Bird Faced Urn"}],"event_choices":[{"cards_removed":["Strike_B"],"damage_healed":0,"gold_gain":0,"player_choice":"Card Removal","damage_taken":0,"max_hp_gain":0,"max_hp_loss":0,"event_name":"The Cleric","floor":2,"gold_loss":50},{"cards_removed":["Strike_B"],"damage_healed":0,"gold_gain":0,"player_choice":"Card Removal","damage_taken":7,"max_hp_gain":0,"max_hp_loss":0,"event_name":"Golden Wing","floor":3,"gold_loss":0},{"damage_healed":0,"gold_gain":0,"player_choice":"Ignored","damage_taken":0,"max_hp_gain":0,"max_hp_loss":0,"event_name":"Liars Game","floor":5,"gold_loss":0},{"damage_healed":0,"gold_gain":75,"player_choice":"Gather Gold","damage_taken":11,"max_hp_gain":0,"max_hp_loss":0,"event_name":"World of Goop","floor":11,"gold_loss":0},{"damage_healed":0,"gold_gain":99,"player_choice":"Stole From Cult","damage_taken":0,"max_hp_gain":0,"max_hp_loss":0,"event_name":"Nest","floor":20,"gold_loss":0},{"damage_healed":0,"gold_gain":0,"player_choice":"Paid Fearfully","damage_taken":0,"max_hp_gain":0,"max_hp_loss":0,"event_name":"Masked Bandits","floor":27,"gold_loss":97},{"damage_healed":0,"gold_gain":0,"player_choice":"Ignored","damage_taken":0,"max_hp_gain":0,"max_hp_loss":0,"event_name":"Vampires","floor":31,"gold_loss":0},{"cards_removed":["Defend_B"],"damage_healed":0,"gold_gain":0,"player_choice":"Removed Skill","damage_taken":0,"max_hp_gain":0,"max_hp_loss":0,"event_name":"Falling","floor":36,"gold_loss":0},{"damage_healed":0,"gold_gain":0,"player_choice":"Upgrade","damage_taken":0,"max_hp_gain":0,"max_hp_loss":0,"event_name":"Designer","floor":44,"gold_loss":40,"cards_upgraded":["Defragment"]},{"damage_healed":0,"gold_gain":0,"player_choice":"Fight","damage_taken":0,"max_hp_gain":0,"max_hp_loss":0,"event_name":"MindBloom","floor":48,"gold_loss":0}],"is_beta":false,"boss_relics":[{"not_picked":["Black Star","Sozu"],"picked":"Inserter"},{"not_picked":["Calling Bell","Cursed Key"],"picked":"Tiny House"}],"items_purged_floors":[22,37,41],"is_endless":false,"potions_floor_spawned":[1,10,19,33,35,40,45],"killed_by":"Donu and Deca","ascension_level":6}}