{"host":"7c402rm0fqc13zvz","time":1610011790,"event":{"mods":["BaseMod","Marisa（F雨　魔理沙）","Minty Spire (QoL Compilation)","Remilia（蕾米莉亚）","StSLib","The Servant 0.9.4","Youmu（魂魄妖梦）","[功能]功能增强和修复MOD"],"gold_per_floor":[119,74,93,93,88,88,102,126,150,166,166,190,190,215,215,341,341,354,354,354,373,373,373,373,373,397,428,428,449,434,455,455,585,585,604,617,642,660,673,673,708,708,733,733,728,1061,1061,1092,1092,1092],"floor_reached":51,"playtime":2030,"items_purged":["Strike_MRS","Defend_MRS","Defend_MRS","Strike_MRS","Strike_MRS","Defend_MRS","Defend_MRS","Strike_MRS","MasterSpark","Injury","ShootingEcho","Shame","MagicAbsorber","ShootingEcho+1"],"score":1024,"play_id":"935e5a79-83b9-4534-a497-a1cf13293080","local_time":"20210107172950","is_ascension_mode":true,"campfire_choices":[{"data":"PulseMagic","floor":6.0,"key":"SMITH"},{"data":"JA","floor":11.0,"key":"SMITH"},{"data":"MeteoricShower","floor":15.0,"key":"SMITH"},{"data":"Deep Breath","floor":23.0,"key":"SMITH"},{"data":"SporeBomb","floor":28.0,"key":"SMITH"},{"data":"UpSweep","floor":32.0,"key":"SMITH"},{"data":"Acceleration","floor":40.0,"key":"SMITH"},{"data":"Flash of Steel","floor":42,"key":"SMITH"},{"data":"Flash of Steel","floor":44,"key":"SMITH"},{"data":"EscapeVelocity","floor":49,"key":"SMITH"}],"circlet_count":0,"master_deck":["UpSweep+1","Flash of Steel+1","Deep Breath+1","SporeBomb+1","MeteoricShower+1","PulseMagic+1","JA+1","Flash of Steel+1","BinaryStars+1","Finesse+1","MagicAbsorber+1","WitchLeyline+1","Acceleration+1","EscapeVelocity+1"],"relics":["BewitchedHakkero","Thread and Needle","Blood Vial","Toy Ornithopter","Nunchaku","InkBottle","Orichalcum","Pantograph","Medical Kit","Chemical X","Bag of Preparation","Mercury Hourglass","Happy Flower","Sundial","Tiny Chest","White Beast Statue","War Paint","Shuriken","ClockworkSouvenir","RampagingMagicTools","Bag of Marbles","Potion Belt","Strawberry","Oddly Smooth Stone","Boot","Lee\u0027s Waffle","Pen Nib"],"acts_visited":["Exordium","TheCity","TheBeyond"],"potions_floor_usage":[41,41,50,50,50,50,50,50,50],"damage_taken":[{"damage":4.0,"enemies":"2 Louse","floor":1.0,"turns":2.0},{"damage":0.0,"enemies":"Cultist","floor":3.0,"turns":2.0},{"damage":8.0,"enemies":"Jaw Worm","floor":7.0,"turns":2.0},{"damage":8.0,"enemies":"Red Slaver","floor":8.0,"turns":3.0},{"damage":0.0,"enemies":"Looter","floor":10.0,"turns":2.0},{"damage":0.0,"enemies":"Exordium Wildlife","floor":12.0,"turns":2.0},{"damage":0.0,"enemies":"Large Slime","floor":14.0,"turns":2.0},{"damage":37.0,"enemies":"The Guardian","floor":16.0,"turns":4.0},{"damage":0.0,"enemies":"Spheric Guardian","floor":18.0,"turns":2.0},{"damage":0.0,"enemies":"Chosen","floor":21.0,"turns":2.0},{"damage":7.0,"enemies":"Slavers","floor":27.0,"turns":2.0},{"damage":0.0,"enemies":"Snake Plant","floor":29.0,"turns":1.0},{"damage":0.0,"enemies":"Chosen and Byrds","floor":31.0,"turns":1.0},{"damage":2.0,"enemies":"Automaton","floor":33.0,"turns":3.0},{"damage":0.0,"enemies":"Orb Walker","floor":35.0,"turns":1.0},{"damage":0.0,"enemies":"3 Shapes","floor":36.0,"turns":1.0},{"damage":0.0,"enemies":"Maw","floor":37.0,"turns":3.0},{"damage":0.0,"enemies":"Writhing Mass","floor":38.0,"turns":2.0},{"damage":24.0,"enemies":"Sphere and 2 Shapes","floor":39.0,"turns":1.0},{"damage":0,"enemies":"Reptomancer","floor":41,"turns":1},{"damage":0,"enemies":"Giant Head","floor":48,"turns":2},{"damage":0,"enemies":"Awakened One","floor":50,"turns":2}],"seed_played":"-1525932579432774345","potions_obtained":[{"floor":1.0,"key":"ColorlessPotion"},{"floor":3.0,"key":"LiquidBronze"},{"floor":14.0,"key":"Block Potion"},{"floor":18.0,"key":"AttackPotion"},{"floor":35.0,"key":"Fire Potion"},{"floor":41,"key":"Swift Potion"},{"floor":48,"key":"ShroomBrew"}],"is_trial":false,"path_per_floor":["M","$","M","?","$","R","M","M","T","M","R","M","$","M","R","B",null,"M","?","$","M","?","R","T","?","T","E","R","M","$","M","R","B",null,"M","M","M","M","M","R","E","R","T","R","$","?","$","E","R","B",null],"character_chosen":"MARISA","items_purchased":["Blood Vial","Toy Ornithopter","Flash of Steel","EntropicBrew","AttackPotion","Nunchaku","Deep Breath","InkBottle","SporeBomb","MeteoricShower","PulseMagic","Orichalcum","Flash of Steel","Pantograph","Medical Kit","Explosive Potion","ColorlessPotion","Chemical X","Bag of Preparation","Finesse","Mercury Hourglass","War Paint","Shuriken","ClockworkSouvenir","Strawberry","Oddly Smooth Stone","Boot","Lee\u0027s Waffle","EscapeVelocity"],"campfire_rested":0,"item_purchase_floors":[2,2,2,2,2,5,5,5,5,5,5,13,13,13,13,13,13,20,20,20,20,30,30,30,45,47,47,47,47],"current_hp_per_floor":[50,50,57,57,57,57,51,45,45,52,52,59,59,71,71,38,75,75,75,75,75,75,75,75,75,75,68,68,70,70,72,72,73,75,75,75,75,75,51,51,63,63,63,63,70,70,89,89,89,89],"gold":1092,"neow_bonus":"ONE_RARE_RELIC","is_daily":false,"chose_seed":false,"campfire_upgraded":10,"win_rate":0.0,"timestamp":1610011790,"path_taken":["M","$","M","?","$","R","?","M","T","M","R","M","$","M","R","BOSS","M","?","$","?","?","R","?","?","T","E","R","M","$","M","R","BOSS","M","M","M","M","M","R","E","R","T","R","$","?","$","E","R","BOSS"],"items_purchased_type":["Relic","Relic","Card","Potion","Potion","Relic","Card","Relic","Card","Card","Card","Relic","Card","Relic","Relic","Potion","Potion","Relic","Relic","Card","Relic","Relic","Relic","Relic","Relic","Relic","Relic","Relic","Card"],"build_version":"2020-12-22","purchased_purges":14,"victory":true,"max_hp_per_floor":[75,75,75,75,75,75,75,75,75,75,75,75,75,75,75,75,75,75,75,75,75,75,75,75,75,75,75,75,75,75,75,75,75,75,75,75,75,75,75,75,75,75,75,75,82,82,89,89,89,89],"card_choices":[{"not_picked":["DeepEcoloBomb","FairyDestructionRay"],"picked":"MagicAbsorber","floor":1.0},{"not_picked":["AlicesGift","UnstableBomb","AsteroidBelt"],"picked":"SKIP","floor":3.0},{"not_picked":["MysteriousBeam","LuminesStrike","GalacticHalo"],"picked":"SKIP","floor":7.0},{"not_picked":["GrandCross","LuminesStrike"],"picked":"ShootingEcho","floor":8.0},{"not_picked":["NonDirectionalLaser","ShootingEcho"],"picked":"JA","floor":10.0},{"not_picked":["WitchOfGreed","UnstableBomb","MilkyWay"],"picked":"SKIP","floor":12.0},{"not_picked":["SporeBomb","PowerUp","ManaConvection"],"picked":"SKIP","floor":14.0},{"not_picked":["MaximisePower","JA"],"picked":"BinaryStars","floor":16.0},{"not_picked":["OortCloud+1","MagicAbsorber"],"picked":"ShootingEcho+1","floor":18.0},{"not_picked":["DoubleSpark","UnstableBomb"],"picked":"MagicAbsorber+1","floor":21.0},{"not_picked":["GravityBeat","SprinkleStarSeal","LuminesStrike+1"],"picked":"SKIP","floor":27.0},{"not_picked":["OortCloud","ShootingEcho","WitchOfGreed+1"],"picked":"SKIP","floor":29.0},{"not_picked":["DeepEcoloBomb+1","NonDirectionalLaser","GravityBeat"],"picked":"SKIP","floor":31.0},{"not_picked":["DC","DoubleSpark+1","Singularity"],"picked":"SKIP","floor":35.0},{"not_picked":["SporeBomb+1","PowerUp"],"picked":"WitchLeyline+1","floor":36.0},{"not_picked":["UnstableBomb","BlazeAway+1","OortCloud+1"],"picked":"SKIP","floor":37.0},{"not_picked":["DarkSpark+1","GasGiant"],"picked":"Acceleration","floor":38.0},{"not_picked":["GasGiant","PropBag+1","ChargeUpSpray+1"],"picked":"SKIP","floor":39.0},{"not_picked":["LuminesStrike","ShootTheMoon+1","MysteriousBeam"],"picked":"SKIP","floor":41},{"not_picked":["StarDustReverie","MysteriousBeam+1","SprinkleStarSeal"],"picked":"SKIP","floor":48}],"player_experience":32981,"relics_obtained":[{"floor":24.0,"key":"Sundial"},{"floor":26.0,"key":"Tiny Chest"},{"floor":27.0,"key":"White Beast Statue"},{"floor":41,"key":"Bag of Marbles"},{"floor":43,"key":"Potion Belt"},{"floor":48,"key":"Pen Nib"}],"event_choices":[{"damage_healed":0.0,"max_hp_gain":0.0,"max_hp_loss":0.0,"gold_gain":0.0,"event_name":"Golden Idol","player_choice":"Take Wound","floor":4.0,"gold_loss":0.0,"damage_taken":0.0,"relics_obtained":["Golden Idol"],"cards_obtained":["Injury"]},{"damage_healed":0.0,"max_hp_gain":0.0,"max_hp_loss":0.0,"gold_gain":0.0,"event_name":"Upgrade Shrine","player_choice":"Upgraded","floor":19.0,"gold_loss":0.0,"damage_taken":0.0,"cards_upgraded":["BinaryStars"]},{"damage_healed":0.0,"max_hp_gain":0.0,"max_hp_loss":0.0,"gold_gain":0.0,"event_name":"Addict","player_choice":"Stole Relic","floor":22.0,"gold_loss":0.0,"damage_taken":0.0,"relics_obtained":["Happy Flower"],"cards_obtained":["Shame"]},{"damage_healed":0.0,"max_hp_gain":0.0,"max_hp_loss":0.0,"gold_gain":0.0,"event_name":"Vampires","player_choice":"Ignored","floor":25.0,"gold_loss":0.0,"damage_taken":0.0},{"damage_healed":0,"gold_gain":333,"player_choice":"Gave Idol","damage_taken":0,"max_hp_gain":0,"max_hp_loss":0,"event_name":"The Moai Head","floor":46,"relics_lost":["Golden Idol"],"gold_loss":0}],"is_beta":false,"boss_relics":[{"not_picked":["Coffee Dripper","Astrolabe"],"picked":"BewitchedHakkero"},{"not_picked":["Calling Bell","Runic Dome"],"picked":"RampagingMagicTools"}],"items_purged_floors":[2,2,2,2,2,2,2,2,2,5,30,30,30,45],"is_endless":false,"potions_floor_spawned":[1,3,7,14,18,21,21,27,29,29,29,31,33,33,35,36,37,38,38,39,41,48],"ascension_level":2}}