{"host":"8pjvbxl6xo882v42","time":1610061547,"event":{"mods":["AchievementEnabler","BaseMod","Minty Spire (QoL Compilation)","StSLib","The Cursed"],"gold_per_floor":[118,188,205,223,5,30,48,66,89,89,115,175,175,190,190,287,287,297,297,314,331,311,345,357,357,384,395,395,395,420,437,437,540,540,552,569,584,130,0,0,0,0,0,0,0,11,26,26,26,26],"floor_reached":51,"playtime":3995,"items_purged":["Strike_P","Alpha"],"score":741,"play_id":"360fd98d-5f7d-4021-9b11-2ac538f1e13e","local_time":"20210108001907","is_ascension_mode":true,"campfire_choices":[{"data":"Crescendo","floor":10.0,"key":"SMITH"},{"data":"Collect","floor":13.0,"key":"SMITH"},{"data":"Vigilance","floor":15.0,"key":"SMITH"},{"floor":25.0,"key":"REST"},{"floor":29.0,"key":"REST"},{"data":"MasterReality","floor":32.0,"key":"SMITH"},{"data":"ForeignInfluence","floor":40.0,"key":"SMITH"},{"data":"Vault","floor":49.0,"key":"SMITH"}],"circlet_count":0,"master_deck":["Vigilance+1","FlyingSleeves","CarveReality","CarveReality","BattleHymn","Crescendo+1","FollowUp","Collect+1","MasterReality+1","SpiritShield","ForeignInfluence+1","Indignation","CarveReality","Evaluate","Meditate+1","EmptyFist","ConjureBlade","Vault+1","Evaluate+1","ForeignInfluence+1","Dark Shackles","Madness","Madness","Parasite"],"relics":["Empty Cage","Blue Candle","Anchor","Shuriken","Smiling Mask","Bag of Preparation","Eternal Feather","Pandora\u0027s Box","Turnip","Nunchaku","Pen Nib","Velvet Choker","Ancient Tea Set","Bag of Marbles","Red Mask","Ornamental Fan"],"acts_visited":["Exordium","TheCity","TheBeyond"],"potions_floor_usage":[50,50],"damage_taken":[{"damage":0.0,"enemies":"Cultist","floor":1.0,"turns":3.0},{"damage":2.0,"enemies":"Jaw Worm","floor":3.0,"turns":3.0},{"damage":5.0,"enemies":"Small Slimes","floor":4.0,"turns":3.0},{"damage":0.0,"enemies":"Gremlin Nob","floor":6.0,"turns":2.0},{"damage":0.0,"enemies":"Red Slaver","floor":7.0,"turns":2.0},{"damage":3.0,"enemies":"Exordium Thugs","floor":8.0,"turns":3.0},{"damage":9.0,"enemies":"3 Sentries","floor":11.0,"turns":5.0},{"damage":0.0,"enemies":"Lagavulin Event","floor":12.0,"turns":2.0},{"damage":3.0,"enemies":"Large Slime","floor":14.0,"turns":3.0},{"damage":53.0,"enemies":"The Guardian","floor":16.0,"turns":5.0},{"damage":2.0,"enemies":"Chosen","floor":18.0,"turns":3.0},{"damage":16.0,"enemies":"2 Thieves","floor":20.0,"turns":3.0},{"damage":0.0,"enemies":"Chosen and Byrds","floor":21.0,"turns":3.0},{"damage":52.0,"enemies":"Slavers","floor":23.0,"turns":4.0},{"damage":0.0,"enemies":"Centurion and Healer","floor":24.0,"turns":2.0},{"damage":0.0,"enemies":"3 Cultists","floor":27.0,"turns":4.0},{"damage":7.0,"enemies":"Gremlin Leader","floor":30.0,"turns":4.0},{"damage":8.0,"enemies":"Chosen and Byrds","floor":31.0,"turns":4.0},{"damage":18.0,"enemies":"Champ","floor":33.0,"turns":6.0},{"damage":12.0,"enemies":"3 Shapes","floor":35.0,"turns":2.0},{"damage":0.0,"enemies":"3 Darklings","floor":36.0,"turns":3.0},{"damage":1.0,"enemies":"Transient","floor":37.0,"turns":6.0},{"damage":0.0,"enemies":"Jaw Worm Horde","floor":46.0,"turns":2.0},{"damage":6.0,"enemies":"Writhing Mass","floor":47.0,"turns":5.0},{"damage":44,"enemies":"Awakened One","floor":50,"turns":13}],"seed_played":"2506536001444737553","potions_obtained":[{"floor":4.0,"key":"FearPotion"},{"floor":6.0,"key":"GamblersBrew"},{"floor":7.0,"key":"Ancient Potion"},{"floor":20.0,"key":"Weak Potion"},{"floor":21.0,"key":"Ambrosia"},{"floor":27.0,"key":"Explosive Potion"},{"floor":30.0,"key":"BottledMiracle"},{"floor":33.0,"key":"Swift Potion"},{"floor":46.0,"key":"Ambrosia"}],"is_trial":false,"path_per_floor":["M","T","M","M","$","E","M","M","T","R","E","?","R","M","R","B",null,"M","?","M","M","?","E","M","R","T","M","?","R","E","M","R","B",null,"M","M","M","$","?","R","$","?","T","?","$","M","M","?","R","B",null],"character_chosen":"WATCHER","items_purchased":["Anchor","Ancient Tea Set","Bag of Marbles","Dark Shackles"],"campfire_rested":2,"item_purchase_floors":[5,38,38,38],"current_hp_per_floor":[72,72,70,65,65,65,65,62,62,62,53,53,62,59,68,15,72,70,70,54,54,54,2,2,32,32,32,32,62,55,47,59,41,72,60,60,59,59,59,71,71,62,62,62,62,62,56,56,68,24],"gold":26,"neow_bonus":"BOSS_RELIC","is_daily":false,"chose_seed":false,"campfire_upgraded":6,"win_rate":0.0,"timestamp":1610061547,"path_taken":["M","?","M","M","$","E","M","M","T","R","E","?","R","M","R","BOSS","M","?","M","?","?","E","M","R","T","?","?","R","E","M","R","BOSS","M","M","M","$","?","R","?","?","T","?","$","?","M","?","R","BOSS"],"items_purchased_type":["Relic","Relic","Relic","Card"],"build_version":"2020-12-22","purchased_purges":2,"victory":true,"max_hp_per_floor":[72,72,72,72,72,72,72,72,72,72,72,72,72,72,72,72,72,72,72,72,72,72,72,72,72,72,72,72,72,72,72,72,72,72,72,72,72,72,72,72,72,72,72,72,72,72,72,72,72,72],"card_choices":[{"not_picked":["PathToVictory","CrushJoints"],"picked":"FlyingSleeves","floor":1.0},{"not_picked":["Halt","FollowUp"],"picked":"CarveReality","floor":3.0},{"not_picked":["Study","PathToVictory"],"picked":"CarveReality","floor":4.0},{"not_picked":["MasterReality","FollowUp"],"picked":"BattleHymn","floor":6.0},{"not_picked":["CrushJoints","ClearTheMind"],"picked":"FollowUp","floor":7.0},{"not_picked":["ThirdEye","JustLucky"],"picked":"Crescendo","floor":8.0},{"not_picked":["ConjureBlade","EmptyFist"],"picked":"FollowUp","floor":11.0},{"not_picked":["ReachHeaven","PathToVictory"],"picked":"Collect","floor":12.0},{"not_picked":["FollowUp","JustLucky","CrushJoints"],"picked":"SKIP","floor":14.0},{"not_picked":["DeusExMachina","LessonLearned"],"picked":"MasterReality","floor":16.0},{"not_picked":["FlyingSleeves","Pray+1"],"picked":"Evaluate","floor":18.0},{"not_picked":["Fasting2","PathToVictory","Collect"],"picked":"SKIP","floor":20.0},{"not_picked":["Consecrate","ThirdEye","FlurryOfBlows"],"picked":"SKIP","floor":21.0},{"not_picked":["DeceiveReality","Crescendo"],"picked":"Meditate+1","floor":23.0},{"not_picked":["MentalFortress","Prostrate","ThirdEye+1"],"picked":"SKIP","floor":24.0},{"not_picked":["FollowUp+1","WindmillStrike"],"picked":"EmptyFist","floor":27.0},{"not_picked":["FlurryOfBlows","WaveOfTheHand","Tantrum"],"picked":"SKIP","floor":30.0},{"not_picked":["InnerPeace","FollowUp"],"picked":"ConjureBlade","floor":31.0},{"not_picked":["ConjureBlade","DevaForm"],"picked":"Vault","floor":33.0},{"not_picked":["Protect","CutThroughFate"],"picked":"Evaluate+1","floor":35.0},{"not_picked":["JustLucky+1","Consecrate"],"picked":"ForeignInfluence+1","floor":36.0},{"not_picked":["Sanctity","Swivel","WheelKick"],"picked":"SKIP","floor":37.0},{"not_picked":["ConjureBlade","CutThroughFate+1","Study+1"],"picked":"SKIP","floor":46.0},{"not_picked":["EmptyFist","FlyingSleeves+1","FlurryOfBlows+1"],"picked":"SKIP","floor":47.0}],"player_experience":276782,"relics_obtained":[{"floor":2.0,"key":"Blue Candle"},{"floor":6.0,"key":"Shuriken"},{"floor":9.0,"key":"Smiling Mask"},{"floor":11.0,"key":"Bag of Preparation"},{"floor":12.0,"key":"Eternal Feather"},{"floor":23.0,"key":"Turnip"},{"floor":26.0,"key":"Nunchaku"},{"floor":30.0,"key":"Pen Nib"},{"floor":43.0,"key":"Ornamental Fan"}],"event_choices":[{"damage_healed":0.0,"max_hp_gain":0.0,"max_hp_loss":0.0,"gold_gain":0.0,"event_name":"Dead Adventurer","player_choice":"Searched \u00271\u0027 times","floor":12.0,"gold_loss":0.0,"damage_taken":0.0},{"damage_healed":0.0,"max_hp_gain":0.0,"max_hp_loss":0.0,"gold_gain":0.0,"event_name":"Match and Keep!","player_choice":"0 cards matched","floor":19.0,"gold_loss":0.0,"damage_taken":0.0,"cards_obtained":[]},{"damage_healed":0.0,"max_hp_gain":0.0,"max_hp_loss":0.0,"gold_gain":0.0,"event_name":"The Woman in Blue","player_choice":"Bought 1 Potion","floor":22.0,"gold_loss":0.0,"damage_taken":0.0},{"damage_healed":0.0,"max_hp_gain":0.0,"max_hp_loss":0.0,"gold_gain":0.0,"event_name":"Vampires","player_choice":"Ignored","floor":28.0,"gold_loss":0.0,"damage_taken":0.0},{"damage_healed":0.0,"max_hp_gain":0.0,"max_hp_loss":0.0,"gold_gain":0.0,"event_name":"Tomb of Lord Red Mask","player_choice":"Paid","floor":39.0,"gold_loss":130.0,"damage_taken":0.0,"relics_obtained":["Red Mask"]},{"damage_healed":0.0,"max_hp_gain":0.0,"max_hp_loss":0.0,"gold_gain":0.0,"event_name":"Winding Halls","player_choice":"Embrace Madness","floor":42.0,"gold_loss":0.0,"damage_taken":9.0,"cards_obtained":["Madness","Madness"]},{"cards_removed":["Eruption"],"damage_healed":0.0,"max_hp_gain":0.0,"max_hp_loss":0.0,"gold_gain":0.0,"event_name":"Bonfire Elementals","player_choice":"Offered Basic","floor":44.0,"gold_loss":0.0,"damage_taken":0.0},{"cards_removed":["FollowUp"],"damage_healed":0.0,"max_hp_gain":0.0,"max_hp_loss":0.0,"gold_gain":0.0,"event_name":"Falling","player_choice":"Removed Attack","floor":48.0,"gold_loss":0.0,"damage_taken":0.0}],"is_beta":false,"boss_relics":[{"not_picked":["Runic Dome","Busted Crown"],"picked":"Pandora\u0027s Box"},{"not_picked":["Fusion Hammer","Runic Pyramid"],"picked":"Velvet Choker"}],"items_purged_floors":[5,38],"is_endless":false,"potions_floor_spawned":[4,6,7,20,21,27,30,33,46],"ascension_level":2}}