{"host":"6dypmz777xraikqf","time":1610043072,"event":{"mods":["AchievementEnabler","BaseMod","BetterRewards","Colored Map","Colored Powertips","Downfall","Highlight Path","Hubris","Infinite Spire","Minty Spire (QoL Compilation)","Replay The Spire","StSLib"],"gold_per_floor":[113,130,148,161,161,190,190,190,190],"floor_reached":8,"playtime":748,"items_purged":["Strike_G"],"score":73,"play_id":"a7be1262-d0d4-4ed9-90eb-721dac97046a","local_time":"20210107181112","is_ascension_mode":true,"campfire_choices":[],"circlet_count":0,"master_deck":["Strike_G","Strike_G","Strike_G","Strike_G","Defend_G","Defend_G","Defend_G","Defend_G","Defend_G","Survivor","Neutralize","Hidden Blade","Infinite Blades+1","Deadly Poison","Flying Knee","Sneak Up","Sucker Punch","infinitespire:Collect","Poisoned Stab"],"relics":["Ring of the Snake","hubris:KleinBottle","Matryoshka"],"acts_visited":["Exordium"],"potions_floor_usage":[8,8],"damage_taken":[{"damage":0,"enemies":"Cultist","floor":1,"turns":4},{"damage":10,"enemies":"infinitespire:Voidling","floor":2,"turns":5},{"damage":6,"enemies":"Jaw Worm","floor":3,"turns":3},{"damage":5,"enemies":"Exordium Thugs","floor":4,"turns":5},{"damage":26,"enemies":"Replay:BlueRogue","floor":6,"turns":6},{"damage":9,"enemies":"3 Sentries","floor":8,"turns":2}],"seed_played":"-2962986622317409443","potions_obtained":[{"floor":2,"key":"LiquidMemories"},{"floor":6,"key":"Venom Potion"}],"is_trial":false,"path_per_floor":["M","M","M","M","$","E","?","E"],"character_chosen":"THE_SILENT","items_purchased":["Hidden Blade","Infinite Blades","hubris:KleinBottle"],"campfire_rested":0,"item_purchase_floors":[0,0,5],"current_hp_per_floor":[70,69,63,58,34,8,8,0,0],"gold":190,"neow_bonus":"","is_daily":false,"chose_seed":false,"campfire_upgraded":0,"win_rate":0.0,"timestamp":1610043072,"path_taken":["M","M","M","?","?","E","?","E"],"items_purchased_type":["Card","Card","Relic"],"build_version":"2020-12-22","purchased_purges":1,"victory":false,"max_hp_per_floor":[70,70,70,70,70,70,70,70,70],"card_choices":[{"not_picked":["Dodge and Roll","Outmaneuver"],"picked":"Deadly Poison","floor":1},{"not_picked":["Quick Slash","Slice"],"picked":"Flying Knee","floor":2},{"not_picked":["ReplayTheSpireMod:The Works","Riddle With Holes"],"picked":"Sneak Up","floor":3},{"not_picked":["Dagger Spray","Slice"],"picked":"Sucker Punch","floor":4},{"not_picked":["hubris:InfiniteBlow","infinitespire:DeathsTouch"],"picked":"infinitespire:Collect","floor":5},{"not_picked":["Fluid Movement","Tools of the Trade"],"picked":"Poisoned Stab","floor":6}],"player_experience":126792,"relics_obtained":[{"floor":6,"key":"Matryoshka"}],"event_choices":[{"damage_healed":0,"gold_gain":0,"player_choice":"Grow","damage_taken":0,"max_hp_gain":0,"max_hp_loss":0,"event_name":"Living Wall","floor":7,"gold_loss":0,"cards_upgraded":["Infinite Blades"]}],"is_beta":false,"boss_relics":[],"items_purged_floors":[5],"is_endless":false,"potions_floor_spawned":[2,6],"killed_by":"3 Sentries","ascension_level":5}}