{"host":"dwyzfvnzfcqffr30","time":1610029730,"event":{"mods":["2.2 Compatiblity","Act Like it!","BaseMod","Beaked The Cultist","Better Altar","Better Match","Better Note","Better Sensory Stone","Better Skull","Better Third Choice","Clockwork Mod","Colored Map","Colored Powertips","Conspire","Downfall","Elementarium","GifTheSpireLib","Halation","Hermit","Hubris","Infinite Spire","Ironclad Rager","Jedi Mod","Menagerie","Mimic Mod","Minty Spire (QoL Compilation)","Permanent Neow","Random Character Button","Replay The Spire","Spicy Shops","StSLib","Stuff the Spire","The Construct","The Disciple","The Druid","The Marked","TheFirefly","Trackpad","vexMod"],"gold_per_floor":[440,41,41,71,71,71,119,119,119,186,111,182,182,182,182,317,317,379,453,453,64,64,121,121,184,237,237,314,1,1,1,13,150,212,288,600,688,795,807,819,831,949,986,1099,1111,1243,1255,1395,1407,1434,1446,1458,422,496,549],"floor_reached":56,"playtime":6975,"items_purged":["conspire:Blindness","Facsimile+1","jedi:frostbite"],"score":2358,"play_id":"36aae96f-5970-464d-94fc-5b770ff309a9","local_time":"20210107062849","is_ascension_mode":true,"campfire_choices":[{"floor":6,"key":"RECALL"},{"floor":8,"key":"REST"},{"floor":15,"key":"REST"},{"floor":24,"key":"REST"},{"floor":32,"key":"REST"},{"floor":40,"key":"REST"}],"circlet_count":0,"master_deck":["Strike_Br+1","Strike_Br+1","Strike_Br+1","Strike_Br+1","Defend_Br+1","Defend_Br+1","Defend_Br+1","Defend_Br+1","SecondHand+1","PatternShift+1","MasterReality+1","LockedMedicine+1","LockedMawBank+1","Goo+34","Adagio+1","LockedThread+1","Engulf+1","HandsUpB+1","infinitespire:UltimateForm+1","ReapSow+17","LockedBlood+1","Echoward+1","Recurrance+1","Pendulum+1","Accelerando+1","Keepsakes+1","infinitespire:Execution+1","LockedPlans+1","ExoVibe+5","Analog+1","Analog+1"],"relics":["Chronometer","SacredBark","Toxic Egg 2","Molten Egg 2","Frozen Egg 2","Quantum Egg","Juzu Bracelet","hubris:EvacipatedBox","Bottled Tornado","infinitespire:EvilPickle","trackpad:CultistFigurine","Menagerie:ShiftingBlessing","halation:IllGainedPizza","halation:BottledLove","SpringShield","Menagerie:HuntersKnife","hubris:TerracottaHorce","Paper Turtyl","Boot","Dead Branch","vexMod:CardConverter","jedi:heavyjacket","Blood Vial","Bronze Scales","infinitespire:WardingShard","BlueBox","MawBank","Tiny House","Old Coin","Counterbalance","Ring of Fury","ReplayTheSpireMod:Ring of Addiction","Chameleon Ring","White Beast Statue","StuffTheSpire:EmeraldSignet","ReplayTheSpireMod:TigerMarble","halation:PromiseList","Meat on the Bone","Oddly Smooth Stone","ClockworkSouvenir","trackpad:ZombieHeart","halation:LettersToHer"],"acts_visited":["Menagerie:Menagerie","TheCity","TheBeyond","TheEnding"],"potions_floor_usage":[7,18,25,38,42,42,42,44,46,46,48,48,50,50,50,54,54,55,55,55],"damage_taken":[{"damage":0,"enemies":"Menagerie:MonstrousExperiment","floor":1,"turns":4},{"damage":0,"enemies":"Menagerie:WhisperingWraith","floor":4,"turns":4},{"damage":12,"enemies":"Menagerie:MaskedSummoner","floor":7,"turns":7},{"damage":0,"enemies":"Menagerie:VoidReaper","floor":10,"turns":7},{"damage":4,"enemies":"Menagerie:Hydra","floor":12,"turns":7},{"damage":6,"enemies":"Menagerie:Suneater","floor":16,"turns":8},{"damage":0,"enemies":"Shell Parasite","floor":18,"turns":7},{"damage":14,"enemies":"Spheric Guardian","floor":19,"turns":8},{"damage":14,"enemies":"Book of Stabbing","floor":23,"turns":5},{"damage":12,"enemies":"Gremlin Leader","floor":25,"turns":6},{"damage":0,"enemies":"Centurion and Healer","floor":26,"turns":7},{"damage":5,"enemies":"Book of Stabbing","floor":28,"turns":7},{"damage":11,"enemies":"hubris:MusketHawk","floor":33,"turns":9},{"damage":0,"enemies":"3 Shapes","floor":35,"turns":5},{"damage":0,"enemies":"Mind Bloom Boss Battle","floor":37,"turns":6},{"damage":27,"enemies":"3 Darklings","floor":38,"turns":6},{"damage":7,"enemies":"Giant Head","floor":42,"turns":6},{"damage":0,"enemies":"Spire Growth","floor":44,"turns":4},{"damage":0,"enemies":"Reptomancer","floor":46,"turns":6},{"damage":0,"enemies":"Giant Head","floor":48,"turns":5},{"damage":0,"enemies":"hubris:GrandSnecko","floor":50,"turns":9},{"damage":15,"enemies":"Shield and Spear","floor":54,"turns":6},{"damage":0,"enemies":"The Heart","floor":55,"turns":6}],"seed_played":"1378393752000762657","potions_obtained":[{"floor":7,"key":"jedi:wingpotion"},{"floor":12,"key":"Flashbang"},{"floor":19,"key":"Strength Potion"},{"floor":23,"key":"PowerPotion"},{"floor":28,"key":"AttackPotion"},{"floor":34,"key":"infinitespire:BlackPotion"},{"floor":41,"key":"Strength Potion"},{"floor":42,"key":"AttackPotion"},{"floor":44,"key":"LifebloodPotion"},{"floor":45,"key":"Block Potion"},{"floor":45,"key":"infinitespire:BlackPotion"},{"floor":46,"key":"FearPotion"},{"floor":47,"key":"PowerPotion"},{"floor":48,"key":"ColorlessPotion"},{"floor":49,"key":"hexamod:EctoCoolerPotion"},{"floor":52,"key":"Ancient Potion"},{"floor":54,"key":"DuplicationPotion"}],"is_trial":false,"path_per_floor":["M","$","?","M","?","R","E","R","T","E","?","E","?","?","R","B",null,"M","M","?","$","?","E","R","E","MIM","?","E","$","?","AVR","R","B",null,"M","AVR","?","M","?","R","?","E","T","M","R","E","R","E","R","B",null,"R","$","E","B",null],"character_chosen":"CHRONO_CLASS","items_purchased":["LockedMawBank+1","trackpad:CultistFigurine","Goo+1","PowerPotion","Paper Turtyl","Boot","infinitespire:WardingShard","BlueBox","Oddly Smooth Stone","Analog+1","Fruit Juice","Reflective Coating","ClockworkSouvenir","trackpad:ZombieHeart"],"campfire_rested":5,"item_purchase_floors":[2,2,2,2,21,21,29,29,53,53,53,53,53,53],"current_hp_per_floor":[71,71,62,62,62,62,50,73,73,73,73,69,50,50,71,65,70,70,56,56,56,56,42,63,51,53,53,59,63,63,63,77,77,86,90,92,92,74,83,92,94,92,92,96,96,98,98,100,100,100,100,100,102,117,131],"gold":549,"neow_bonus":"TWENTY_PERCENT_HP_BONUS","is_daily":false,"chose_seed":false,"campfire_upgraded":0,"win_rate":0.0,"timestamp":1610029729,"path_taken":["M","$","?","M","?","R","E","R","T","E","?","E","?","?","R","BOSS","M","M","?","?","?","E","R","E","MIM","?","E","$","?","AVR","R","BOSS","M","AVR","?","M","?","R","?","E","T","M","R","E","R","E","R","BOSS","R","$","E","BOSS"],"items_purchased_type":["Card","Relic","Card","Potion","Relic","Relic","Relic","Relic","Relic","Card","Potion","Potion","Relic","Relic"],"build_version":"2020-12-22","purchased_purges":3,"victory":true,"max_hp_per_floor":[77,77,77,77,77,77,77,77,77,77,77,77,77,71,71,71,71,71,71,71,71,71,71,71,71,73,73,73,77,77,77,77,79,86,90,92,92,92,92,92,94,96,96,98,98,98,98,100,100,100,100,100,102,132,133],"card_choices":[{"not_picked":["LockedAnchor+1","WindUp+1"],"picked":"LockedMedicine+1","floor":1},{"not_picked":["Echoward+1","Keepsakes+1"],"picked":"Tempo+1","floor":4},{"not_picked":["EscortCommand+1","FormalWear+1"],"picked":"LockedThread+1","floor":7},{"not_picked":["PrimeTime+1","LockedAnchor+1"],"picked":"Engulf+1","floor":10},{"not_picked":["Recurrance+1","BlueShift+1"],"picked":"HandsUpB+1","floor":12},{"not_picked":["ReplayTheSpireMod:Chaos Vortex","hubris:Rewind"],"picked":"infinitespire:UltimateForm","floor":13},{"not_picked":["Keepsakes+1","LockedAnchor+1"],"picked":"ReapSow+1","floor":18},{"not_picked":["LockedTornado+1","Engulf+1","Parity+1"],"picked":"SKIP","floor":19},{"not_picked":["Parity+1","BlueShift+1"],"picked":"Facsimile+1","floor":23},{"not_picked":["TiringSlam+1","ReapSow+1","SlimeSpray+1"],"picked":"SKIP","floor":25},{"not_picked":["LockedMawBank+1","Echoward+1"],"picked":"LockedBlood+1","floor":26},{"not_picked":["FormalWear+1","Accruing+1","Goo+1"],"picked":"SKIP","floor":28},{"not_picked":["OverTime+1","BackFourSeconds+1"],"picked":"Pendulum+1","floor":33},{"not_picked":["ReapSow+1","CrunchTime+1"],"picked":"Tempo+1","floor":34},{"not_picked":["BiteCommand+1","Parity+1"],"picked":"Keepsakes+1","floor":35},{"not_picked":["AlternateTimeline+1","BiteCommand+1","ReapSow+1"],"picked":"SKIP","floor":38},{"not_picked":["Break+1","Keepsakes+1"],"picked":"LockedPlans+1","floor":42},{"not_picked":["ReapSow+1","AlternateTimeline+1"],"picked":"ExoVibe+1","floor":44},{"not_picked":["WindUp+1","OverTime+1","Parity+1"],"picked":"SKIP","floor":46},{"not_picked":["WindUp+1","OverTime+1","Parity+1"],"picked":"SKIP","floor":46},{"not_picked":["WindUp+1","LockedTornado+1"],"picked":"Analog+1","floor":48},{"not_picked":["VestedLegacy+1","EscortCommand+1","LockedMedicine+1"],"picked":"SKIP","floor":54}],"player_experience":2634331,"relics_obtained":[{"floor":7,"key":"halation:IllGainedPizza"},{"floor":10,"key":"halation:BottledLove"},{"floor":12,"key":"SpringShield"},{"floor":23,"key":"Dead Branch"},{"floor":25,"key":"vexMod:CardConverter"},{"floor":26,"key":"jedi:heavyjacket"},{"floor":27,"key":"Blood Vial"},{"floor":28,"key":"Bronze Scales"},{"floor":37,"key":"Counterbalance"},{"floor":41,"key":"Ring of Fury"},{"floor":41,"key":"ReplayTheSpireMod:Ring of Addiction"},{"floor":41,"key":"Chameleon Ring"},{"floor":41,"key":"White Beast Statue"},{"floor":42,"key":"StuffTheSpire:EmeraldSignet"},{"floor":43,"key":"ReplayTheSpireMod:TigerMarble"},{"floor":46,"key":"halation:PromiseList"},{"floor":48,"key":"Meat on the Bone"},{"floor":54,"key":"halation:LettersToHer"}],"event_choices":[{"damage_healed":0,"gold_gain":0,"player_choice":"Simplicity","damage_taken":0,"max_hp_gain":0,"max_hp_loss":8,"event_name":"betterThird:BetterWriting","floor":0,"gold_loss":0},{"damage_healed":0,"gold_gain":0,"player_choice":"Touch","damage_taken":9,"relics_obtained":["Menagerie:ShiftingBlessing"],"max_hp_gain":0,"max_hp_loss":0,"event_name":"Menagerie:LunarGift","floor":3,"gold_loss":0},{"damage_healed":0,"gold_gain":0,"player_choice":"Leave","damage_taken":0,"max_hp_gain":0,"max_hp_loss":0,"event_name":"conspire:Investor","floor":5,"gold_loss":0},{"damage_healed":0,"gold_gain":0,"player_choice":"3","damage_taken":0,"max_hp_gain":0,"max_hp_loss":0,"event_name":"betterMatch:BetterMatch","floor":11,"gold_loss":0,"cards_obtained":[]},{"damage_healed":0,"gold_gain":0,"player_choice":"Take","damage_taken":0,"relics_obtained":["Menagerie:HuntersKnife"],"max_hp_gain":0,"max_hp_loss":6,"event_name":"Menagerie:BigGameHunter","floor":14,"gold_loss":0},{"damage_healed":0,"gold_gain":0,"player_choice":"Ignored","damage_taken":0,"max_hp_gain":0,"max_hp_loss":0,"event_name":"Upgrade Shrine","floor":20,"gold_loss":0},{"damage_healed":0,"gold_gain":0,"player_choice":"Fight","damage_taken":0,"max_hp_gain":0,"max_hp_loss":0,"event_name":"MindBloom","floor":37,"gold_loss":0}],"is_beta":false,"boss_relics":[{"not_picked":["halation:ForbiddenBikini","hubris:RunicObelisk","halation:PinkAlligatorPlush"],"picked":"hubris:TerracottaHorce"},{"not_picked":["Pandora\u0027s Box","halation:Yufonium","Fusion Hammer"],"picked":"Tiny House"}],"items_purged_floors":[2,36,53],"is_endless":false,"potions_floor_spawned":[7,12,19,23,28,33,42,44,46,48,54],"ascension_level":11}}