{"host":"m113y2j4kbc0e5kb","time":1610026423,"event":{"mods":["BaseMod","Colored Powertips","Lobotomy","LobotomyExtend","Minty Spire (QoL Compilation)","StSLib"],"gold_per_floor":[117,117,117,117,117,160,160,175,226,250,268,282,363,382,382,510,510,533,230,145,164,177,177,208,208,208,228,246,246,246],"floor_reached":29,"playtime":3159,"items_purged":[],"score":407,"play_id":"1cd95ac0-a43d-4e7c-ad61-bfb15fc5cb5b","local_time":"20210107223343","is_ascension_mode":false,"campfire_choices":[],"circlet_count":0,"master_deck":["SpecialBullet","SpecialBullet","SpecialBullet","SpecialBullet","SpecialBullet","SpecialBullet","SpecialBullet","InformationCode","CentralCode","UniverseFragment","Beak+1","OSAHOGD","DaCapo+1","BigBadWolf","Lamp+9","SingingMachine","SomewhereSpear","Ecstasy","VoidDream","OldLady","GoldRush","WallGazer","Twilight","QueenBee","TodaysExpression","SnowQueen","Horn+1","Rudolta","LittleHelper"],"relics":["CogitoBucket","NeowsBlessing","LetterFromLob","Golden Idol","Omamori","Whetstone","Bronze Scales","ChangeAnything","Tiny Chest","Fusion Hammer","Oddly Smooth Stone","Boot","SkinProphecy","Letter Opener","Mummified Hand"],"acts_visited":["Exordium","TheCity"],"potions_floor_usage":[28,29,29],"damage_taken":[{"damage":0.0,"enemies":"2 Louse","floor":1.0,"turns":1.0},{"damage":0.0,"enemies":"Gremlin Nob","floor":6.0,"turns":1.0},{"damage":0.0,"enemies":"Jaw Worm","floor":8.0,"turns":1.0},{"damage":2.0,"enemies":"Small Slimes","floor":10.0,"turns":2.0},{"damage":10.0,"enemies":"3 Louse","floor":11.0,"turns":4.0},{"damage":12.0,"enemies":"Exordium Thugs","floor":12.0,"turns":9.0},{"damage":6.0,"enemies":"3 Sentries","floor":13.0,"turns":6.0},{"damage":0.0,"enemies":"Looter","floor":14.0,"turns":1.0},{"damage":0.0,"enemies":"Hexaghost","floor":16.0,"turns":6.0},{"damage":0.0,"enemies":"Chosen","floor":18.0,"turns":1.0},{"damage":47.0,"enemies":"3 Byrds","floor":21.0,"turns":7.0},{"damage":2.0,"enemies":"Centurion and Healer","floor":22.0,"turns":4.0},{"damage":7,"enemies":"Slavers","floor":24,"turns":3},{"damage":0,"enemies":"Cultist and Chosen","floor":27,"turns":2},{"damage":2,"enemies":"Shelled Parasite and Fungi","floor":28,"turns":2},{"damage":24,"enemies":"Snake Plant","floor":29,"turns":3}],"seed_played":"3410039052471250749","potions_obtained":[{"floor":11.0,"key":"AttackPotion"},{"floor":12.0,"key":"Dexterity Potion"},{"floor":13.0,"key":"EssenceOfSteel"},{"floor":14.0,"key":"Regen Potion"},{"floor":21.0,"key":"Swift Potion"}],"is_trial":false,"path_per_floor":["M","?","$","?","?","E","?","M","T","M","M","M","E","M","R","B",null,"M","$","?","M","M","R","E","?","T","M","M","M"],"character_chosen":"Angela","items_purchased":["Twilight","Oddly Smooth Stone"],"campfire_rested":0,"item_purchase_floors":[19,19],"current_hp_per_floor":[70,65,65,53,53,53,53,53,53,51,41,29,23,23,23,27,69,73,73,73,30,28,28,21,21,21,21,19,0,0],"gold":246,"neow_bonus":"THREE_ENEMY_KILL","is_daily":false,"chose_seed":false,"campfire_upgraded":0,"win_rate":0.0,"timestamp":1610026423,"path_taken":["M","?","$","?","?","E","?","?","T","M","M","M","E","M","R","BOSS","M","$","?","M","M","R","E","?","T","M","M","M"],"items_purchased_type":["Card","Relic"],"build_version":"2020-12-22","purchased_purges":0,"victory":false,"max_hp_per_floor":[70,65,65,65,65,65,65,65,65,65,65,65,65,65,65,69,69,73,73,73,77,83,83,89,89,89,95,101,105,105],"card_choices":[{"not_picked":["Variant","MHz"],"picked":"UniverseFragment","floor":1.0},{"not_picked":["BearPaw"],"picked":"Beak","floor":1.0},{"not_picked":["Murderer","SnowQueen"],"picked":"OSAHOGD","floor":6.0},{"not_picked":["Wingbeat"],"picked":"DaCapo","floor":6.0},{"not_picked":["Scarecrow","WallGazer"],"picked":"BigBadWolf","floor":8.0},{"not_picked":["Lantern"],"picked":"Lamp","floor":8.0},{"not_picked":["BigBird","QueenOfHatred"],"picked":"SingingMachine","floor":10.0},{"not_picked":["RedEyes","Discord"],"picked":"SKIP","floor":10.0},{"not_picked":["Regret_ego"],"picked":"SomewhereSpear","floor":11.0},{"not_picked":["Horn"],"picked":"Ecstasy","floor":12.0},{"not_picked":["Wellcheers","MHz"],"picked":"VoidDream","floor":13.0},{"not_picked":["FourthMatchFlame","GreenStem"],"picked":"SKIP","floor":13.0},{"not_picked":["CherryBlossoms","ShyLook"],"picked":"OldLady","floor":14.0},{"not_picked":["Wingbeat","SwordSharpenedByTears"],"picked":"SKIP","floor":14.0},{"not_picked":["Variant","Bloodbath"],"picked":"CrumblingArmor","floor":16.0},{"not_picked":["Mimicry"],"picked":"GoldRush","floor":16.0},{"not_picked":["LongBird","Rudolta"],"picked":"WallGazer","floor":18.0},{"not_picked":["Lantern","CUTE"],"picked":"SKIP","floor":18.0},{"not_picked":["Yin","MHz"],"picked":"FairyFestival","floor":21.0},{"not_picked":["Harvest","BlackSwan_ego"],"picked":"SKIP","floor":21.0},{"not_picked":["Freischutz","Wellcheers"],"picked":"QueenBee","floor":22.0},{"not_picked":["Regret_ego"],"picked":"TodaysExpression","floor":22.0},{"not_picked":["SpiderBud","Wellcheers"],"picked":"SnowQueen","floor":24},{"not_picked":["RapturousDream","Tough"],"picked":"Horn+1","floor":24},{"not_picked":["Bloodbath","Woodsman","Freischutz"],"picked":"Singing Bowl","floor":27},{"not_picked":["PunishingBird","BeautyBeast"],"picked":"Rudolta","floor":27},{"not_picked":["MagicBullet","Penitence","Christmas"],"picked":"SKIP","floor":27},{"not_picked":["GreedKing","Murderer"],"picked":"LittleHelper","floor":28},{"not_picked":["CrimsonScar+1","CUTE","TodaysExpression+1"],"picked":"SKIP","floor":28}],"player_experience":1086357,"relics_obtained":[{"floor":1.0,"key":"LetterFromLob"},{"floor":6.0,"key":"Whetstone"},{"floor":9.0,"key":"Bronze Scales"},{"floor":13.0,"key":"Tiny Chest"},{"floor":24,"key":"Letter Opener"},{"floor":26,"key":"Mummified Hand"}],"event_choices":[{"damage_healed":0.0,"max_hp_gain":0.0,"max_hp_loss":5.0,"gold_gain":0.0,"event_name":"Golden Idol","player_choice":"Lose Max HP","floor":2.0,"gold_loss":0.0,"damage_taken":0.0,"relics_obtained":["Golden Idol"]},{"damage_healed":0.0,"max_hp_gain":0.0,"max_hp_loss":0.0,"gold_gain":0.0,"event_name":"Scrap Ooze","player_choice":"Success","floor":4.0,"gold_loss":0.0,"damage_taken":12.0,"relics_obtained":["Omamori"]},{"damage_healed":0.0,"max_hp_gain":0.0,"max_hp_loss":0.0,"gold_gain":0.0,"event_name":"Shining Light","player_choice":"Ignored","floor":5.0,"gold_loss":0.0,"damage_taken":0.0},{"damage_healed":0.0,"max_hp_gain":0.0,"max_hp_loss":0.0,"gold_gain":0.0,"event_name":"The Woman in Blue","player_choice":"Bought 0 Potions","floor":7.0,"gold_loss":0.0,"damage_taken":0.0},{"damage_healed":0.0,"max_hp_gain":0.0,"max_hp_loss":0.0,"gold_gain":0.0,"event_name":"Addict","player_choice":"Obtained Relic","floor":20.0,"gold_loss":85.0,"damage_taken":0.0,"relics_obtained":["Boot"]},{"damage_healed":0,"gold_gain":0,"player_choice":"Upgraded","damage_taken":0,"max_hp_gain":0,"max_hp_loss":0,"event_name":"Upgrade Shrine","floor":25,"gold_loss":0,"cards_upgraded":["DaCapo"]}],"is_beta":false,"boss_relics":[{"not_picked":["Tiny House","Coffee Dripper"],"picked":"Fusion Hammer"}],"items_purged_floors":[],"is_endless":false,"potions_floor_spawned":[11,12,13,14,18,21,27],"killed_by":"Snake Plant","ascension_level":0}}