{"host":"laaugowj4oxtps61","time":1610010415,"event":{"mods":["2.2 Compatiblity","AchievementEnabler","Act Like it!","BaseMod","Better Third Choice","Conspire","Curses Come First","Downfall","Hubris","Hyrulean Relics","Infinite Spire","Minty Spire (QoL Compilation)","Nova Terra(??·??)","Pale of the Ancients","Prisma Mod","Rare Cards Sparkle","Replay The Spire","SOS???????","Small Relic Pack","StSLib","The Bug Knight","The Cursed","The Death Knight","The Exalted","The Kombatant","The Saiyan","The Servant 0.9.4","The Wild Card","TheHero","TheVelvet","vexMod"],"gold_per_floor":[216,191,208,220,170,170,26,26,26,26,26,40,97,136,136,166,166],"floor_reached":16,"playtime":906,"items_purged":[],"score":100,"play_id":"8704d43a-6543-4196-9f0a-d38e85e15434","local_time":"20210107030655","is_ascension_mode":false,"campfire_choices":[{"floor":6,"key":"RECALL"},{"data":"Iron Wave","floor":8,"key":"SMITH"},{"data":"conspire:SpireCoStock","floor":10,"key":"SMITH"},{"floor":15,"key":"REST"}],"circlet_count":0,"master_deck":["Strike_R","Strike_R","Strike_R","Strike_R","Strike_R","Defend_R","Defend_R","Defend_R","Defend_R","Bash","Iron Wave+1","Ghostly Armor","Uppercut","conspire:SpireCoStock+1","Intimidate","Flex","Cleave"],"relics":["Burning Blood","vexMod:BarristanHead","infinitespire:Lychee Nut"],"acts_visited":["Exordium"],"potions_floor_usage":[16,16],"damage_taken":[{"damage":10,"enemies":"Jaw Worm","floor":1,"turns":5},{"damage":2,"enemies":"Small Slimes","floor":3,"turns":4},{"damage":0,"enemies":"Cultist","floor":4,"turns":4},{"damage":14,"enemies":"Lots of Slimes","floor":12,"turns":5},{"damage":28,"enemies":"Lagavulin","floor":13,"turns":8},{"damage":9,"enemies":"Blue Slaver","floor":14,"turns":4},{"damage":84,"enemies":"Hexaghost","floor":16,"turns":12}],"seed_played":"4930134330847613567","potions_obtained":[{"floor":3,"key":"conspire:TimeTravelPotion"},{"floor":13,"key":"Adrenaline Potion"}],"is_trial":false,"path_per_floor":["M","?","M","M","?","R","$","R","T","R","?","M","E","M","R","B"],"character_chosen":"IRONCLAD","items_purchased":["vexMod:BarristanHead"],"campfire_rested":1,"item_purchase_floors":[7],"current_hp_per_floor":[76,76,80,80,80,80,80,80,80,80,72,64,42,45,60,0,0],"gold":166,"neow_bonus":"HUNDRED_GOLD","is_daily":false,"chose_seed":false,"campfire_upgraded":2,"win_rate":0.0,"timestamp":1610010415,"path_taken":["M","?","M","M","?","R","$","R","T","R","?","?","E","?","R","BOSS"],"items_purchased_type":["Relic"],"build_version":"2020-12-22","purchased_purges":0,"victory":false,"max_hp_per_floor":[80,80,80,80,80,80,80,80,80,80,80,80,60,60,60,60,60],"card_choices":[{"not_picked":["Flex","Twin Strike"],"picked":"Iron Wave","floor":1},{"not_picked":["Havoc","Entrench"],"picked":"Ghostly Armor","floor":3},{"not_picked":["Shockwave","Sever Soul"],"picked":"Uppercut","floor":4},{"not_picked":["Fire Breathing","Wild Strike"],"picked":"Intimidate","floor":12},{"not_picked":["Wild Strike","Juggernaut"],"picked":"Flex","floor":13},{"not_picked":["Blood for Blood","Combust"],"picked":"Cleave","floor":14}],"player_experience":482402,"relics_obtained":[{"floor":13,"key":"infinitespire:Lychee Nut"}],"event_choices":[{"damage_healed":0,"gold_gain":0,"player_choice":"Invest 1","damage_taken":0,"max_hp_gain":0,"max_hp_loss":0,"event_name":"conspire:Investor","floor":5,"gold_loss":0},{"damage_healed":0,"gold_gain":0,"player_choice":"Damaged","damage_taken":8,"max_hp_gain":0,"max_hp_loss":0,"event_name":"Wheel of Change","floor":11,"gold_loss":0}],"is_beta":false,"boss_relics":[],"items_purged_floors":[],"is_endless":false,"potions_floor_spawned":[3,13],"killed_by":"Hexaghost","ascension_level":0}}