{"host":"5fasz840ryq7obdf","time":1610034059,"event":{"mods":["2.2 Compatiblity","AchievementEnabler","BaseMod","Bestiary","Better Altar","Better Skull","Better Third Choice","BetterRewards","Block Reminder","Colored Powertips","Curses Come First","Minty Spire (QoL Compilation)","Quick Restart","Relic Sorter","Relic Stats","Replay The Spire","Shop Mod","Spicy Shops","StSLib","SuperFastMode","ojb\u0027s Better Paths Mod","ojb\u0027s Info Mod"],"gold_per_floor":[110,26,43,43,56,81,81,113,113,130,163,213,62,74,74,146,146,165,165,165,185,185,212,232,262,262,277,289,122,140,174,174,253,253,273,289,301,301,301,330,42,74,86,117,183,207,219,265,277,289,301,313,325,2,33,33],"floor_reached":57,"playtime":2875,"items_purged":["Strike_G","Strike_G","Strike_G","Strike_G","Strike_G","Defend_G","Defend_G+1","Defend_G+1","Defend_G+1"],"score":4269,"play_id":"14490721-be2b-41ce-b2a9-874660d0eabf","local_time":"20210107154059","is_ascension_mode":true,"campfire_choices":[{"data":"Neutralize","floor":7.0,"key":"SMITH"},{"floor":15.0,"key":"DIG"},{"floor":32.0,"key":"RECALL"},{"data":"Catalyst","floor":47,"key":"SMITH"},{"data":"Leg Sweep","floor":47,"key":"SMITH"},{"data":"Footwork","floor":49,"key":"SMITH"},{"data":"Crippling Poison","floor":49,"key":"SMITH"},{"data":"Noxious Fumes","floor":53,"key":"SMITH"},{"data":"Expertise","floor":53,"key":"SMITH"}],"circlet_count":0,"master_deck":["AscendersBane","Defend_G+1","Survivor","Neutralize+1","Catalyst+1","Catalyst+1","Well Laid Plans+1","Tactician+1","ReplayTheSpireMod:Private Reserves+1","Replay:Poison Smokescreen+1","Draining Mist+1","ReplayTheSpireMod:Speed Training+1","Footwork+1","Backflip+1","Deadly Poison+1","Backflip+1","Dodge and Roll+1","Blur+1","Replay:Bag of Tricks+1","Burst+1","Blur+1","ReplayTheSpireMod:Necrosis+1","After Image+1","Night Terror+1","Noxious Fumes+1","Crippling Poison+1","Draining Mist+1","Footwork+1","Catalyst+1","Calculated Gamble+1","Doppelganger+1","Leg Sweep+1","Expertise+1","ReplayUltimateDefense+1","Tools of the Trade+1","Noxious Fumes+1","Noxious Fumes+1"],"relics":["Ring of the Snake","InkBottle","Replay:Accelerometer","Incense Burner","Membership Card","Golden Egg","DollysMirror","Torii","Orrery","Singing Bowl","OrangePellets","Mummified Hand","Oddly Smooth Stone","Calipers","TwistedFunnel","ReplayTheSpireMod:CursedCoin","Happy Flower","Art of War","Replay:Bottled Flurry","ReplayTheSpireMod:Lightbulb","Letter Opener","Replay:Bottled Eggs","Replay:Wax Seal","Black Star","MealTicket","Onion Ring","Regal Pillow","StrikeDummy","ClockworkSouvenir","Divine Protection","Blue Doll","Painkiller Herb","Replay:Arrowhead","Bottled Lightning","Guide Book","MawBank","Blue Candle","The Specimen","Gremlin Horn","ReplayTheSpireMod:Shallot","Ice Cream","TungstenRod"],"acts_visited":["Exordium","TheCity","TheBeyond","TheEnding"],"potions_floor_usage":[56],"damage_taken":[{"damage":0.0,"enemies":"Small Slimes","floor":1.0,"turns":2.0},{"damage":4.0,"enemies":"Cultist","floor":3.0,"turns":2.0},{"damage":0.0,"enemies":"2 Louse","floor":5.0,"turns":2.0},{"damage":0.0,"enemies":"Gremlin Nob","floor":6.0,"turns":2.0},{"damage":0.0,"enemies":"3 Sentries","floor":8.0,"turns":5.0},{"damage":0.0,"enemies":"Large Slime","floor":10.0,"turns":1.0},{"damage":0.0,"enemies":"Gremlin Nob","floor":11.0,"turns":1.0},{"damage":0.0,"enemies":"Exordium Wildlife","floor":14.0,"turns":3.0},{"damage":0.0,"enemies":"Hexaghost","floor":16.0,"turns":1.0},{"damage":0.0,"enemies":"3 Byrds","floor":18.0,"turns":2.0},{"damage":0.0,"enemies":"Spheric Guardian","floor":21.0,"turns":3.0},{"damage":13.0,"enemies":"Slavers","floor":23.0,"turns":4.0},{"damage":7.0,"enemies":"Snake Plant","floor":24.0,"turns":2.0},{"damage":2.0,"enemies":"Book of Stabbing","floor":25.0,"turns":3.0},{"damage":8.0,"enemies":"Shelled Parasite and Fungi","floor":27.0,"turns":3.0},{"damage":1.0,"enemies":"Chosen and Byrds","floor":28.0,"turns":3.0},{"damage":0.0,"enemies":"Snake Plant","floor":30.0,"turns":1.0},{"damage":8.0,"enemies":"Slavers","floor":31.0,"turns":4.0},{"damage":0.0,"enemies":"Collector","floor":33.0,"turns":3.0},{"damage":0.0,"enemies":"Orb Walker","floor":35.0,"turns":3.0},{"damage":1.0,"enemies":"3 Darklings","floor":36.0,"turns":4.0},{"damage":0.0,"enemies":"Transient","floor":37.0,"turns":4.0},{"damage":0,"enemies":"R_Hoarder","floor":40,"turns":2},{"damage":1,"enemies":"Giant Head","floor":42,"turns":2},{"damage":0,"enemies":"Jaw Worm Horde","floor":44,"turns":4},{"damage":0,"enemies":"2 Orb Walkers","floor":45,"turns":2},{"damage":0,"enemies":"4 Shapes","floor":46,"turns":2},{"damage":0,"enemies":"R_Hoarder","floor":48,"turns":2},{"damage":0,"enemies":"Time Eater","floor":50,"turns":3},{"damage":0,"enemies":"Donu and Deca","floor":51,"turns":5},{"damage":0,"enemies":"Shield and Spear","floor":55,"turns":2},{"damage":11,"enemies":"The Heart","floor":56,"turns":4}],"seed_played":"-8337330020366312117","potions_obtained":[{"floor":1.0,"key":"Doom Potion"},{"floor":3.0,"key":"Fire Potion"},{"floor":11.0,"key":"Poison Potion"},{"floor":23.0,"key":"FairyPotion"},{"floor":33.0,"key":"AttackPotion"},{"floor":42,"key":"Adrenaline Potion"}],"is_trial":false,"path_per_floor":["M","$","M","?","M","E","R","E","T","M","E","?","$","M","R","B",null,"M","$","?","M","?","E","M","E","T","M","M","$","M","E","R","B",null,"?","?","?","?","?","E","T","E","T","?","?","?","T","E","T","B","B",null,"T","T","E","B",null],"character_chosen":"THE_SILENT","items_purchased":["Membership Card","Golden Egg","Catalyst","DollysMirror","Well Laid Plans","Tactician","ReplayTheSpireMod:Private Reserves","Replay:Poison Smokescreen","Torii","Orrery","ReplayTheSpireMod:Speed Training","Footwork","Backflip","Singing Bowl","OrangePellets","Mummified Hand","Oddly Smooth Stone","Deadly Poison","Backflip","Calipers","Blur","Replay:Bag of Tricks","Burst","TwistedFunnel","ReplayTheSpireMod:CursedCoin","Happy Flower","Art of War","ReplayTheSpireMod:Necrosis","ClockworkSouvenir","ReplayUltimateDefense+1","Guide Book","Ice Cream","TungstenRod"],"campfire_rested":0,"item_purchase_floors":[0,0,0,0,0,0,0,0,0,0,0,0,0,0,0,0,0,0,0,0,0,0,0,0,0,0,2,13,29,41,41,54,54],"current_hp_per_floor":[24,24,22,22,22,24,24,26,26,28,30,22,22,22,22,22,67,67,67,67,67,67,56,49,47,47,41,42,57,59,53,53,53,82,82,83,85,85,85,85,96,95,95,97,97,99,99,101,101,101,101,102,102,102,102,91],"gold":33,"neow_bonus":"","is_daily":false,"chose_seed":false,"campfire_upgraded":7,"win_rate":0.0,"timestamp":1610034059,"path_taken":["M","$","M","?","M","E","R","E","T","?","E","?","$","M","R","BOSS","M","$","?","M","?","E","?","E","T","M","M","?","M","E","R","BOSS","?","?","?","?","?","E","T","E","T","?","?","?","T","E","T","BOSS","BOSS","T","T","E","BOSS"],"items_purchased_type":["Relic","Relic","Card","Relic","Card","Card","Card","Card","Relic","Relic","Card","Card","Card","Relic","Relic","Relic","Relic","Card","Card","Relic","Card","Card","Card","Relic","Relic","Relic","Relic","Card","Relic","Card","Relic","Relic","Relic"],"build_version":"2020-12-22","purchased_purges":9,"victory":true,"max_hp_per_floor":[72,72,74,74,74,76,76,78,78,80,82,82,82,82,82,82,82,82,82,82,82,82,84,84,84,84,86,88,88,90,92,92,92,92,92,94,96,96,96,96,96,96,96,98,98,100,100,102,102,102,102,102,102,102,102,102],"relic_stats":{"Regal Pillow":0,"Torii":16,"Singing Bowl":80,"Happy Flower":[106],"Gremlin Horn":[0,0],"counters":[246,936],"Blue Candle":[2],"Letter Opener":[483],"MawBank":144,"OrangePellets":[26],"Mummified Hand":[102],"MealTicket":26,"Art of War":[110],"Black Star":7,"obtain_stats":[{"TwistedFunnel":44,"Golden Egg":53,"Replay:Accelerometer":55,"Whetstone":43,"Ginger":55,"Bottled Tornado":46,"Boot":25,"Sling":0,"Old Coin":19,"Blood Vial":48,"Replay:Ringing Soul":11,"MealTicket":8,"HandDrill":0,"Replay:Bottled Flurry":6,"Kunai":27,"Replay:Wax Seal":0,"Pear":31,"Blue Candle":45,"Velvet Choker":17,"Pen Nib":49,"Replay:Ancient Bell":34,"Guardian:PocketSentry":37,"Paper Crane":0,"Akabeko":9,"SlaversCollar":34,"Runic Dome":34,"Bird Faced Urn":0,"Pandora\u0027s Box":19,"Kintsugi":17,"StrikeDummy":25,"Abe\u0027s Treasure":17,"Lantern":49,"Regal Pillow":27,"Torii":0,"Singing Bowl":44,"StoneCalendar":29,"Blue Doll":31,"Painkiller Herb":34,"Bag of Preparation":37,"Ancient Tea Set":6,"Smiling Mask":40,"Cursed Key":17,"Shovel":8,"Matryoshka":7,"Ninja Scroll":0,"Ring of Peace":5,"Toolbox":40,"WingedGreaves":39,"Chemical X":44,"Ring of Panic":19,"Replay:Bottled Eggs":11,"InkBottle":44,"Ring of the Snake":0,"Potion Belt":25,"The Specimen":0,"Golden Idol":3,"Basket Of Snakes":0,"Guardian:GemstoneGun":0,"Thread and Needle":0,"PreservedInsect":0,"The Courier":15,"champ:DeflectingBracers":0,"Omamori":31,"Ring of Greed":19,"Frozen Egg 2":0,"MawBank":3,"Replay:Arrowhead":42,"Ornamental Fan":44,"Orrery":0,"Turnip":34,"Art of War":0,"Garlic":10,"Durian":29,"Bottled Lightning":9,"ReplayTheSpireMod:Ring of Challenge":5,"ReplayTheSpireMod:Lightbulb":8,"Ice Cream":43,"Divine Protection":31,"Calipers":0,"Gremlin Horn":0,"Vajra":0,"HoveringKite":34,"Centennial Puzzle":50,"Lizard Tail":23,"HornCleat":25,"DollysMirror":48,"Strawberry":25,"Honey Jar":36,"Prayer Wheel":15,"Iron Hammer":9,"Toxic Egg 2":0,"Girya":0,"Happy Flower":0,"ReplayTheSpireMod:CursedCoin":23,"Dead Branch":55,"Oddly Smooth Stone":44,"Letter Opener":10,"War Paint":10,"Question Card":46,"Du-Vu Doll":48,"OrangePellets":0,"Replay:Baseball":55,"Bottled Flame":40,"ReplayTheSpireMod:Shallot":13,"Shuriken":25,"Bronze Scales":48,"Simple Rune":42,"Onion Ring":23,"Black Star":19,"ReplayTheSpireMod:TigerMarble":25,"Mirror":27,"ReplayTheSpireMod:DimensionalGlitch":36,"Meat on the Bone":30,"Pocketwatch":40,"ReplayFunnel":22,"Darkstone Periapt":48,"Mango":46,"Snake Skull":23,"Sizzling Blood":3,"Juzu Bracelet":31,"Incense Burner":0,"ClockworkSouvenir":0,"Frozen Eye":48,"Nunchaku":11,"Dream Catcher":31,"Replay:Bandana":8,"Tough Bandages":0,"Chameleon Ring":45,"Mummified Hand":49,"Tiny Chest":24,"Red Mask":33,"Replay:Bottled Snecko":47,"BargainBundle":0,"Replay:Towering Pillar of Hats":54,"Quantum Egg":50,"Guide Book":41,"Replay:WaspNest":21,"Orichalcum":27,"White Beast Statue":11,"Mercury Hourglass":38,"Strange Spoon":0,"Anchor":45,"Bag of Marbles":25,"Membership Card":0,"TungstenRod":0,"FossilizedHelix":10},{"TwistedFunnel":21,"Golden Egg":88,"Replay:Accelerometer":245,"Whetstone":51,"Ginger":119,"Bottled Tornado":22,"Boot":11,"Sling":120,"Old Coin":101,"Blood Vial":86,"Replay:Ringing Soul":32,"MealTicket":96,"HandDrill":59,"Replay:Bottled Flurry":218,"Kunai":12,"Replay:Wax Seal":90,"Pear":76,"Blue Candle":141,"Velvet Choker":159,"Pen Nib":86,"Replay:Ancient Bell":108,"Guardian:PocketSentry":202,"Paper Crane":0,"Akabeko":123,"SlaversCollar":167,"Runic Dome":200,"Bird Faced Urn":27,"Pandora\u0027s Box":37,"Kintsugi":100,"StrikeDummy":228,"Abe\u0027s Treasure":68,"Lantern":24,"Regal Pillow":73,"Torii":90,"Singing Bowl":141,"StoneCalendar":41,"Blue Doll":232,"Painkiller Herb":233,"Bag of Preparation":202,"Ancient Tea Set":62,"Smiling Mask":139,"Cursed Key":188,"Shovel":64,"Matryoshka":123,"Ninja Scroll":120,"Ring of Peace":61,"Toolbox":49,"WingedGreaves":18,"Chemical X":21,"Ring of Panic":101,"Replay:Bottled Eggs":221,"InkBottle":21,"Ring of the Snake":0,"Potion Belt":72,"The Specimen":90,"Golden Idol":61,"Basket Of Snakes":59,"Guardian:GemstoneGun":178,"Thread and Needle":120,"PreservedInsect":0,"The Courier":35,"champ:DeflectingBracers":148,"Omamori":43,"Ring of Greed":101,"Frozen Egg 2":148,"MawBank":1,"Replay:Arrowhead":20,"Ornamental Fan":21,"Orrery":57,"Turnip":108,"Art of War":0,"Garlic":32,"Durian":74,"Bottled Lightning":154,"ReplayTheSpireMod:Ring of Challenge":61,"ReplayTheSpireMod:Lightbulb":4,"Ice Cream":21,"Divine Protection":13,"Calipers":120,"Gremlin Horn":148,"Vajra":0,"HoveringKite":77,"Centennial Puzzle":25,"Lizard Tail":130,"HornCleat":11,"DollysMirror":174,"Strawberry":40,"Honey Jar":15,"Prayer Wheel":35,"Iron Hammer":64,"Toxic Egg 2":120,"Girya":59,"Happy Flower":90,"ReplayTheSpireMod:CursedCoin":39,"Dead Branch":147,"Oddly Smooth Stone":21,"Letter Opener":64,"War Paint":97,"Question Card":22,"Du-Vu Doll":23,"OrangePellets":57,"Replay:Baseball":89,"Bottled Flame":204,"ReplayTheSpireMod:Shallot":5,"Shuriken":72,"Bronze Scales":23,"Simple Rune":20,"Onion Ring":226,"Black Star":9,"ReplayTheSpireMod:TigerMarble":105,"Mirror":12,"ReplayTheSpireMod:DimensionalGlitch":46,"Meat on the Bone":133,"Pocketwatch":139,"ReplayFunnel":10,"Darkstone Periapt":53,"Mango":115,"Snake Skull":39,"Sizzling Blood":91,"Juzu Bracelet":107,"Incense Burner":120,"ClockworkSouvenir":120,"Frozen Eye":174,"Nunchaku":5,"Dream Catcher":13,"Replay:Bandana":31,"Tough Bandages":120,"Chameleon Ring":84,"Mummified Hand":24,"Tiny Chest":72,"Red Mask":45,"Replay:Bottled Snecko":115,"BargainBundle":0,"Replay:Towering Pillar of Hats":88,"Quantum Egg":25,"Guide Book":237,"Replay:WaspNest":102,"Orichalcum":40,"White Beast Statue":65,"Mercury Hourglass":80,"Strange Spoon":90,"Anchor":21,"Bag of Marbles":72,"Membership Card":0,"TungstenRod":0,"FossilizedHelix":5},{"TwistedFunnel":117,"Golden Egg":427,"Replay:Accelerometer":932,"Whetstone":243,"Ginger":526,"Bottled Tornado":123,"Boot":58,"Sling":532,"Old Coin":465,"Blood Vial":414,"Replay:Ringing Soul":168,"MealTicket":450,"HandDrill":286,"Replay:Bottled Flurry":858,"Kunai":65,"Replay:Wax Seal":434,"Pear":378,"Blue Candle":585,"Velvet Choker":653,"Pen Nib":414,"Replay:Ancient Bell":485,"Guardian:PocketSentry":807,"Paper Crane":0,"Akabeko":537,"SlaversCollar":682,"Runic Dome":801,"Bird Faced Urn":154,"Pandora\u0027s Box":186,"Kintsugi":463,"StrikeDummy":883,"Abe\u0027s Treasure":339,"Lantern":133,"Regal Pillow":365,"Torii":434,"Singing Bowl":585,"StoneCalendar":197,"Blue Doll":894,"Painkiller Herb":897,"Bag of Preparation":807,"Ancient Tea Set":307,"Smiling Mask":580,"Cursed Key":756,"Shovel":317,"Matryoshka":537,"Ninja Scroll":532,"Ring of Peace":299,"Toolbox":232,"WingedGreaves":98,"Chemical X":117,"Ring of Panic":465,"Replay:Bottled Eggs":865,"InkBottle":117,"Ring of the Snake":0,"Potion Belt":359,"The Specimen":434,"Golden Idol":299,"Basket Of Snakes":286,"Guardian:GemstoneGun":730,"Thread and Needle":532,"PreservedInsect":0,"The Courier":178,"champ:DeflectingBracers":613,"Omamori":205,"Ring of Greed":465,"Frozen Egg 2":613,"MawBank":3,"Replay:Arrowhead":110,"Ornamental Fan":117,"Orrery":277,"Turnip":485,"Art of War":0,"Garlic":168,"Durian":371,"Bottled Lightning":632,"ReplayTheSpireMod:Ring of Challenge":299,"ReplayTheSpireMod:Lightbulb":17,"Ice Cream":117,"Divine Protection":71,"Calipers":532,"Gremlin Horn":613,"Vajra":0,"HoveringKite":383,"Centennial Puzzle":138,"Lizard Tail":553,"HornCleat":58,"DollysMirror":709,"Strawberry":194,"Honey Jar":82,"Prayer Wheel":178,"Iron Hammer":317,"Toxic Egg 2":532,"Girya":286,"Happy Flower":434,"ReplayTheSpireMod:CursedCoin":191,"Dead Branch":606,"Oddly Smooth Stone":117,"Letter Opener":317,"War Paint":453,"Question Card":123,"Du-Vu Doll":128,"OrangePellets":277,"Replay:Baseball":429,"Bottled Flame":812,"ReplayTheSpireMod:Shallot":26,"Shuriken":359,"Bronze Scales":128,"Simple Rune":110,"Onion Ring":878,"Black Star":46,"ReplayTheSpireMod:TigerMarble":477,"Mirror":65,"ReplayTheSpireMod:DimensionalGlitch":218,"Meat on the Bone":562,"Pocketwatch":580,"ReplayFunnel":49,"Darkstone Periapt":253,"Mango":508,"Snake Skull":191,"Sizzling Blood":437,"Juzu Bracelet":481,"Incense Burner":532,"ClockworkSouvenir":532,"Frozen Eye":709,"Nunchaku":26,"Dream Catcher":71,"Replay:Bandana":165,"Tough Bandages":532,"Chameleon Ring":409,"Mummified Hand":133,"Tiny Chest":359,"Red Mask":212,"Replay:Bottled Snecko":508,"BargainBundle":0,"Replay:Towering Pillar of Hats":427,"Quantum Egg":138,"Guide Book":910,"Replay:WaspNest":469,"Orichalcum":194,"White Beast Statue":323,"Mercury Hourglass":393,"Strange Spoon":434,"Anchor":117,"Bag of Marbles":359,"Membership Card":0,"TungstenRod":0,"FossilizedHelix":26}],"InkBottle":[16],"TungstenRod":3,"Ring of the Snake":[252]},"card_choices":[{"not_picked":["Footwork","Noxious Fumes"],"picked":"Draining Mist","floor":0.0},{"not_picked":["Underhanded Strike","Sneak Up"],"picked":"Dodge and Roll","floor":0.0},{"not_picked":["Quick Slash","Storm of Steel"],"picked":"Poisoned Stab","floor":0.0},{"not_picked":["Terror","Hidden Blade","Skewer"],"picked":"Singing Bowl","floor":0.0},{"not_picked":["Cloak And Dagger","Deflect","Underhanded Strike"],"picked":"Singing Bowl","floor":0.0},{"not_picked":["Caltrops","Flechettes","Underhanded Strike"],"picked":"Singing Bowl","floor":1.0},{"not_picked":["Acrobatics","Backflip","Backstab"],"picked":"Singing Bowl","floor":3.0},{"not_picked":["Outmaneuver","Sucker Punch"],"picked":"Blur","floor":5.0},{"not_picked":["Slice","Quick Slash","Acrobatics"],"picked":"Singing Bowl","floor":6.0},{"not_picked":["Hidden Blade","Dagger Throw","Backstab"],"picked":"Singing Bowl","floor":8.0},{"not_picked":["Fluid Movement","Outmaneuver","PiercingWail"],"picked":"Singing Bowl","floor":10.0},{"not_picked":["ReplayTheSpireMod:The Works","Blade Dance","Underhanded Strike"],"picked":"Singing Bowl","floor":11.0},{"not_picked":["Masterful Stab","Bane"],"picked":"After Image","floor":14.0},{"not_picked":["Replay:Bag of Tricks","Atom Bomb"],"picked":"Night Terror","floor":16.0},{"not_picked":["Deflect","Quick Slash"],"picked":"Noxious Fumes","floor":18.0},{"not_picked":["Well Laid Plans","Hidden Blade"],"picked":"Draining Mist+1","floor":21.0},{"not_picked":["All Out Attack","Fluid Movement","Caltrops"],"picked":"Singing Bowl","floor":23.0},{"not_picked":["Sucker Punch","Outmaneuver"],"picked":"Catalyst","floor":24.0},{"not_picked":["Phantasmal Killer","Accuracy"],"picked":"Calculated Gamble+1","floor":25.0},{"not_picked":["Hidden Blade","Outmaneuver","ReplayTheSpireMod:Scrap Shanks+1"],"picked":"Singing Bowl","floor":27.0},{"not_picked":["Eviscerate","Flying Knee","Poisoned Stab"],"picked":"Singing Bowl","floor":28.0},{"not_picked":["Deflect","Sucker Punch","Dagger Spray"],"picked":"Singing Bowl","floor":30.0},{"not_picked":["Blade Dance","Flying Knee","Backstab"],"picked":"Singing Bowl","floor":31.0},{"not_picked":["Phantasmal Killer","Atom Bomb"],"picked":"Doppelganger","floor":33.0},{"not_picked":["Hidden Blade","Prepared"],"picked":"Leg Sweep","floor":35.0},{"not_picked":["Underhanded Strike","Tactician","Deadly Poison+1"],"picked":"Singing Bowl","floor":36.0},{"not_picked":["Endless Agony","Quick Slash","Deadly Poison+1"],"picked":"Singing Bowl","floor":37},{"not_picked":["Poisoned Stab+1","Hidden Blade"],"picked":"Expertise","floor":40},{"not_picked":["Flying Knee+1","PiercingWail+1"],"picked":"Tools of the Trade","floor":42},{"not_picked":["Poisoned Stab+1","Sucker Punch","Deflect"],"picked":"Singing Bowl","floor":44},{"not_picked":["Infinite Blades","Dagger Spray"],"picked":"Noxious Fumes","floor":45},{"not_picked":["Bullet Time","Blade Dance","Slice"],"picked":"Singing Bowl","floor":46},{"not_picked":["Cloak And Dagger","ReplayTheSpireMod:Speed Training+1","Night Terror"],"picked":"Singing Bowl","floor":48},{"not_picked":["Sucker Punch+1","Expertise"],"picked":"Noxious Fumes+1","floor":55}],"player_experience":1432301,"relics_obtained":[{"floor":6.0,"key":"Replay:Bottled Flurry"},{"floor":8.0,"key":"ReplayTheSpireMod:Lightbulb"},{"floor":9.0,"key":"Letter Opener"},{"floor":11.0,"key":"Replay:Bottled Eggs"},{"floor":15.0,"key":"Replay:Wax Seal"},{"floor":23.0,"key":"MealTicket"},{"floor":23.0,"key":"Onion Ring"},{"floor":25.0,"key":"Regal Pillow"},{"floor":25.0,"key":"StrikeDummy"},{"floor":31.0,"key":"Divine Protection"},{"floor":31.0,"key":"Blue Doll"},{"floor":40,"key":"Replay:Arrowhead"},{"floor":40,"key":"Bottled Lightning"},{"floor":42,"key":"InkBottle"},{"floor":42,"key":"MawBank"},{"floor":43,"key":"Blue Candle"},{"floor":45,"key":"The Specimen"},{"floor":48,"key":"Gremlin Horn"},{"floor":48,"key":"ReplayTheSpireMod:Shallot"},{"floor":55,"key":"Replay:Accelerometer"},{"floor":55,"key":"Incense Burner"}],"event_choices":[{"cards_removed":["ReplayTheSpireMod:Splinters"],"damage_healed":0.0,"max_hp_gain":0.0,"max_hp_loss":0.0,"gold_gain":0.0,"event_name":"Purifier","player_choice":"Purged","floor":4.0,"gold_loss":0.0,"damage_taken":0.0},{"damage_healed":0.0,"max_hp_gain":0.0,"max_hp_loss":0.0,"gold_gain":50.0,"event_name":"FaceTrader","player_choice":"Touch","floor":12.0,"gold_loss":0.0,"damage_taken":8.0},{"damage_healed":0.0,"max_hp_gain":0.0,"max_hp_loss":0.0,"gold_gain":0.0,"event_name":"The Library","player_choice":"Read","floor":20.0,"gold_loss":0.0,"damage_taken":0.0,"cards_obtained":["Crippling Poison"]},{"damage_healed":0.0,"max_hp_gain":0.0,"max_hp_loss":0.0,"gold_gain":0.0,"event_name":"Match and Keep!","player_choice":"1 cards matched","floor":22.0,"gold_loss":0.0,"damage_taken":0.0,"cards_obtained":["Footwork"]},{"cards_removed":["Poisoned Stab"],"damage_healed":0,"gold_gain":0,"player_choice":"Removed Attack","damage_taken":0,"max_hp_gain":0,"max_hp_loss":0,"event_name":"Falling","floor":38,"gold_loss":0},{"damage_healed":0,"gold_gain":0,"player_choice":"Ignored","damage_taken":0,"max_hp_gain":0,"max_hp_loss":0,"event_name":"Tomb of Lord Red Mask","floor":39,"gold_loss":0},{"damage_healed":0,"gold_gain":0,"player_choice":"Fight","damage_taken":0,"max_hp_gain":0,"max_hp_loss":0,"event_name":"Mysterious Sphere","floor":45,"gold_loss":0}],"is_beta":false,"boss_relics":[{"not_picked":["SacredBark","Ring of Chaos"],"picked":"Black Star"},{"not_picked":["Snecko Eye","ReplayTheSpireMod:DimensionalGlitch"],"picked":"Painkiller Herb"}],"items_purged_floors":[0,0,0,0,0,0,13,29,41],"is_endless":false,"potions_floor_spawned":[1,3,11,16,18,21,23,28,33,37,40,42,45],"ascension_level":20}}