{"host":"JIN","time":1610013769,"event":{"mods":["BaseMod","Custom Start","DeckTracker","Minty Spire (QoL Compilation)","Shop Mod","StSLib","SuperFastMode"],"gold_per_floor":[220,270,290,40,53,53,76,119,119,199,222,247,282,295,295,388,388,412,435,485,579,197,250,250,287,314,356,386,386,436,450,450,553,553,587,178,217,267,98,98,73,132,202,231,270,293,293,343,343,343,343,343,343,10,50,50],"floor_reached":57,"playtime":2545,"items_purged":["Strike_G","Defend_G","Strike_G","Strike_G","Defend_G"],"score":3014,"play_id":"0f83c2fb-d99e-47cd-bc99-ed92190a67e0","local_time":"20210107190249","is_ascension_mode":true,"campfire_choices":[{"data":"Apotheosis","floor":6.0,"key":"SMITH"},{"data":"Terror","floor":15,"key":"SMITH"},{"floor":24,"key":"REST"},{"floor":29,"key":"RECALL"},{"floor":32,"key":"REST"},{"floor":40,"key":"REST"},{"floor":47,"key":"REST"},{"floor":49,"key":"REST"},{"floor":53,"key":"REST"}],"circlet_count":0,"master_deck":["Strike_G","Strike_G","Defend_G","Defend_G","Survivor","Neutralize","Backflip","Dagger Spray","Footwork","Backflip","Apotheosis+1","Dodge and Roll","Acrobatics","Crippling Poison","Blur","Terror+1","Cloak And Dagger","Accuracy","Envenom","After Image","Blade Dance","Noxious Fumes","Footwork","Backflip","Deflect","Blur","Calculated Gamble","Riddle With Holes","Blade Dance","Envenom","Blade Dance+1","Cloak And Dagger","Cloak And Dagger","After Image","Infinite Blades","Accuracy","Secret Technique","Catalyst+1","Catalyst"],"relics":["Ring of the Snake","Question Card","Prayer Wheel","Membership Card","The Courier","Smiling Mask","Golden Idol","Omamori","SsserpentHead","Black Star","Toy Ornithopter","Potion Belt","Anchor","Torii","Boot","Ornamental Fan","Snake Skull","StrikeDummy","HoveringKite","Red Mask","Gambling Chip","CaptainsWheel","Juzu Bracelet","CeramicFish","Nunchaku","White Beast Statue","Paper Crane","Necronomicon","Fusion Hammer","MealTicket","Regal Pillow","Ancient Tea Set","Bag of Preparation","Lizard Tail","TwistedFunnel","Gremlin Horn","Lantern","Letter Opener","Mercury Hourglass","Pen Nib","Oddly Smooth Stone","Akabeko","Vajra"],"acts_visited":["Exordium","TheCity","TheBeyond","TheEnding"],"potions_floor_usage":[16,16,21,21,21,27,37,56,56,56,56],"damage_taken":[{"damage":3.0,"enemies":"2 Louse","floor":1.0,"turns":2.0},{"damage":0.0,"enemies":"Jaw Worm","floor":3.0,"turns":4.0},{"damage":1.0,"enemies":"Small Slimes","floor":5.0,"turns":3.0},{"damage":0.0,"enemies":"Exordium Wildlife","floor":7.0,"turns":2.0},{"damage":10.0,"enemies":"3 Sentries","floor":8.0,"turns":7.0},{"damage":12,"enemies":"Exordium Thugs","floor":11,"turns":4},{"damage":0,"enemies":"2 Fungi Beasts","floor":12,"turns":3},{"damage":0,"enemies":"Lagavulin","floor":13,"turns":7},{"damage":0,"enemies":"Looter","floor":14,"turns":4},{"damage":22,"enemies":"Slime Boss","floor":16,"turns":11},{"damage":9,"enemies":"Chosen","floor":18,"turns":5},{"damage":0,"enemies":"3 Byrds","floor":19,"turns":4},{"damage":0,"enemies":"Masked Bandits","floor":21,"turns":3},{"damage":25,"enemies":"Slavers","floor":23,"turns":6},{"damage":2,"enemies":"Shelled Parasite and Fungi","floor":25,"turns":5},{"damage":23,"enemies":"Gremlin Leader","floor":27,"turns":6},{"damage":0,"enemies":"Snake Plant","floor":28,"turns":5},{"damage":0,"enemies":"Centurion and Healer","floor":31,"turns":4},{"damage":0,"enemies":"Champ","floor":33,"turns":8},{"damage":0,"enemies":"3 Darklings","floor":35,"turns":5},{"damage":0,"enemies":"Orb Walker","floor":37,"turns":3},{"damage":0,"enemies":"Jaw Worm Horde","floor":44,"turns":2},{"damage":1,"enemies":"Giant Head","floor":45,"turns":5},{"damage":0,"enemies":"Sphere and 2 Shapes","floor":46,"turns":4},{"damage":0,"enemies":"Donu and Deca","floor":50,"turns":8},{"damage":63,"enemies":"Awakened One","floor":51,"turns":13},{"damage":10,"enemies":"Shield and Spear","floor":55,"turns":5},{"damage":32,"enemies":"The Heart","floor":56,"turns":6}],"seed_played":"-994933763244161445","potions_obtained":[{"floor":1.0,"key":"Dexterity Potion"},{"floor":3.0,"key":"Block Potion"},{"floor":11,"key":"Explosive Potion"},{"floor":12,"key":"Energy Potion"},{"floor":16,"key":"CunningPotion"},{"floor":18,"key":"AttackPotion"},{"floor":21,"key":"SteroidPotion"},{"floor":23,"key":"DistilledChaos"},{"floor":28,"key":"Dexterity Potion"},{"floor":31,"key":"Weak Potion"},{"floor":37,"key":"Fruit Juice"},{"floor":44,"key":"Weak Potion"},{"floor":46,"key":"Block Potion"}],"is_trial":false,"path_per_floor":["M","?","M","$","M","R","M","E","T","?","M","M","E","M","R","B",null,"M","M","?","?","$","E","R","M","T","E","M","R","?","M","R","B",null,"M","$","M","?","$","R","$","?","T","M","E","M","R","?","R","B","B",null,"R","$","E","B",null],"character_chosen":"THE_SILENT","items_purchased":["Apotheosis","Potion Belt","Anchor","Gambling Chip","CaptainsWheel","Noxious Fumes","Footwork","Backflip","MealTicket","Regal Pillow","Ancient Tea Set","Bag of Preparation","Lizard Tail","TwistedFunnel","After Image","Infinite Blades","Accuracy","Letter Opener","Mercury Hourglass","Pen Nib","Oddly Smooth Stone"],"campfire_rested":6,"item_purchase_floors":[4,4,4,22,22,22,22,22,36,36,36,36,36,39,39,41,41,54,54,54,54],"current_hp_per_floor":[56,45,45,45,44,44,44,34,34,34,22,22,22,22,22,10,52,43,43,43,58,58,33,52,50,50,32,32,32,11,11,30,30,57,57,57,67,67,71,71,71,71,71,71,70,70,71,71,71,71,8,55,71,71,61,39],"gold":50,"neow_bonus":"HUNDRED_GOLD","is_daily":false,"chose_seed":false,"campfire_upgraded":2,"win_rate":0.0,"timestamp":1610013769,"path_taken":["M","?","M","$","M","R","M","E","T","?","M","M","E","M","R","BOSS","M","M","?","?","$","E","R","M","T","E","M","R","?","M","R","BOSS","M","$","M","?","$","R","?","?","T","M","E","M","R","?","R","BOSS","BOSS","R","$","E","BOSS"],"items_purchased_type":["Card","Relic","Relic","Relic","Relic","Card","Card","Card","Relic","Relic","Relic","Relic","Relic","Relic","Card","Card","Card","Relic","Relic","Relic","Relic"],"build_version":"2020-12-18","purchased_purges":5,"victory":true,"max_hp_per_floor":[66,66,66,66,66,66,66,66,66,66,66,66,66,66,66,66,66,66,66,66,66,66,66,66,66,66,66,66,66,66,66,66,66,66,66,66,71,71,71,71,71,71,71,71,71,71,71,71,71,71,71,71,71,71,71,71],"card_choices":[{"not_picked":["Caltrops","Dodge and Roll","Outmaneuver"],"picked":"Backflip","floor":1.0},{"not_picked":["PiercingWail","Accuracy","Dagger Throw"],"picked":"Dagger Spray","floor":1.0},{"not_picked":["Caltrops","Envenom","Underhanded Strike"],"picked":"Footwork","floor":3.0},{"not_picked":["PiercingWail","All Out Attack","Flechettes"],"picked":"Backflip","floor":3.0},{"not_picked":["Underhanded Strike","Setup","Endless Agony"],"picked":"Dodge and Roll","floor":5.0},{"not_picked":["Dagger Spray","Expertise","Underhanded Strike","Riddle With Holes"],"picked":"SKIP","floor":5.0},{"not_picked":["Dash","Dodge and Roll","Predator"],"picked":"Acrobatics","floor":7.0},{"not_picked":["Masterful Stab","Slice","Sucker Punch","Bullet Time"],"picked":"SKIP","floor":7.0},{"not_picked":["Sucker Punch","Deadly Poison","Slice"],"picked":"Crippling Poison","floor":8.0},{"not_picked":["Bane","Backflip","Doppelganger"],"picked":"Blur","floor":11},{"not_picked":["Well Laid Plans","Concentrate","Dodge and Roll"],"picked":"Terror","floor":11},{"not_picked":["Slice","PiercingWail","Leg Sweep"],"picked":"Cloak And Dagger","floor":12},{"not_picked":["PiercingWail","Tactician","Infinite Blades","Backflip"],"picked":"SKIP","floor":12},{"not_picked":["Catalyst","Concentrate","Heel Hook"],"picked":"Accuracy","floor":13},{"not_picked":["Dagger Throw","Deadly Poison","Flying Knee","Setup"],"picked":"SKIP","floor":14},{"not_picked":["Underhanded Strike","Distraction","Outmaneuver","Quick Slash"],"picked":"SKIP","floor":14},{"not_picked":["Unload","Grand Finale","Venomology"],"picked":"Envenom","floor":16},{"not_picked":["Flying Knee","Dagger Spray","Eviscerate"],"picked":"Bane","floor":18},{"not_picked":["Prepared","PiercingWail","Sucker Punch","Deflect+1"],"picked":"SKIP","floor":18},{"not_picked":["Deadly Poison","Sucker Punch","Dash"],"picked":"After Image","floor":19},{"not_picked":["Dash","Outmaneuver","Backstab","Concentrate"],"picked":"SKIP","floor":19},{"not_picked":["Choke","Sucker Punch","Blur"],"picked":"Blade Dance","floor":21},{"not_picked":["All Out Attack","Backstab","Acrobatics"],"picked":"Deflect","floor":23},{"not_picked":["Caltrops","Dagger Throw","Deflect"],"picked":"Blur","floor":25},{"not_picked":["Dodge and Roll+1","Outmaneuver","Expertise"],"picked":"Calculated Gamble","floor":25},{"not_picked":["Heel Hook","Expertise","Dash"],"picked":"Riddle With Holes","floor":27},{"not_picked":["Leg Sweep","Sucker Punch","Dagger Throw+1"],"picked":"Blade Dance","floor":28},{"not_picked":["Caltrops","Blur","Prepared","Backstab"],"picked":"SKIP","floor":28},{"not_picked":["Dash","Unload","Outmaneuver","Deadly Poison"],"picked":"SKIP","floor":31},{"not_picked":["Dash","Dagger Throw","Outmaneuver","Backflip"],"picked":"SKIP","floor":31},{"not_picked":["Wraith Form v2","Storm of Steel","Phantasmal Killer"],"picked":"Envenom","floor":33},{"not_picked":["Deadly Poison","Endless Agony","Underhanded Strike+1"],"picked":"Blade Dance+1","floor":35},{"not_picked":["PiercingWail","Deadly Poison","Bane","Dagger Spray"],"picked":"SKIP","floor":35},{"not_picked":["Riddle With Holes","Escape Plan","Deflect"],"picked":"Cloak And Dagger","floor":37},{"not_picked":["Choke+1","Calculated Gamble","Cloak And Dagger","Skewer+1"],"picked":"SKIP","floor":37},{"not_picked":["Choke+1","Calculated Gamble","Skewer+1"],"picked":"Cloak And Dagger","floor":37},{"not_picked":["The Bomb","Apotheosis","Enlightenment"],"picked":"Secret Technique","floor":42},{"not_picked":["Slice+1","Prepared","Flying Knee+1"],"picked":"Catalyst+1","floor":44},{"not_picked":["Poisoned Stab","Dodge and Roll","Deflect","Cloak And Dagger+1"],"picked":"SKIP","floor":44},{"not_picked":["Doppelganger","Slice","Well Laid Plans+1","Predator"],"picked":"SKIP","floor":45},{"not_picked":["Cloak And Dagger","Sucker Punch","Calculated Gamble+1"],"picked":"Catalyst","floor":46},{"not_picked":["Dodge and Roll+1","Bouncing Flask+1","Backstab","Dagger Spray+1"],"picked":"SKIP","floor":46},{"not_picked":["Riddle With Holes","Well Laid Plans+1","Sucker Punch","Acrobatics"],"picked":"SKIP","floor":55}],"player_experience":1200388,"relics_obtained":[{"floor":8.0,"key":"Torii"},{"floor":8.0,"key":"Boot"},{"floor":9.0,"key":"Ornamental Fan"},{"floor":13,"key":"Snake Skull"},{"floor":13,"key":"StrikeDummy"},{"floor":21,"key":"Red Mask"},{"floor":23,"key":"Juzu Bracelet"},{"floor":23,"key":"CeramicFish"},{"floor":26,"key":"Nunchaku"},{"floor":27,"key":"White Beast Statue"},{"floor":27,"key":"Paper Crane"},{"floor":30,"key":"Necronomicon"},{"floor":45,"key":"Gremlin Horn"},{"floor":45,"key":"Lantern"},{"floor":55,"key":"Akabeko"},{"floor":55,"key":"Vajra"}],"event_choices":[{"damage_healed":0.0,"max_hp_gain":0.0,"max_hp_loss":0.0,"gold_gain":0.0,"event_name":"Scrap Ooze","player_choice":"Success","floor":2.0,"gold_loss":0.0,"damage_taken":11.0,"relics_obtained":["Toy Ornithopter"]},{"damage_healed":0,"gold_gain":30,"player_choice":"Searched \u00271\u0027 times","damage_taken":0,"max_hp_gain":0,"max_hp_loss":0,"event_name":"Dead Adventurer","floor":10,"gold_loss":0},{"damage_healed":0,"gold_gain":0,"player_choice":"Ignored","damage_taken":0,"max_hp_gain":0,"max_hp_loss":0,"event_name":"Vampires","floor":20,"gold_loss":0},{"damage_healed":0,"gold_gain":0,"player_choice":"Fought Bandits","damage_taken":0,"max_hp_gain":0,"max_hp_loss":0,"event_name":"Masked Bandits","floor":21,"gold_loss":0},{"damage_healed":0,"gold_gain":0,"player_choice":"Obtained Book","damage_taken":21,"max_hp_gain":0,"max_hp_loss":0,"event_name":"Cursed Tome","floor":30,"gold_loss":0},{"cards_removed":["Defend_G"],"damage_healed":0,"gold_gain":0,"player_choice":"Purged","damage_taken":0,"max_hp_gain":0,"max_hp_loss":0,"event_name":"Purifier","floor":38,"gold_loss":0},{"damage_healed":0,"gold_gain":0,"player_choice":"Memory 1","damage_taken":0,"max_hp_gain":0,"max_hp_loss":0,"event_name":"SensoryStone","floor":42,"gold_loss":0},{"cards_removed":["Bane"],"damage_healed":0,"gold_gain":0,"player_choice":"Removed Attack","damage_taken":0,"max_hp_gain":0,"max_hp_loss":0,"event_name":"Falling","floor":48,"gold_loss":0}],"is_beta":true,"boss_relics":[{"not_picked":["Black Star","Philosopher\u0027s Stone"],"picked":"HoveringKite"},{"not_picked":["SlaversCollar","Busted Crown"],"picked":"Fusion Hammer"}],"items_purged_floors":[4,22,36,39,41],"is_endless":false,"potions_floor_spawned":[1,3,11,12,16,18,21,23,28,31,33,35,37,44,45,46,55],"ascension_level":20}}