{"host":"raaimkojny05jekw","time":1610008410,"event":{"mods":["AchievementEnabler","BaseMod","Colored Map","Colored Powertips","DeckTracker","Minty Spire (QoL Compilation)","Quick Restart","Rare Cards Sparkle","everything is the same but u backflip on backflip"],"gold_per_floor":[119,35,48,48,64,64,396,396,396,396,411,431,199,199,199,304,304,316,316,55,55,65,65,100,100,100,130,130,142,159,5,5,103,103,121,21,40,140,11,11,29,29,29,59,77,77,88,88,88,88,88],"floor_reached":50,"playtime":1592,"items_purged":["Strike_R","Bite"],"score":717,"play_id":"962df7d1-46c2-48bf-8e73-04f26ea3570f","local_time":"20210107173330","is_ascension_mode":true,"campfire_choices":[{"data":"Sword Boomerang","floor":6,"key":"SMITH"},{"data":"Evolve","floor":8,"key":"SMITH"},{"data":"Inflame","floor":10,"key":"SMITH"},{"data":"Wild Strike","floor":15,"key":"SMITH"},{"data":"Limit Break","floor":23,"key":"SMITH"},{"data":"J.A.X.","floor":25,"key":"SMITH"},{"floor":32,"key":"REST"},{"data":"Battle Trance","floor":40,"key":"SMITH"},{"data":"Heavy Blade","floor":42,"key":"SMITH"},{"data":"Rupture","floor":46,"key":"SMITH"},{"floor":49,"key":"REST"}],"circlet_count":0,"master_deck":["Defend_R","Defend_R","Defend_R","Defend_R","Bash+1","Evolve+1","Inflame+1","Wild Strike+1","Power Through","Sword Boomerang+1","Bloodletting","Dropkick","Ghostly Armor","Limit Break+1","J.A.X.+1","Pummel","Seeing Red+1","Heavy Blade+1","Bite","Bite","Bite","Bite","Battle Trance+1","Flame Barrier","Fiend Fire","Evolve+1","Seeing Red","Power Through","Rupture+1","Clothesline","Shrug It Off","Madness","Madness"],"relics":["Burning Blood","Art of War","Old Coin","White Beast Statue","Juzu Bracelet","Centennial Puzzle","SlaversCollar","Gremlin Horn","Strawberry","Question Card","Regal Pillow","Mark of Pain","Pear","Peace Pipe"],"acts_visited":["Exordium","TheCity","TheBeyond"],"potions_floor_usage":[16,18,22,22,27,27,27,30,30,33,35,41,41,44,45,45,50,50],"damage_taken":[{"damage":8,"enemies":"Jaw Worm","floor":1,"turns":4},{"damage":6,"enemies":"Cultist","floor":3,"turns":4},{"damage":1,"enemies":"2 Louse","floor":5,"turns":2},{"damage":24,"enemies":"Gremlin Nob","floor":7,"turns":4},{"damage":3,"enemies":"Exordium Wildlife","floor":11,"turns":3},{"damage":12,"enemies":"Large Slime","floor":12,"turns":4},{"damage":28,"enemies":"Hexaghost","floor":16,"turns":6},{"damage":21,"enemies":"Shell Parasite","floor":18,"turns":6},{"damage":24,"enemies":"2 Thieves","floor":22,"turns":4},{"damage":3,"enemies":"Gremlin Leader","floor":24,"turns":5},{"damage":8,"enemies":"Slavers","floor":27,"turns":4},{"damage":29,"enemies":"Centurion and Healer","floor":29,"turns":6},{"damage":26,"enemies":"Snake Plant","floor":30,"turns":3},{"damage":12,"enemies":"Collector","floor":33,"turns":6},{"damage":19,"enemies":"3 Darklings","floor":35,"turns":6},{"damage":10,"enemies":"Orb Walker","floor":37,"turns":2},{"damage":9,"enemies":"Spire Growth","floor":41,"turns":3},{"damage":44,"enemies":"Giant Head","floor":44,"turns":6},{"damage":44,"enemies":"Maw","floor":45,"turns":6},{"damage":40,"enemies":"Transient","floor":47,"turns":5},{"damage":84,"enemies":"Awakened One","floor":50,"turns":4}],"seed_played":"8845344520225294378","potions_obtained":[{"floor":5,"key":"EssenceOfSteel"},{"floor":7,"key":"FearPotion"},{"floor":11,"key":"Dexterity Potion"},{"floor":16,"key":"Dexterity Potion"},{"floor":18,"key":"LiquidBronze"},{"floor":22,"key":"GamblersBrew"},{"floor":24,"key":"PowerPotion"},{"floor":27,"key":"DuplicationPotion"},{"floor":29,"key":"DuplicationPotion"},{"floor":30,"key":"Dexterity Potion"},{"floor":33,"key":"Swift Potion"},{"floor":35,"key":"AttackPotion"},{"floor":37,"key":"DistilledChaos"},{"floor":41,"key":"DuplicationPotion"},{"floor":44,"key":"BlessingOfTheForge"},{"floor":45,"key":"BloodPotion"},{"floor":47,"key":"SkillPotion"}],"is_trial":false,"path_per_floor":["M","$","M","?","M","R","E","R","T","R","M","M","$","?","R","B",null,"M","?","$","?","M","R","E","R","T","E","?","M","M","$","R","B",null,"M","$","M","?","$","R","M","R","T","E","M","R","M","?","R","B"],"character_chosen":"IRONCLAD","items_purchased":["Inflame","Wild Strike","Juzu Bracelet","Gremlin Horn","Regal Pillow","Power Through","PowerPotion"],"campfire_rested":2,"item_purchase_floors":[2,2,13,20,31,39,39],"current_hp_per_floor":[78,78,78,78,80,80,62,62,62,62,65,59,59,41,41,19,80,65,50,50,50,32,32,42,42,42,40,40,27,15,15,57,59,92,87,87,87,87,87,87,88,88,98,68,54,54,28,15,60,0,0],"gold":88,"neow_bonus":"RANDOM_COMMON_RELIC","is_daily":false,"chose_seed":false,"campfire_upgraded":9,"win_rate":0.0,"timestamp":1610008410,"path_taken":["M","$","M","?","M","R","E","R","T","R","M","?","$","?","R","BOSS","M","?","$","?","M","R","E","R","T","E","?","M","M","$","R","BOSS","M","$","M","?","?","R","M","R","T","E","M","R","M","?","R","BOSS"],"items_purchased_type":["Card","Card","Relic","Relic","Relic","Card","Potion"],"build_version":"2020-12-22","purchased_purges":2,"victory":false,"max_hp_per_floor":[80,80,80,80,80,80,80,80,80,80,80,80,80,80,80,80,80,80,85,85,85,85,85,92,92,92,92,92,92,92,92,92,92,92,92,92,92,92,92,92,92,92,102,102,102,102,102,102,102,102,102],"card_choices":[{"not_picked":["Wild Strike","Thunderclap"],"picked":"Evolve","floor":1},{"not_picked":["Iron Wave","Thunderclap"],"picked":"Power Through","floor":3},{"not_picked":["Rampage","Headbutt"],"picked":"Sword Boomerang","floor":5},{"not_picked":["Disarm","Barricade"],"picked":"Bloodletting","floor":7},{"not_picked":["Flex","Body Slam"],"picked":"Dropkick","floor":11},{"not_picked":["Cleave","Clash"],"picked":"Ghostly Armor","floor":12},{"not_picked":["Offering","Exhume"],"picked":"Limit Break","floor":16},{"not_picked":["Sword Boomerang","Dual Wield","Sever Soul+1"],"picked":"SKIP","floor":18},{"not_picked":["Bloodletting","Entrench"],"picked":"Pummel","floor":22},{"not_picked":["Headbutt","Power Through"],"picked":"Seeing Red+1","floor":24},{"not_picked":["Rupture","Cleave","Entrench"],"picked":"Heavy Blade","floor":27},{"not_picked":["Shrug It Off","Clothesline","Armaments+1"],"picked":"Battle Trance","floor":29},{"not_picked":["Warcry+1","Corruption","Pommel Strike+1"],"picked":"Flame Barrier","floor":30},{"not_picked":["Barricade","Bludgeon","Corruption"],"picked":"Fiend Fire","floor":33},{"not_picked":["Twin Strike","Pommel Strike+1","Warcry"],"picked":"Evolve+1","floor":35},{"not_picked":["Hemokinesis","Havoc+1","Twin Strike"],"picked":"Seeing Red","floor":37},{"not_picked":["Dark Embrace","Heavy Blade+1","Clash"],"picked":"Rupture","floor":41},{"not_picked":["Body Slam","Perfected Strike","Corruption","Twin Strike+1"],"picked":"SKIP","floor":44},{"not_picked":["Flame Barrier","Sword Boomerang+1","Twin Strike"],"picked":"Clothesline","floor":45},{"not_picked":["Rampage+1","Metallicize+1","Clothesline+1"],"picked":"Shrug It Off","floor":47}],"player_experience":731313,"relics_obtained":[{"floor":7,"key":"Old Coin"},{"floor":9,"key":"White Beast Statue"},{"floor":24,"key":"Strawberry"},{"floor":26,"key":"Question Card"},{"floor":27,"key":"Blood Vial"},{"floor":43,"key":"Pear"},{"floor":44,"key":"Peace Pipe"}],"event_choices":[{"damage_healed":0,"gold_gain":0,"player_choice":"Forge","damage_taken":0,"max_hp_gain":0,"max_hp_loss":0,"event_name":"Accursed Blacksmith","floor":4,"gold_loss":0,"cards_upgraded":["Bash"]},{"damage_healed":0,"gold_gain":0,"player_choice":"Success","damage_taken":18,"relics_obtained":["Centennial Puzzle"],"max_hp_gain":0,"max_hp_loss":0,"event_name":"Scrap Ooze","floor":14,"gold_loss":0},{"damage_healed":0,"gold_gain":0,"player_choice":"Shed Blood","damage_taken":20,"max_hp_gain":5,"max_hp_loss":0,"event_name":"Forgotten Altar","floor":19,"gold_loss":0},{"damage_healed":0,"gold_gain":0,"player_choice":"Obtain J.A.X.","damage_taken":0,"max_hp_gain":0,"max_hp_loss":0,"event_name":"Drug Dealer","floor":21,"gold_loss":0,"cards_obtained":["J.A.X."]},{"damage_healed":0,"gold_gain":0,"player_choice":"Became a vampire (Vial)","damage_taken":0,"max_hp_gain":0,"max_hp_loss":0,"event_name":"Vampires","floor":28,"relics_lost":["Blood Vial"],"gold_loss":0,"cards_obtained":["Bite","Bite","Bite","Bite","Bite"]},{"damage_healed":0,"gold_gain":100,"player_choice":"Pray","damage_taken":0,"max_hp_gain":0,"max_hp_loss":0,"event_name":"Golden Shrine","floor":38,"gold_loss":0},{"damage_healed":0,"gold_gain":0,"player_choice":"Embrace Madness","damage_taken":13,"max_hp_gain":0,"max_hp_loss":0,"event_name":"Winding Halls","floor":48,"gold_loss":0,"cards_obtained":["Madness","Madness"]}],"is_beta":false,"boss_relics":[{"not_picked":["Pandora\u0027s Box","Black Star"],"picked":"SlaversCollar"},{"not_picked":["Fusion Hammer","Black Blood"],"picked":"Mark of Pain"}],"items_purged_floors":[13,36],"is_endless":false,"potions_floor_spawned":[5,7,11,12,16,18,22,24,27,29,30,33,35,37,41,44,45,47],"killed_by":"Awakened One","ascension_level":3}}