{"host":"y1gy3vaohdji07z5","time":1610054087,"event":{"mods":["AchievementEnabler","BaseMod","Colored Map","Colored Powertips","Hermit","Minty Spire (QoL Compilation)","Random Character Button","Rare Cards Sparkle","StSLib"],"gold_per_floor":[116,116,132,147,167,201,201,229,253,282,282,207,207,229,229,341,341,364,351,358,39,80,80,87,87],"floor_reached":24,"playtime":1506,"items_purged":["hermit:CalledShot","hermit:GhostlyPresence"],"score":248,"play_id":"e9651a58-19c8-4d4b-8e59-b1c9e0482eab","local_time":"20210107221447","is_ascension_mode":true,"campfire_choices":[{"data":"hermit:Maintenance","floor":7,"key":"SMITH"},{"data":"hermit:Scavenge","floor":15,"key":"SMITH"},{"floor":23,"key":"REST"}],"circlet_count":0,"master_deck":["hermit:Strike_Hermit","hermit:Strike_Hermit","hermit:Strike_Hermit","hermit:Strike_Hermit","hermit:Defend_Hermit","hermit:Defend_Hermit+1","hermit:Defend_Hermit","hermit:Defend_Hermit+1","hermit:Snapshot","hermit:Covet","hermit:Dive+1","hermit:Maintenance+1","hermit:Scavenge+1","hermit:Brawl","hermit:Maintenance+1","hermit:Brawl"],"relics":["hermit:Momento","NeowsBlessing","Molten Egg 2","War Paint","Omamori","MealTicket","Pantograph","Philosopher\u0027s Stone","DollysMirror","Red Mask"],"acts_visited":["Exordium","TheCity"],"potions_floor_usage":[8,16,20,22],"damage_taken":[{"damage":0,"enemies":"2 Louse","floor":1,"turns":1},{"damage":0,"enemies":"Cultist","floor":3,"turns":1},{"damage":0,"enemies":"Jaw Worm","floor":4,"turns":1},{"damage":6,"enemies":"Looter","floor":5,"turns":3},{"damage":7,"enemies":"Lagavulin","floor":6,"turns":10},{"damage":25,"enemies":"3 Sentries","floor":8,"turns":14},{"damage":12,"enemies":"Lagavulin","floor":10,"turns":8},{"damage":0,"enemies":"Red Slaver","floor":14,"turns":5},{"damage":10,"enemies":"Slime Boss","floor":16,"turns":17},{"damage":5,"enemies":"Spheric Guardian","floor":18,"turns":6},{"damage":16,"enemies":"2 Thieves","floor":19,"turns":4},{"damage":0,"enemies":"3 Cultists","floor":20,"turns":2},{"damage":46,"enemies":"Masked Bandits","floor":22,"turns":6},{"damage":51,"enemies":"Book of Stabbing","floor":24,"turns":6}],"seed_played":"4398052897504425786","potions_obtained":[{"floor":3,"key":"EssenceOfSteel"},{"floor":5,"key":"Swift Potion"},{"floor":8,"key":"SmokeBomb"},{"floor":19,"key":"SpeedPotion"}],"is_trial":false,"path_per_floor":["M","?","M","M","M","E","R","E","T","E","T","$","?","M","R","B",null,"M","M","M","$","?","R","E"],"character_chosen":"HERMIT","items_purchased":["DollysMirror","hermit:Brawl"],"campfire_rested":1,"item_purchase_floors":[21,21],"current_hp_per_floor":[75,75,75,75,69,62,62,37,37,25,25,40,40,40,40,55,75,70,54,54,69,23,45,0,0],"gold":87,"neow_bonus":"THREE_ENEMY_KILL","is_daily":false,"chose_seed":false,"campfire_upgraded":2,"win_rate":0.0,"timestamp":1610054087,"path_taken":["M","?","M","?","?","E","R","E","T","E","?","$","?","?","R","BOSS","M","M","M","$","?","R","E"],"items_purchased_type":["Relic","Card"],"build_version":"2020-12-22","purchased_purges":2,"victory":false,"max_hp_per_floor":[75,75,75,75,75,75,75,75,75,75,75,75,75,75,75,75,75,75,75,75,75,75,75,75,75],"card_choices":[{"not_picked":["hermit:TrackingShot","hermit:Coalescence"],"picked":"hermit:Dive","floor":1},{"not_picked":["hermit:Vantage","hermit:Combo"],"picked":"hermit:CalledShot","floor":3},{"not_picked":["hermit:Quickdraw","hermit:Misfire"],"picked":"hermit:GhostlyPresence","floor":4},{"not_picked":["hermit:HighCaliber","hermit:Roulette"],"picked":"hermit:Maintenance","floor":5},{"not_picked":["hermit:Feint","hermit:Roulette+1","hermit:CalledShot+1"],"picked":"SKIP","floor":6},{"not_picked":["hermit:Gambit","hermit:Enervate+1","hermit:CalledShot+1"],"picked":"SKIP","floor":8},{"not_picked":["hermit:Manifest","hermit:Midnight"],"picked":"hermit:Scavenge","floor":10},{"not_picked":["hermit:LowProfile","hermit:Glare","hermit:Cheat"],"picked":"SKIP","floor":14},{"not_picked":["hermit:TakeCover","hermit:Snipe"],"picked":"hermit:Brawl","floor":18},{"not_picked":["hermit:Combo","hermit:NoHoldsBarred+1","hermit:Spite+1"],"picked":"SKIP","floor":19}],"player_experience":411343,"relics_obtained":[{"floor":6,"key":"Molten Egg 2"},{"floor":8,"key":"War Paint"},{"floor":9,"key":"Omamori"},{"floor":10,"key":"MealTicket"},{"floor":11,"key":"Pantograph"},{"floor":22,"key":"Red Mask"}],"event_choices":[{"damage_healed":0,"gold_gain":0,"player_choice":"Upgraded","damage_taken":0,"max_hp_gain":0,"max_hp_loss":0,"event_name":"Upgrade Shrine","floor":2,"gold_loss":0,"cards_upgraded":["hermit:Dive"]},{"damage_healed":0,"gold_gain":0,"player_choice":"0 cards matched","damage_taken":0,"max_hp_gain":0,"max_hp_loss":0,"event_name":"Match and Keep!","floor":13,"gold_loss":0,"cards_obtained":[]},{"damage_healed":0,"gold_gain":0,"player_choice":"Fought Bandits","damage_taken":0,"max_hp_gain":0,"max_hp_loss":0,"event_name":"Masked Bandits","floor":22,"gold_loss":0}],"is_beta":false,"boss_relics":[{"not_picked":["Astrolabe","Velvet Choker"],"picked":"Philosopher\u0027s Stone"}],"items_purged_floors":[12,21],"is_endless":false,"potions_floor_spawned":[3,5,8,19],"killed_by":"Book of Stabbing","ascension_level":3}}