{"host":"b1nq0yziqa64sqqa","time":1610048238,"event":{"mods":["AchievementEnabler","BaseMod","Colored Powertips","Highlight Path","Minty Spire (QoL Compilation)","Quick Restart","StSLib","SuperFastMode"],"gold_per_floor":[112,125,125,50,65,65,65,76,99,52,65,75,91,102,102,204,204,184,202,52,52,52,52],"floor_reached":22,"playtime":899,"items_purged":["Regret"],"score":180,"play_id":"54c6dc10-33a1-495c-8d2b-210bd784c7ff","local_time":"20210107213718","is_ascension_mode":false,"campfire_choices":[{"floor":6,"key":"REST"},{"floor":15,"key":"REST"}],"circlet_count":0,"master_deck":["Strike_B","Strike_B","Strike_B","Strike_B","Defend_B","Defend_B","Defend_B","Defend_B","Zap","Dualcast","Writhe","Creative AI+1","Lockon","Auto Shields","BootSequence","Redo","Cold Snap","Compile Driver","Ball Lightning","Cold Snap","Rebound","Echo Form+1","Consume","Turbo+1"],"relics":["Cracked Core","Bag of Marbles","Art of War","Inserter","Ancient Tea Set"],"acts_visited":["Exordium","TheCity"],"potions_floor_usage":[13,16,19],"damage_taken":[{"damage":15,"enemies":"Jaw Worm","floor":1,"turns":5},{"damage":15,"enemies":"Cultist","floor":2,"turns":4},{"damage":20,"enemies":"2 Louse","floor":5,"turns":4},{"damage":18,"enemies":"Gremlin Gang","floor":8,"turns":7},{"damage":0,"enemies":"3 Louse","floor":11,"turns":4},{"damage":3,"enemies":"2 Fungi Beasts","floor":12,"turns":4},{"damage":2,"enemies":"Large Slime","floor":13,"turns":5},{"damage":8,"enemies":"3 Louse","floor":14,"turns":3},{"damage":33,"enemies":"The Guardian","floor":16,"turns":11},{"damage":24,"enemies":"2 Thieves","floor":18,"turns":5},{"damage":22,"enemies":"Shell Parasite","floor":19,"turns":6},{"damage":30,"enemies":"3 Cultists","floor":22,"turns":4}],"seed_played":"4972293031631209601","potions_obtained":[{"floor":2,"key":"BlessingOfTheForge"},{"floor":5,"key":"SpeedPotion"},{"floor":8,"key":"Block Potion"},{"floor":13,"key":"PotionOfCapacity"},{"floor":18,"key":"BlessingOfTheForge"}],"is_trial":false,"path_per_floor":["M","M","?","$","M","R","?","M","T","$","M","M","M","M","R","B",null,"M","M","$","?","M"],"character_chosen":"DEFECT","items_purchased":["Cold Snap","Ancient Tea Set"],"campfire_rested":2,"item_purchase_floors":[10,20],"current_hp_per_floor":[60,45,45,45,25,47,47,29,29,29,29,26,24,16,38,5,75,51,29,29,29,0,0],"gold":52,"neow_bonus":"THREE_RARE_CARDS","is_daily":false,"chose_seed":false,"campfire_upgraded":0,"win_rate":0.0,"timestamp":1610048238,"path_taken":["M","M","?","$","M","R","?","M","T","?","M","M","?","M","R","BOSS","M","?","$","?","M"],"items_purchased_type":["Card","Relic"],"build_version":"2020-12-22","purchased_purges":1,"victory":false,"max_hp_per_floor":[75,75,75,75,75,75,75,75,75,75,75,75,75,75,75,75,75,75,75,75,75,75,75],"card_choices":[{"not_picked":["Reboot","Meteor Strike"],"picked":"Creative AI","floor":0},{"not_picked":["Storm","Compile Driver"],"picked":"Lockon","floor":1},{"not_picked":["Sunder","Defragment"],"picked":"Auto Shields","floor":2},{"not_picked":["Streamline","Stack"],"picked":"BootSequence","floor":5},{"not_picked":["Go for the Eyes","All For One"],"picked":"Redo","floor":8},{"not_picked":["Go for the Eyes","Barrage"],"picked":"Compile Driver","floor":11},{"not_picked":["Sweeping Beam","Doom and Gloom"],"picked":"Ball Lightning","floor":12},{"not_picked":["Double Energy","Barrage"],"picked":"Cold Snap","floor":13},{"not_picked":["Gash","Sunder"],"picked":"Rebound","floor":14},{"not_picked":["Electrodynamics","Machine Learning"],"picked":"Echo Form","floor":16},{"not_picked":["Leap","Tempest"],"picked":"Consume","floor":18},{"not_picked":["Steam Power","Sweeping Beam+1"],"picked":"Turbo+1","floor":19}],"player_experience":71758,"relics_obtained":[{"floor":9,"key":"Art of War"}],"event_choices":[{"damage_healed":0,"gold_gain":0,"player_choice":"Box","damage_taken":0,"relics_obtained":["Bag of Marbles"],"max_hp_gain":0,"max_hp_loss":0,"event_name":"Big Fish","floor":3,"gold_loss":0,"cards_obtained":["Regret"]},{"damage_healed":0,"gold_gain":0,"player_choice":"Grow","damage_taken":0,"max_hp_gain":0,"max_hp_loss":0,"event_name":"Living Wall","floor":7,"gold_loss":0,"cards_upgraded":["Creative AI"]},{"damage_healed":0,"gold_gain":0,"player_choice":"Forge","damage_taken":0,"max_hp_gain":0,"max_hp_loss":0,"event_name":"Accursed Blacksmith","floor":21,"gold_loss":0,"cards_upgraded":["Echo Form"]}],"is_beta":false,"boss_relics":[{"not_picked":["Pandora\u0027s Box","Cursed Key"],"picked":"Inserter"}],"items_purged_floors":[4],"is_endless":false,"potions_floor_spawned":[2,5,8,13,18],"killed_by":"3 Cultists","ascension_level":0}}