{"host":"i0m9g0siyue4991n","time":1610019082,"event":{"mods":["ATMod(°¢èªMod)","Act Like it!","BaseMod","BetterRewards","CapriCore","Challenge The Spire","Custom Start","Friendly Minions","Gensokyo","LagranYue(À­¸ñÀÊ¡¤ÔÂ)","Marisa£¨ìFÓê¡¡Ä§ÀíÉ³£©","Minty Spire (QoL Compilation)","Quick Restart","Reimu£¨²©ÀöÁéÃÎ£©","RumiaBox-Â¶Ã×æ«µÄÉñÃØºÐ×Ó","StSLib","The Administrix","The Immortal","The Servant 0.9.4"],"gold_per_floor":[119,139,139,151,167,167,185,211,236,236,291,291,303,11,11,107,107,117,88,88,98,98,98,130,148,174,385,414,414,426,416,416,520,520,540,450,450,450,460,491,503,6,6,26,26,57,57,82,82,82,82,82,32,61,61],"floor_reached":56,"playtime":5699,"items_purged":["AdministrixMod:Strike_Administrix","AdministrixMod:Defend_Administrix","AdministrixMod:Defend_Administrix","AdministrixMod:Defend_Administrix+1"],"score":1902,"play_id":"a91fadf1-e2e5-45b0-8ff6-5e5f27a124f2","local_time":"20210107193122","is_ascension_mode":true,"campfire_choices":[{"data":"AdministrixMod:FiendishCrimson","floor":6.0,"key":"SMITH"},{"floor":12.0,"key":"RECALL"},{"data":"AdministrixMod:Convergence","floor":15.0,"key":"SMITH"},{"data":"AdministrixMod:RedCloak","floor":23.0,"key":"SMITH"},{"data":"AdministrixMod:MixOfMercury","floor":29.0,"key":"SMITH"},{"data":"AdministrixMod:BlueCloak","floor":32.0,"key":"SMITH"},{"data":"AdministrixMod:ArmillarySphere","floor":45.0,"key":"SMITH"},{"data":"AdministrixMod:Strike_Administrix","floor":47.0,"key":"SMITH"},{"floor":49.0,"key":"REST"},{"data":"AdministrixMod:ShadowPlay","floor":52.0,"key":"SMITH"}],"circlet_count":0,"master_deck":["AdministrixMod:Strike_Administrix+1","AdministrixMod:RedCloak+1","AdministrixMod:Defend_Administrix+1","AT_FamilyPortrait+1","AdministrixMod:FiendishCrimson+1","AdministrixMod:AmassedMasks+1","AdministrixMod:JustRewards+1","AdministrixMod:HopeInTheDark+1","AdministrixMod:Convergence+1","AdministrixMod:ShadowPlay+1","AdministrixMod:BrewingCloister+1","AdministrixMod:MixOfMercury+1","AdministrixMod:CosmosControl+1","AdministrixMod:DeathByGlamour+1","AdministrixMod:GuanyinBlessing+1","Gensokyo:CustomPotion","AdministrixMod:ArmillarySphere+1"],"relics":["AdministrixMod:ConductorRitualBaton","AT_ATBox","AT_ChloranthyRing","AdministrixMod:GoldenChickadee","Medical Kit","Torii","Question Card","Smiling Mask","Ccalipers","Orrery","Busted Crown","ZombieArmy","Gensokyo:ConquerorOfFear","Incense Burner","Bag of Preparation","AT_PhaseBoots","Gremlin Horn","Philosopher\u0027s Stone","The Courier","Membership Card","MagicDraw2","Art of War","Bag of Marbles","AT_TimeSand","RuthlessExorcism:ReiMu","Boot","AT_ArchangelStaff"],"acts_visited":["Exordium","Gensokyo:Gensokyo","Gensokyo:Gensokyoer","TheEnding"],"potions_floor_usage":[55,55],"damage_taken":[{"damage":1.0,"enemies":"Gensokyo:Python","floor":1.0,"turns":3.0},{"damage":8.0,"enemies":"Gensokyo:Gryphon","floor":2.0,"turns":3.0},{"damage":0.0,"enemies":"Gensokyo:2_Kodama","floor":4.0,"turns":3.0},{"damage":0.0,"enemies":"Gensokyo:LivingMonolith","floor":5.0,"turns":3.0},{"damage":0.0,"enemies":"Gensokyo:VengefulSpirit","floor":7.0,"turns":3.0},{"damage":15.0,"enemies":"Gensokyo:Cirno","floor":8.0,"turns":6.0},{"damage":0.0,"enemies":"Gensokyo:3_Kodama","floor":13.0,"turns":6.0},{"damage":6.0,"enemies":"Gensokyo:Kokoro","floor":16.0,"turns":10.0},{"damage":0.0,"enemies":"Gensokyo:2_Gloops","floor":18.0,"turns":4.0},{"damage":2.0,"enemies":"Gensokyo:3_Dogs","floor":21.0,"turns":4.0},{"damage":16.0,"enemies":"Gensokyo:Reisen","floor":24.0,"turns":6.0},{"damage":0.0,"enemies":"Gensokyo:Slime_Group","floor":25.0,"turns":2.0},{"damage":3.0,"enemies":"Gensokyo:Wraith","floor":27.0,"turns":4.0},{"damage":35.0,"enemies":"Gensokyo:Koishi","floor":28.0,"turns":7.0},{"damage":0.0,"enemies":"Gensokyo:3_Gloops","floor":30.0,"turns":3.0},{"damage":2.0,"enemies":"Gensokyo:Eiki","floor":33.0,"turns":11.0},{"damage":1.0,"enemies":"Gensokyo:3_Boulders","floor":35.0,"turns":4.0},{"damage":1.0,"enemies":"Gensokyo:3_Bats","floor":39.0,"turns":3.0},{"damage":0.0,"enemies":"Gensokyo:Doremy","floor":40.0,"turns":4.0},{"damage":0.0,"enemies":"Gensokyo:3_Boulders","floor":41.0,"turns":3.0},{"damage":2.0,"enemies":"Gensokyo:SeedOfUnknown","floor":44.0,"turns":4.0},{"damage":1.0,"enemies":"Gensokyo:Marisa","floor":46.0,"turns":5.0},{"damage":22.0,"enemies":"Gensokyo:Kasen","floor":48.0,"turns":5.0},{"damage":1.0,"enemies":"Gensokyo:Shinki","floor":50.0,"turns":8.0},{"damage":18,"enemies":"Shield and Spear","floor":54,"turns":4},{"damage":19,"enemies":"The Heart","floor":55,"turns":6}],"seed_played":"-8438102922378646214","potions_obtained":[{"floor":2.0,"key":"SteroidPotion"},{"floor":13.0,"key":"CultistPotion"},{"floor":16.0,"key":"Weak Potion"},{"floor":18.0,"key":"Energy Potion"},{"floor":21.0,"key":"SteroidPotion"},{"floor":39.0,"key":"Ancient Potion"},{"floor":44.0,"key":"PowerPotion"}],"is_trial":false,"path_per_floor":["M","M","?","M","M","R","M","E","T","?","T","R","M","COS","R","B",null,"M","COS","?","M","?","R","E","M","T","M","E","R","M","?","R","B",null,"M","?","?","?","M","E","M","$","T","M","R","E","R","E","R","B",null,"R","$","E","B",null],"character_chosen":"TheAdministrix","items_purchased":["AT_ChloranthyRing","AdministrixMod:GoldenChickadee","Medical Kit","AdministrixMod:FiendishCrimson","Question Card","Energy Potion","Membership Card","MagicDraw2","Art of War","Bag of Marbles","AT_TimeSand"],"campfire_rested":1,"item_purchase_floors":[0,0,0,0,0,0,42,42,42,42,42],"current_hp_per_floor":[27,27,27,31,35,35,42,34,34,34,34,34,41,41,41,42,65,65,65,65,64,64,64,55,62,62,64,36,36,43,44,44,49,65,71,71,71,71,70,71,71,71,71,71,71,71,71,59,74,74,74,74,74,70,58],"gold":61,"neow_bonus":"","is_daily":false,"chose_seed":false,"campfire_upgraded":8,"win_rate":0.0,"timestamp":1610019082,"path_taken":["M","?","?","M","M","R","M","E","T","?","?","R","M","COS","R","BOSS","M","COS","?","M","?","R","E","M","T","M","E","R","M","?","R","BOSS","M","?","?","?","?","E","M","$","T","M","R","E","R","E","R","BOSS","R","$","E","BOSS"],"items_purchased_type":["Relic","Relic","Relic","Card","Relic","Potion","Relic","Relic","Relic","Relic","Relic"],"build_version":"2020-12-22","purchased_purges":4,"victory":true,"max_hp_per_floor":[65,65,65,65,65,65,65,65,65,65,65,65,65,65,65,65,65,65,65,65,65,65,65,65,65,65,65,65,65,65,65,65,65,65,71,71,71,71,71,71,71,71,71,71,71,71,71,74,74,74,74,74,74,74,74],"card_choices":[{"not_picked":["AdministrixMod:FuneraryRites","AdministrixMod:ReachToHeaven","AdministrixMod:FiendishCrimson","AdministrixMod:TouchOfCinnabar"],"picked":"SKIP","floor":1.0},{"not_picked":["AdministrixMod:FuneraryRites","AdministrixMod:PlateOfAntiquity","AdministrixMod:Convergence","AdministrixMod:Katabasis"],"picked":"SKIP","floor":2.0},{"not_picked":["AdministrixMod:LightOfYourLife","AdministrixMod:FuneraryRites","AdministrixMod:SyncreticSurge","AdministrixMod:BloodBargain"],"picked":"SKIP","floor":4.0},{"not_picked":["AdministrixMod:TouchOfCinnabar","AdministrixMod:ImmortalPurity","AdministrixMod:RebukeDesires"],"picked":"AdministrixMod:AmassedMasks","floor":5.0},{"not_picked":["AdministrixMod:ImmortalPurity","AdministrixMod:CrackingPangu","AdministrixMod:Transition","AdministrixMod:RegentEdict"],"picked":"SKIP","floor":7.0},{"not_picked":["AdministrixMod:ImmortalGrace","AdministrixMod:TouchOfCinnabar","AdministrixMod:SipOfSparks"],"picked":"AdministrixMod:JustRewards","floor":8.0},{"not_picked":["AdministrixMod:SealAway","AdministrixMod:ChooseYourEnd","AdministrixMod:FuneraryRites","AdministrixMod:PlateOfAntiquity"],"picked":"SKIP","floor":13.0},{"not_picked":["AdministrixMod:QuietConspiracy","AdministrixMod:SealAway","AdministrixMod:Transition"],"picked":"AdministrixMod:HopeInTheDark","floor":14.0},{"not_picked":["AdministrixMod:SyncreticPlunge","AdministrixMod:PassageOfAges","AdministrixMod:FiendishCrimson"],"picked":"AdministrixMod:Convergence","floor":14.0},{"not_picked":["AdministrixMod:CrackingPangu","AdministrixMod:LightOfYourLife","AdministrixMod:FiendishCrimson"],"picked":"AdministrixMod:ShadowPlay","floor":14.0},{"not_picked":["AdministrixMod:HopeInTheDark","AdministrixMod:Schism","AdministrixMod:LuminaryPath"],"picked":"AdministrixMod:BrewingCloister","floor":16.0},{"not_picked":["AdministrixMod:LightOfYourLife","AdministrixMod:ImmortalPurity"],"picked":"SKIP","floor":18.0},{"not_picked":["AdministrixMod:SealAway","AdministrixMod:SyncreticSurge"],"picked":"SKIP","floor":21.0},{"not_picked":["AdministrixMod:ChooseYourEnd"],"picked":"AdministrixMod:MixOfMercury","floor":24.0},{"not_picked":["AdministrixMod:JustRewards","AdministrixMod:CenturiesAscent"],"picked":"SKIP","floor":25.0},{"not_picked":["AdministrixMod:SipOfSparks","AdministrixMod:SyncreticSurge"],"picked":"SKIP","floor":27.0},{"not_picked":["AdministrixMod:RebukeDesires"],"picked":"AdministrixMod:CosmosControl","floor":28.0},{"not_picked":["AdministrixMod:SeventeenArticleLaser","AdministrixMod:ShadowPlay"],"picked":"SKIP","floor":30.0},{"not_picked":["AdministrixMod:Schism"],"picked":"AdministrixMod:DeathByGlamour","floor":33.0},{"not_picked":["AdministrixMod:HiddenPower"],"picked":"AdministrixMod:GuanyinBlessing+1","floor":35.0},{"not_picked":["AdministrixMod:RegentEdict"],"picked":"AdministrixMod:ArmillarySphere","floor":39.0},{"not_picked":["AdministrixMod:Convergence","AdministrixMod:MixOfMercury+1"],"picked":"SKIP","floor":40.0},{"not_picked":["AdministrixMod:GuanyinBlessing","AdministrixMod:DiversionaryTactic"],"picked":"SKIP","floor":41.0},{"not_picked":["AdministrixMod:CenturiesAscent","AdministrixMod:DiversionaryTactic+1"],"picked":"SKIP","floor":44.0},{"not_picked":["AdministrixMod:PassageOfAges+1","AdministrixMod:SipOfSparks"],"picked":"SKIP","floor":46.0},{"not_picked":["AdministrixMod:SealAway+1","AdministrixMod:CenturiesAscent"],"picked":"SKIP","floor":48.0},{"not_picked":["AdministrixMod:SeventeenArticleLaser","AdministrixMod:RegentEdict+1"],"picked":"SKIP","floor":54}],"player_experience":505649,"relics_obtained":[{"floor":8.0,"key":"Smiling Mask"},{"floor":9.0,"key":"Ccalipers"},{"floor":11.0,"key":"Orichalcum"},{"floor":24.0,"key":"Gensokyo:ConquerorOfFear"},{"floor":24.0,"key":"Bag of Preparation"},{"floor":26.0,"key":"AT_SpeedBoots"},{"floor":28.0,"key":"Gremlin Horn"},{"floor":40.0,"key":"The Courier"},{"floor":46.0,"key":"RuthlessExorcism:ReiMu"},{"floor":48.0,"key":"Boot"},{"floor":54,"key":"AT_ArchangelStaff"}],"event_choices":[],"is_beta":false,"boss_relics":[{"not_picked":["Pandora\u0027s Box","Fusion Hammer"],"picked":"Busted Crown"},{"not_picked":["Cursed Key","Velvet Choker"],"picked":"Philosopher\u0027s Stone"}],"items_purged_floors":[0,0,42,53],"is_endless":false,"potions_floor_spawned":[2,13,16,18,21,27,33,39,44,54],"ascension_level":4}}