{"host":"n3pcl7mteoua0i12","time":1610001241,"event":{"mods":["BaseMod","Bestiary","Curses Come First","Googly Eyes","Minty Spire (QoL Compilation)","Relic Stats","StSLib"],"gold_per_floor":[119,138,18,31,45,74,74,88,140,140,151,151,151,151,151,272,272,297,297,151,169,169,200,115,115,115,115,130,173,98,143,143,292,292,313,377,224,297,360,426,446,446,446,245,245,245,268,361,361,361,361,361,75,109,109],"floor_reached":56,"playtime":2879,"items_purged":["Parasite","Writhe","Strike_P"],"score":1556,"play_id":"ab98a802-2ce8-40a0-b82a-03aa017396eb","local_time":"20210106223401","is_ascension_mode":true,"campfire_choices":[{"data":"TalkToTheHand","floor":7,"key":"SMITH"},{"data":"Wallop","floor":10,"key":"SMITH"},{"data":"Eruption","floor":13,"key":"SMITH"},{"floor":15,"key":"REST"},{"data":"TalkToTheHand","floor":27,"key":"SMITH"},{"floor":32,"key":"REST"},{"floor":42,"key":"RECALL"},{"data":"EmptyMind","floor":46,"key":"SMITH"},{"data":"CrushJoints","floor":49,"key":"SMITH"},{"data":"Wish","floor":52,"key":"SMITH"}],"circlet_count":0,"master_deck":["Strike_P","Strike_P","Defend_P","Defend_P","Defend_P","Eruption+1","Vigilance","DevaForm","WheelKick","Wallop+1","EmptyMind+1","TalkToTheHand+1","FearNoEvil","SashWhip","CutThroughFate","Omniscience","TalkToTheHand+1","Swivel","Conclude","Tantrum","Wish+1","Wallop+1","Omniscience","Swivel","CrushJoints+1","CrushJoints+1","Vengeance+1","SandsOfTime","SandsOfTime","FearNoEvil"],"relics":["PureWater","PreservedInsect","Bronze Scales","Golden Idol","Snecko Eye","MutagenicStrength","Meat on the Bone","Happy Flower","Oddly Smooth Stone","Thread and Needle","Bag of Preparation","SlaversCollar","Bag of Marbles","Frozen Egg 2","Ornamental Fan","Anchor","StoneCalendar"],"acts_visited":["Exordium","TheCity","TheBeyond","TheEnding"],"potions_floor_usage":[33,40,50,55,55],"damage_taken":[{"damage":0,"enemies":"Small Slimes","floor":1,"turns":2},{"damage":0,"enemies":"2 Louse","floor":2,"turns":2},{"damage":0,"enemies":"Jaw Worm","floor":4,"turns":3},{"damage":23,"enemies":"Exordium Thugs","floor":5,"turns":6},{"damage":21,"enemies":"3 Sentries","floor":6,"turns":8},{"damage":4,"enemies":"Large Slime","floor":8,"turns":3},{"damage":2,"enemies":"3 Louse","floor":11,"turns":3},{"damage":13,"enemies":"Slime Boss","floor":16,"turns":5},{"damage":5,"enemies":"3 Byrds","floor":18,"turns":2},{"damage":0,"enemies":"2 Thieves","floor":21,"turns":2},{"damage":15,"enemies":"Book of Stabbing","floor":23,"turns":3},{"damage":0,"enemies":"Shelled Parasite and Fungi","floor":28,"turns":1},{"damage":0,"enemies":"Gremlin Leader","floor":29,"turns":3},{"damage":11,"enemies":"Snake Plant","floor":31,"turns":2},{"damage":0,"enemies":"Collector","floor":33,"turns":5},{"damage":0,"enemies":"Orb Walker","floor":35,"turns":2},{"damage":0,"enemies":"3 Shapes","floor":36,"turns":3},{"damage":0,"enemies":"Jaw Worm Horde","floor":38,"turns":2},{"damage":0,"enemies":"Transient","floor":39,"turns":5},{"damage":0,"enemies":"Reptomancer","floor":40,"turns":1},{"damage":8,"enemies":"Writhing Mass","floor":41,"turns":2},{"damage":0,"enemies":"Jaw Worm Horde","floor":47,"turns":1},{"damage":7,"enemies":"Giant Head","floor":48,"turns":3},{"damage":26,"enemies":"Time Eater","floor":50,"turns":7},{"damage":0,"enemies":"Shield and Spear","floor":54,"turns":2},{"damage":3,"enemies":"The Heart","floor":55,"turns":8}],"seed_played":"1340386894140989613","potions_obtained":[{"floor":2,"key":"Dexterity Potion"},{"floor":8,"key":"BlessingOfTheForge"},{"floor":16,"key":"DuplicationPotion"},{"floor":28,"key":"Energy Potion"},{"floor":33,"key":"StancePotion"},{"floor":40,"key":"Fruit Juice"},{"floor":48,"key":"Weak Potion"}],"is_trial":false,"path_per_floor":["M","M","$","M","M","E","R","M","T","R","M","?","R","?","R","B",null,"M","?","$","M","?","E","?","?","T","R","M","E","$","M","R","B",null,"M","M","$","M","M","E","M","R","T","$","?","R","M","E","R","B",null,"R","$","E","B",null],"character_chosen":"WATCHER","items_purchased":["TalkToTheHand","FearNoEvil","TalkToTheHand","Wish","CrushJoints","SandsOfTime","Anchor","EssenceOfSteel","SandsOfTime"],"campfire_rested":2,"item_purchase_floors":[3,3,20,30,37,44,53,53,53],"current_hp_per_floor":[65,65,65,65,42,21,21,17,17,17,15,15,15,30,48,35,60,55,55,55,55,46,31,31,31,31,31,43,43,43,32,50,50,62,62,62,62,62,62,67,59,59,59,59,59,59,59,52,52,38,67,67,67,67,64],"gold":109,"neow_bonus":"TRANSFORM_TWO_CARDS","is_daily":false,"chose_seed":false,"campfire_upgraded":7,"win_rate":0.0,"timestamp":1610001241,"path_taken":["M","M","$","M","M","E","R","M","T","R","M","?","R","?","R","BOSS","M","?","$","M","?","E","?","?","T","R","M","E","$","M","R","BOSS","M","M","$","M","M","E","M","R","T","$","?","R","M","E","R","BOSS","R","$","E","BOSS"],"items_purchased_type":["Card","Card","Card","Card","Card","Card","Relic","Potion","Card"],"build_version":"2020-12-22","purchased_purges":3,"victory":true,"max_hp_per_floor":[65,65,65,65,65,65,65,65,65,65,65,60,60,60,60,60,60,60,60,57,57,62,62,62,62,62,62,62,62,62,62,62,62,62,62,62,62,62,62,67,67,67,67,67,67,67,67,67,67,67,67,67,67,67,67],"relic_stats":{"Happy Flower":[15],"counters":[26,86],"Golden Idol":178,"Ornamental Fan":[68],"Bronze Scales":[230],"Snecko Eye":[133,130,116,109],"StoneCalendar":[52],"PreservedInsect":336,"Bag of Preparation":[26],"obtain_stats":[{"Happy Flower":24,"Golden Idol":12,"Oddly Smooth Stone":25,"Thread and Needle":26,"StoneCalendar":54,"PreservedInsect":6,"Bag of Preparation":29,"Frozen Egg 2":45,"SlaversCollar":34,"Anchor":53,"Ornamental Fan":48,"Bronze Scales":9,"MutagenicStrength":19,"Snecko Eye":17,"Bag of Marbles":40,"PureWater":0,"Meat on the Bone":23},{"Happy Flower":11,"Golden Idol":7,"Oddly Smooth Stone":11,"Thread and Needle":11,"StoneCalendar":25,"PreservedInsect":5,"Bag of Preparation":13,"Frozen Egg 2":21,"SlaversCollar":15,"Anchor":24,"Ornamental Fan":23,"Bronze Scales":6,"MutagenicStrength":9,"Snecko Eye":8,"Bag of Marbles":20,"PureWater":0,"Meat on the Bone":11},{"Happy Flower":39,"Golden Idol":27,"Oddly Smooth Stone":39,"Thread and Needle":39,"StoneCalendar":78,"PreservedInsect":21,"Bag of Preparation":43,"Frozen Egg 2":65,"SlaversCollar":50,"Anchor":76,"Ornamental Fan":69,"Bronze Scales":24,"MutagenicStrength":34,"Snecko Eye":32,"Bag of Marbles":63,"PureWater":0,"Meat on the Bone":39}],"Meat on the Bone":24},"card_choices":[{"not_picked":["Crescendo","InnerPeace"],"picked":"Wallop","floor":1},{"not_picked":["FlurryOfBlows","Protect"],"picked":"EmptyMind","floor":2},{"not_picked":["PathToVictory","ClearTheMind","Indignation"],"picked":"SKIP","floor":4},{"not_picked":["WaveOfTheHand","Perseverance"],"picked":"SashWhip","floor":5},{"not_picked":["InnerPeace","Crescendo"],"picked":"CutThroughFate","floor":6},{"not_picked":["Crescendo","PathToVictory","Swivel"],"picked":"SKIP","floor":8},{"not_picked":["MasterReality","BowlingBash","PathToVictory"],"picked":"SKIP","floor":11},{"not_picked":["SpiritShield","MasterReality"],"picked":"Omniscience","floor":16},{"not_picked":["ClearTheMind","Collect","WindmillStrike"],"picked":"SKIP","floor":18},{"not_picked":["ClearTheMind","CutThroughFate"],"picked":"Swivel","floor":21},{"not_picked":["Halt+1","SashWhip"],"picked":"Conclude","floor":23},{"not_picked":["BowlingBash","SignatureMove"],"picked":"Tantrum","floor":28},{"not_picked":["JustLucky","EmptyFist"],"picked":"CutThroughFate","floor":29},{"not_picked":["ClearTheMind","PathToVictory"],"picked":"Wallop+1","floor":31},{"not_picked":["SpiritShield","DeusExMachina"],"picked":"Omniscience","floor":33},{"not_picked":["Protect","ThirdEye"],"picked":"Swivel","floor":35},{"not_picked":["Prostrate+1","Halt","Tantrum"],"picked":"SKIP","floor":36},{"not_picked":["Crescendo+1","ThirdEye"],"picked":"CrushJoints+1","floor":38},{"not_picked":["ReachHeaven","ThirdEye","DeusExMachina"],"picked":"SKIP","floor":39},{"not_picked":["FlyingSleeves","Conclude+1","SashWhip"],"picked":"SKIP","floor":40},{"not_picked":["ForeignInfluence+1","EmptyFist+1"],"picked":"Vengeance+1","floor":41},{"not_picked":["WreathOfFlame","Halt","Crescendo+1"],"picked":"SKIP","floor":47},{"not_picked":["Consecrate+1","Perseverance","Protect"],"picked":"SKIP","floor":48},{"not_picked":["FlurryOfBlows","Collect+1"],"picked":"FearNoEvil","floor":54}],"player_experience":419781,"relics_obtained":[{"floor":6,"key":"PreservedInsect"},{"floor":9,"key":"Bronze Scales"},{"floor":23,"key":"Meat on the Bone"},{"floor":26,"key":"Thread and Needle"},{"floor":29,"key":"Bag of Preparation"},{"floor":40,"key":"Bag of Marbles"},{"floor":48,"key":"Ornamental Fan"},{"floor":54,"key":"StoneCalendar"}],"event_choices":[{"damage_healed":0,"gold_gain":0,"player_choice":"Lose Max HP","damage_taken":0,"relics_obtained":["Golden Idol"],"max_hp_gain":0,"max_hp_loss":5,"event_name":"Golden Idol","floor":12,"gold_loss":0},{"damage_healed":15,"gold_gain":0,"player_choice":"Healed and dodged fight","damage_taken":0,"max_hp_gain":0,"max_hp_loss":0,"event_name":"Mushrooms","floor":14,"gold_loss":0,"cards_obtained":["Parasite"]},{"damage_healed":0,"gold_gain":0,"player_choice":"Inject Mutagens","damage_taken":0,"relics_obtained":["MutagenicStrength"],"max_hp_gain":0,"max_hp_loss":0,"event_name":"Drug Dealer","floor":19,"gold_loss":0},{"damage_healed":0,"gold_gain":0,"player_choice":"Shed Blood","damage_taken":14,"max_hp_gain":5,"max_hp_loss":0,"event_name":"Forgotten Altar","floor":22,"gold_loss":0},{"damage_healed":0,"gold_gain":0,"player_choice":"Obtained Relic","damage_taken":0,"relics_obtained":["Happy Flower"],"max_hp_gain":0,"max_hp_loss":0,"event_name":"Addict","floor":24,"gold_loss":85},{"damage_healed":0,"gold_gain":0,"player_choice":"Opened","damage_taken":0,"relics_obtained":["Oddly Smooth Stone"],"max_hp_gain":0,"max_hp_loss":0,"event_name":"The Mausoleum","floor":25,"gold_loss":0,"cards_obtained":["Writhe"]},{"cards_removed":["CutThroughFate"],"damage_healed":0,"gold_gain":0,"player_choice":"Gave Card","damage_taken":0,"relics_obtained":["Frozen Egg 2"],"max_hp_gain":0,"max_hp_loss":0,"event_name":"WeMeetAgain","floor":45,"gold_loss":0}],"is_beta":false,"boss_relics":[{"not_picked":["Philosopher\u0027s Stone","Runic Dome"],"picked":"Snecko Eye"},{"not_picked":["Runic Pyramid","Busted Crown"],"picked":"SlaversCollar"}],"items_purged_floors":[20,37,44],"is_endless":false,"potions_floor_spawned":[2,8,16,18,28,29,33,35,36,40,48],"ascension_level":4}}