{"host":"rz01j32460kf2mtw","time":1610037862,"event":{"mods":["BaseMod","Downfall","Minty Spire (QoL Compilation)","Prisma Mod","Quick Restart","StSLib"],"gold_per_floor":[99,109,170,54,154,215,239,258,258,258,258],"floor_reached":9,"playtime":660,"items_purged":["Slimebound:Strike_Slimebound"],"score":51,"play_id":"88c3a288-52ee-4555-ad02-2e13b97482d3","local_time":"20210107094422","is_ascension_mode":false,"campfire_choices":[{"data":"Slimebound:DouseInSlime","floor":1,"key":"SMITH"}],"circlet_count":0,"master_deck":["Slimebound:Strike_Slimebound","Slimebound:Strike_Slimebound","Slimebound:Tackle","Slimebound:Defend_Slimebound","Slimebound:Defend_Slimebound","Slimebound:Defend_Slimebound","Slimebound:Defend_Slimebound","Slimebound:Split","Slimebound:CorrosiveSpit","Slimebound:DouseInSlime+1","Slimebound:DisruptingSlam","Slimebound:Replication","Slimebound:ViciousTackle","Slimebound:ItLooksTasty","Slimebound:HauntingLick","Slimebound:RejuvenatingLick","Slimebound:SplitMire"],"relics":["Slimebound:AbsorbEndCombat","PreservedInsect","downfall:CloakOfManyFaces","CultistMask","FaceOfCleric","NlothsMask","GremlinMask","SsserpentHead"],"acts_visited":["Exordium"],"potions_floor_usage":[9],"damage_taken":[{"damage":4,"enemies":"Jaw Worm","floor":2,"turns":3},{"damage":16,"enemies":"Gremlin Nob","floor":3,"turns":3},{"damage":3,"enemies":"downfall:FleeingMerchant","floor":4,"turns":4},{"damage":22,"enemies":"downfall:FaceTrader","floor":5,"turns":5},{"damage":7,"enemies":"2 Louse","floor":6,"turns":2},{"damage":6,"enemies":"Cultist","floor":8,"turns":2},{"damage":28,"enemies":"3 Sentries","floor":9,"turns":4}],"seed_played":"-608545681195433465","potions_obtained":[{"floor":3,"key":"hexamod:SoulburnPotion"},{"floor":6,"key":"hexamod:SoulburnPotion"},{"floor":8,"key":"GamblersBrew"}],"is_trial":false,"path_per_floor":["R","M","?","$","?","M","T","M","E"],"character_chosen":"SLIMEBOUND","items_purchased":["Slimebound:ItLooksTasty"],"campfire_rested":0,"item_purchase_floors":[4],"current_hp_per_floor":[65,63,50,50,31,27,27,23,0,0,0],"gold":258,"neow_bonus":"ONE_RANDOM_RARE_CARD","is_daily":false,"chose_seed":false,"campfire_upgraded":1,"win_rate":0.0,"timestamp":1610037862,"path_taken":["R","M","?","$","?","?","T","M","E"],"items_purchased_type":["Card"],"build_version":"2020-12-22","purchased_purges":1,"victory":false,"max_hp_per_floor":[65,65,65,65,65,66,66,67,67,67,67],"card_choices":[{"not_picked":["Slimebound:SamplingLick","Slimebound:GoopSpray"],"picked":"Slimebound:DisruptingSlam","floor":2},{"not_picked":["Slimebound:Schlurp","Slimebound:SplitLeeching"],"picked":"Slimebound:Replication","floor":3},{"not_picked":["Slimebound:SplitLeeching","Slimebound:SlimeBrawl"],"picked":"Slimebound:ViciousTackle","floor":4},{"not_picked":["Slimebound:Replication","Slimebound:LivingWall"],"picked":"Slimebound:HauntingLick","floor":5},{"not_picked":["Slimebound:SamplingLick","Slimebound:RollThrough"],"picked":"Slimebound:RejuvenatingLick","floor":6},{"not_picked":["Slimebound:LeechingTouch","Slimebound:MegaLick"],"picked":"Slimebound:SplitMire","floor":8}],"player_experience":882624,"relics_obtained":[{"floor":5,"key":"downfall:CloakOfManyFaces"}],"event_choices":[],"is_beta":false,"boss_relics":[],"items_purged_floors":[4],"is_endless":false,"potions_floor_spawned":[3,6,8],"killed_by":"3 Sentries","ascension_level":0}}