{"host":"gfr9dk7hxbf4u708","time":1610018606,"event":{"mods":["AchievementEnabler","BaseMod","Better Third Choice","Colored Map","Downfall","Googly Eyes","Hermit","Hubris","Infinite Spire","Minty Spire (QoL Compilation)","Permanent Neow","Quick Restart","Random Character Button","Replay The Spire","StSLib","The Bug Knight","The Factory","The Hierophant","The Jungle","The Runesmith"],"gold_per_floor":[112,112,131,147,161,192,192,202,202,229,229,263,263,28,28,133,133,152,152,221,121,139,173,200,240,279,322,347,359,405,435,447,590,702,777,789,801,876,456,520,520,520,520,572,628,703,754,832,832,832],"floor_reached":51,"playtime":3789,"items_purged":["Strike_R","Strike_R","sneckomod:Defend","Strike_R"],"score":1155,"play_id":"99bfac90-f77c-42f5-ab6f-94935f3a986c","local_time":"20210107132326","is_ascension_mode":true,"campfire_choices":[{"data":"Bash","floor":7,"key":"SMITH"},{"data":"Shockwave","floor":15,"key":"SMITH"},{"floor":29,"key":"REST"},{"data":"True Grit","floor":32,"key":"SMITH"},{"data":"Violence","floor":49,"key":"SMITH"}],"circlet_count":0,"master_deck":["Strike_R","Strike_R","Defend_R","Defend_R","Defend_R","Defend_R","Bash+1","hermit:Snapshot","Headbutt","Carnage","hubris:CleavingFinish+1","Double Tap+1","Clothesline+1","infinitespire:Menacing","Shockwave+1","True Grit+1","True Grit","Feel No Pain","Warcry","Exhume","Ghostly Armor+1","ReplayTheSpireMod:Strike From Hell+1","Sentinel+1","True Grit+1","Metallicize+1","Sever Soul+1","Cleave+1","ReplayTheSpireMod:Necrogeddon+1","hubris:StunningStrike+1","Violence+1","Anger+1","Warcry","hubris:StunningStrike+1"],"relics":["Burning Blood","Charon\u0027s Ashes","Bronze Scales","Anchor","Quantum Egg","Molten Egg 2","Counterbalance","hubris:Towel","Sozu","MawBank","Sundial","Gremlin Food","hubris:MedicalManual","War Paint","infinitespire:EvilPickle","Replay:Wanted Poster","PreservedInsect","hubris:AstralHammer","infinitespire:WardingShard","Dead Branch","hubris:ToyBattleship","Incense Burner","Happy Flower"],"acts_visited":["Exordium","TheCity","TheBeyond"],"potions_floor_usage":[10,16,33,50],"damage_taken":[{"damage":2,"enemies":"Jaw Worm","floor":1,"turns":4},{"damage":1,"enemies":"Cultist","floor":3,"turns":3},{"damage":7,"enemies":"2 Louse","floor":4,"turns":2},{"damage":14,"enemies":"Exordium Thugs","floor":5,"turns":5},{"damage":15,"enemies":"3 Sentries","floor":6,"turns":7},{"damage":1,"enemies":"Looter","floor":8,"turns":2},{"damage":18,"enemies":"HollowMod:MossKnight","floor":10,"turns":7},{"damage":15,"enemies":"Gremlin Nob","floor":12,"turns":4},{"damage":9,"enemies":"Hexaghost","floor":16,"turns":9},{"damage":4,"enemies":"Spheric Guardian","floor":18,"turns":3},{"damage":21,"enemies":"Snecko","floor":22,"turns":5},{"damage":14,"enemies":"Nightmare","floor":23,"turns":7},{"damage":2,"enemies":"Snake Plant","floor":24,"turns":4},{"damage":18,"enemies":"HollowMod:Nosk","floor":25,"turns":7},{"damage":9,"enemies":"Gremlin Leader","floor":27,"turns":7},{"damage":3,"enemies":"Shelled Parasite and Fungi","floor":28,"turns":8},{"damage":7,"enemies":"Book of Stabbing","floor":30,"turns":7},{"damage":0,"enemies":"Centurion and Healer","floor":31,"turns":5},{"damage":37,"enemies":"Pondfish","floor":33,"turns":10},{"damage":9,"enemies":"3 Darklings","floor":35,"turns":5},{"damage":7,"enemies":"3 Shapes","floor":38,"turns":3},{"damage":27,"enemies":"R_Hoarder","floor":40,"turns":8},{"damage":0,"enemies":"Maw","floor":44,"turns":6},{"damage":10,"enemies":"Jaw Worm Horde","floor":45,"turns":4},{"damage":2,"enemies":"Giant Head","floor":46,"turns":6},{"damage":1,"enemies":"2 Orb Walkers","floor":47,"turns":3},{"damage":22,"enemies":"R_Hoarder","floor":48,"turns":5},{"damage":5,"enemies":"infinitespire:MassOfShapes","floor":50,"turns":6}],"seed_played":"81446414252956875","potions_obtained":[{"floor":1,"key":"Energy Potion"},{"floor":3,"key":"Flashbang"},{"floor":8,"key":"Energy Potion"},{"floor":12,"key":"hexamod:EctoCoolerPotion"},{"floor":16,"key":"Explosive Potion"}],"is_trial":false,"path_per_floor":["M","?","M","M","M","E","R","M","T","E","?","E","?","$","R","B",null,"M","?","?","$","M","NM","M","E","T","E","M","R","E","M","R","B",null,"M","?","AVR","M","$","E","?","T","T","M","M","E","?","E","R","B",null],"character_chosen":"IRONCLAD","items_purchased":["True Grit","Feel No Pain","Warcry","hubris:StunningStrike+1","Violence"],"campfire_rested":1,"item_purchase_floors":[14,14,14,39,39],"current_hp_per_floor":[80,80,80,79,71,62,62,67,67,55,34,25,25,25,25,22,80,80,80,48,48,33,25,29,17,17,14,17,41,40,46,46,15,80,77,77,77,76,76,67,67,67,67,73,69,73,78,62,62,63],"gold":832,"neow_bonus":"ONE_RARE_RELIC","is_daily":false,"chose_seed":false,"campfire_upgraded":4,"win_rate":0.0,"timestamp":1610018606,"path_taken":["M","?","M","?","M","E","R","M","T","E","?","E","?","$","R","BOSS","M","?","?","?","M","NM","M","E","T","E","M","R","E","M","R","BOSS","M","?","AVR","M","$","E","?","?","T","M","M","E","?","E","R","BOSS"],"items_purchased_type":["Card","Card","Card","Card","Card"],"build_version":"2020-12-22","purchased_purges":4,"victory":true,"max_hp_per_floor":[80,80,80,80,80,80,80,80,80,80,80,80,80,80,80,80,80,80,80,80,80,80,80,80,80,80,80,80,80,80,80,80,80,80,80,80,80,80,80,80,80,80,80,80,80,80,80,80,80,80],"card_choices":[{"not_picked":["Twin Strike","Sword Boomerang"],"picked":"Defy Death","floor":1},{"not_picked":["Reckless Charge","Body Slam"],"picked":"Headbutt","floor":3},{"not_picked":["hubris:ReadiedAction","Body Slam"],"picked":"Carnage","floor":4},{"not_picked":["Battle Trance","Warcry"],"picked":"hubris:CleavingFinish","floor":5},{"not_picked":["Run Through","Body Slam"],"picked":"Double Tap","floor":6},{"not_picked":["hubris:ReadiedAction","Iron Wave","Pommel Strike"],"picked":"SKIP","floor":8},{"not_picked":["ReplayTheSpireMod:Limb From Limb+1","Perfected Strike+1"],"picked":"Clothesline+1","floor":10},{"not_picked":["infinitespire:Fortify","ReplayTheSpireMod:Book of Names"],"picked":"infinitespire:Menacing","floor":11},{"not_picked":["Blood for Blood+1","Berserk"],"picked":"Shockwave","floor":12},{"not_picked":["Barricade","Bludgeon+1"],"picked":"Exhume","floor":16},{"not_picked":["Run Through+1","Seeing Red"],"picked":"Ghostly Armor+1","floor":18},{"not_picked":["hubris:SharpeningStone","Carnage+1"],"picked":"ReplayTheSpireMod:Strike From Hell+1","floor":20},{"not_picked":["Warcry","Massacre+1"],"picked":"Sentinel","floor":22},{"not_picked":["Wild Strike+1","Inflame+1"],"picked":"True Grit","floor":23},{"not_picked":["ReplayTheSpireMod:LeadingStrike+1","Immolate+1","Perfected Strike+1"],"picked":"SKIP","floor":24},{"not_picked":["Body Slam+1","Juggernaut"],"picked":"Metallicize+1","floor":25},{"not_picked":["Headbutt+1","Perfected Strike+1","Sword Boomerang+1"],"picked":"SKIP","floor":27},{"not_picked":["True Grit","Iron Wave+1","Shrug It Off"],"picked":"SKIP","floor":28},{"not_picked":["Heavy Blade+1","Warcry+1"],"picked":"Sever Soul+1","floor":30},{"not_picked":["Demon Form","Flex"],"picked":"Cleave+1","floor":31},{"not_picked":["True Grit","Run Through+1","Blood for Blood+1"],"picked":"SKIP","floor":35},{"not_picked":["Replay:Parry+1","Replay:SS_fish_3+1"],"picked":"ReplayTheSpireMod:Necrogeddon+1","floor":36},{"not_picked":["Anger+1","Flame Barrier+1","Headbutt+1"],"picked":"SKIP","floor":38},{"not_picked":["hubris:SharpeningStone+1","Perfected Strike+1"],"picked":"Anger+1","floor":40},{"not_picked":["Twin Strike+1","Bloodletting+1"],"picked":"Warcry","floor":44},{"not_picked":["ReplayTheSpireMod:Stacked+1","Evolve"],"picked":"hubris:StunningStrike+1","floor":45},{"not_picked":["Ghostly Armor","Pommel Strike+1","Clothesline+1"],"picked":"SKIP","floor":46},{"not_picked":["Life Link","Battle Trance","hubris:ReadiedAction"],"picked":"SKIP","floor":48}],"player_experience":313181,"relics_obtained":[{"floor":6,"key":"Anchor"},{"floor":9,"key":"Quantum Egg"},{"floor":10,"key":"Molten Egg 2"},{"floor":12,"key":"Counterbalance"},{"floor":23,"key":"MawBank"},{"floor":25,"key":"Sundial"},{"floor":26,"key":"Gremlin Food"},{"floor":27,"key":"hubris:MedicalManual"},{"floor":30,"key":"War Paint"},{"floor":40,"key":"hubris:AstralHammer"},{"floor":42,"key":"infinitespire:WardingShard"},{"floor":43,"key":"Dead Branch"},{"floor":46,"key":"hubris:ToyBattleship"},{"floor":47,"key":"Incense Burner"},{"floor":48,"key":"Happy Flower"}],"event_choices":[{"cards_removed":["Defy Death"],"damage_healed":0,"gold_gain":0,"player_choice":"Gave Card","damage_taken":0,"relics_obtained":["Bronze Scales"],"max_hp_gain":0,"max_hp_loss":0,"event_name":"WeMeetAgain","floor":2,"gold_loss":0},{"damage_healed":0,"gold_gain":0,"player_choice":"Memory 1","damage_taken":0,"max_hp_gain":0,"max_hp_loss":0,"event_name":"SensoryStone","floor":36,"gold_loss":0},{"damage_healed":0,"gold_gain":0,"player_choice":"Ignored","damage_taken":0,"max_hp_gain":0,"max_hp_loss":0,"event_name":"Tomb of Lord Red Mask","floor":41,"gold_loss":0},{"damage_healed":0,"gold_gain":0,"player_choice":"Fight","damage_taken":0,"max_hp_gain":0,"max_hp_loss":0,"event_name":"Mysterious Sphere","floor":47,"gold_loss":0}],"is_beta":false,"boss_relics":[{"not_picked":["infinitespire:Burning Sword","Honey Jar"],"picked":"Sozu"},{"not_picked":["ReplayTheSpireMod:SealedPack","Velvet Choker"],"picked":"Replay:Wanted Poster"}],"items_purged_floors":[14,21,37,39],"is_endless":false,"potions_floor_spawned":[1,3,8,12,16,18,22,25,28,30,38,46,47,48],"ascension_level":3}}