{"host":"zntn5kfpqqjb7mu3","time":1610033956,"event":{"mods":["AchievementEnabler","Aspiration","BaseMod","Better-Laid Plans","Colored Map","Colored Powertips","Curses Come First","DNKmod","Friendly Minions","Hermit","Marked Mod","Minty Spire (QoL Compilation)","MostiFishMod","Permanent Neow","Quick Restart","Rare Cards Sparkle","Relic Stats","Remove Card Discount Mod","Replay The Spire","Spicy Shops","StSLib","SuperFastMode","TestMod","Waifu the Spire","vexMod","¡¾ÒÅÎï¿¨ÅÆ¡¿REMEMod","óô»ðÖ¸ÄÏ"],"gold_per_floor":[10010,10020,10039,9712,9730,9730,9764,9790,9817,9826,9837,9183,9183,9183],"floor_reached":13,"playtime":488,"items_purged":["Defend_B","Defend_B","Strike_B","Strike_B"],"score":91,"play_id":"74c61a95-cab0-4149-8b20-8ad27a0e1721","local_time":"20210107233916","is_ascension_mode":true,"campfire_choices":[{"floor":6,"key":"RECALL"}],"circlet_count":0,"master_deck":["Strike_B","Strike_B","Defend_B","Defend_B","Zap","Dualcast","MostiFishMod:DawningShadow+1","Double Energy+1","Barrage","Sweeping Beam","Gash","Ball Lightning","Leap","Leap","Loop","MostiFishMod:PushDownKick","Gash","Creative AI","Ball Lightning"],"relics":["Cracked Core","testmod-TestBox","REME_ComplimentaryCards","DaveBox","HaiYi:Twilight","SynthV:TestCard","Turnip","Technique","CeramicFish","Bag of Preparation","Meat on the Bone","ReplayTheSpireMod:Lightbulb"],"acts_visited":["Exordium"],"potions_floor_usage":[5,7,13],"damage_taken":[{"damage":0,"enemies":"2 Louse","floor":1,"turns":2},{"damage":6,"enemies":"Cultist","floor":2,"turns":3},{"damage":0,"enemies":"Small Slimes","floor":3,"turns":2},{"damage":19,"enemies":"Exordium Thugs","floor":5,"turns":4},{"damage":26,"enemies":"Lagavulin","floor":7,"turns":5},{"damage":9,"enemies":"3 Louse","floor":8,"turns":2},{"damage":13,"enemies":"Red Slaver","floor":11,"turns":3},{"damage":4,"enemies":"3 Sentries","floor":13,"turns":1}],"seed_played":"2709713213979386642","potions_obtained":[{"floor":2,"key":"Swift Potion"},{"floor":3,"key":"Adrenaline Potion"},{"floor":11,"key":"LiquidBronze"}],"is_trial":false,"path_per_floor":["M","M","M","$","M","R","E","M","T","?","M","R","E"],"character_chosen":"DEFECT","items_purchased":["Turnip","Ball Lightning","Leap","Technique","Bag of Preparation","Meat on the Bone","ReplayTheSpireMod:Lightbulb","Ball Lightning"],"campfire_rested":0,"item_purchase_floors":[4,4,4,4,12,12,12,12],"current_hp_per_floor":[75,69,69,69,50,50,24,15,15,15,2,2,0,0],"gold":9183,"neow_bonus":"ONE_RANDOM_RARE_CARD","is_daily":false,"chose_seed":false,"campfire_upgraded":0,"win_rate":0.0,"timestamp":1610033956,"path_taken":["M","M","M","$","M","R","E","M","T","?","M","R","E"],"items_purchased_type":["Relic","Card","Card","Relic","Relic","Relic","Relic","Card"],"build_version":"2020-12-22","purchased_purges":4,"victory":false,"max_hp_per_floor":[75,75,75,75,75,75,75,75,75,75,75,75,75,75],"relic_stats":{"counters":[8,20],"CeramicFish":36,"Turnip":[1],"Bag of Preparation":[2],"obtain_stats":[{"testmod-TestBox":0,"SynthV:TestCard":1,"DaveBox":0,"HaiYi:Twilight":0,"CeramicFish":7,"Turnip":4,"Bag of Preparation":12,"Technique":4,"Cracked Core":0,"ReplayTheSpireMod:Lightbulb":12,"REME_ComplimentaryCards":0,"Meat on the Bone":12},{"testmod-TestBox":0,"SynthV:TestCard":1,"DaveBox":0,"HaiYi:Twilight":0,"CeramicFish":5,"Turnip":3,"Bag of Preparation":7,"Technique":3,"Cracked Core":0,"ReplayTheSpireMod:Lightbulb":7,"REME_ComplimentaryCards":0,"Meat on the Bone":7},{"testmod-TestBox":0,"SynthV:TestCard":2,"DaveBox":0,"HaiYi:Twilight":0,"CeramicFish":14,"Turnip":7,"Bag of Preparation":19,"Technique":7,"Cracked Core":0,"ReplayTheSpireMod:Lightbulb":19,"REME_ComplimentaryCards":0,"Meat on the Bone":19}],"Meat on the Bone":0},"card_choices":[{"not_picked":["Crystallizer","Reprogram"],"picked":"Barrage","floor":1},{"not_picked":["Compile Driver","Steam","Lockon","Glacier"],"picked":"Sweeping Beam","floor":2},{"not_picked":["Streamline","BasicCrystalCard","Hologram","Rebound"],"picked":"Gash","floor":3},{"not_picked":["Gash","ReplayTheSpireMod:Calculation Training","Conserve Battery","Hyperbeam"],"picked":"Loop","floor":5},{"not_picked":["REME_DataAnalysis","Compile Driver","Streamline","aspiration:Polymerization"],"picked":"MostiFishMod:PushDownKick","floor":7},{"not_picked":["Hologram","Aggregate","MostiFishMod:LinkProtocol","BasicCrystalCard"],"picked":"Gash","floor":8},{"not_picked":["MostiFishMod:ReprogramOld","Stack","ReplaySort","ReplayTheSpireMod:Reroute Power","Scrape"],"picked":"SKIP","floor":11}],"player_experience":66514,"relics_obtained":[{"floor":1,"key":"SynthV:TestCard"},{"floor":7,"key":"CeramicFish"}],"event_choices":[{"damage_healed":0,"gold_gain":0,"player_choice":"1 cards matched","damage_taken":0,"max_hp_gain":0,"max_hp_loss":0,"event_name":"Match and Keep!","floor":10,"gold_loss":0,"cards_obtained":["Creative AI"]}],"is_beta":false,"boss_relics":[],"items_purged_floors":[4,4,4,12],"is_endless":false,"potions_floor_spawned":[2,3,11],"killed_by":"3 Sentries","ascension_level":1}}