{"host":"zntn5kfpqqjb7mu3","time":1610004540,"event":{"mods":["AchievementEnabler","Aspiration","BaseMod","Better-Laid Plans","Colored Map","Colored Powertips","Curses Come First","DNKmod","Friendly Minions","Hermit","Marked Mod","Minty Spire (QoL Compilation)","MostiFishMod","Permanent Neow","Quick Restart","Rare Cards Sparkle","Relic Stats","Remove Card Discount Mod","Replay The Spire","Spicy Shops","StSLib","SuperFastMode","TestMod","Waifu the Spire","vexMod","¡¾ÒÅÎï¿¨ÅÆ¡¿REMEMod","óô»ðÖ¸ÄÏ"],"gold_per_floor":[10019,10094,9470,9480,9495,9495,9514,9543,9590,9603,9628,9647,9647,9661,9302,9398,9398,9418,9418,8925,8942,8581,8610,8464,8495,8495,8495,8530,8530,8378,8388,7873,7974,7974],"floor_reached":33,"playtime":1549,"items_purged":["Defend_G","Defend_G","Defend_G","Choke","Survivor","Doubt"],"score":772,"play_id":"bb0e3ad8-2082-4a6a-99af-07907a1a0ee9","local_time":"20210107152900","is_ascension_mode":true,"campfire_choices":[{"floor":6,"key":"RECALL"}],"circlet_count":0,"master_deck":["Strike_G","Strike_G","Strike_G","Strike_G","Strike_G","Defend_G","Defend_G","Neutralize","MostiFishMod:GrandStart+1","MostiFishMod:Neptune","MostiFishMod:TheEndOfMoonlight","MostiFishMod:SparklingWater","MostiFishMod:FantasySummer","MostiFishMod:NightSea","MostiFishMod:StarOceanB","Flying Knee","Dagger Spray+1","MostiFishMod:ThornCasing","Cloak And Dagger","Terror","Outmaneuver","Blade Dance","REME_ShadowForm","MostiFishMod:LethalBlade","Quick Slash","PiercingWail","Choke+1","Fluid Movement","MostiFishMod:VineMother+1","MostiFishMod:VineMother+1","Footwork","After Image+1","Adrenaline+1","Adrenaline","MostiFishMod:ShivMaster","MostiFishMod:ShivMaster","MostiFishMod:GrandStart","Phantasmal Killer","REME_ShadowForm","Burst","MostiFishMod:VineMother+1"],"relics":["Ring of the Snake","testmod-TestBox","REME_ComplimentaryCards","DaveBox","MoonlightInvasionPlan","testmod-BlackFramedGlasses","SynthV:TestCard","Sling","Ginger","Akabeko","vexMod:GildedClover","testmod-BatchProcessingSystem","Technique","Onion Ring","Strawberry","SynthV:C4","Gremlin Horn","MealTicket","Snake Skull","Vajra","Toxic Egg 2","Replay:Bottled Eggs"],"acts_visited":["Exordium","TheCity"],"potions_floor_usage":[16],"damage_taken":[{"damage":0,"enemies":"2 Louse","floor":1,"turns":1},{"damage":0,"enemies":"Jaw Worm","floor":4,"turns":2},{"damage":0,"enemies":"Cultist","floor":5,"turns":3},{"damage":0,"enemies":"Large Slime","floor":7,"turns":4},{"damage":6,"enemies":"Lagavulin","floor":8,"turns":4},{"damage":0,"enemies":"Lots of Slimes","floor":10,"turns":1},{"damage":0,"enemies":"Gremlin Nob","floor":11,"turns":2},{"damage":13,"enemies":"3 Louse","floor":12,"turns":2},{"damage":0,"enemies":"Red Slaver","floor":14,"turns":1},{"damage":11,"enemies":"Hexaghost","floor":16,"turns":7},{"damage":11,"enemies":"Spheric Guardian","floor":18,"turns":3},{"damage":0,"enemies":"Shell Parasite","floor":21,"turns":1},{"damage":0,"enemies":"Gremlin Leader","floor":23,"turns":2},{"damage":5,"enemies":"Replay:Snechameleon","floor":25,"turns":2},{"damage":0,"enemies":"Book of Stabbing","floor":28,"turns":1},{"damage":0,"enemies":"Sentry and Sphere","floor":31,"turns":1},{"damage":17,"enemies":"Pondfish","floor":33,"turns":3}],"seed_played":"6914485040907778979","potions_obtained":[{"floor":5,"key":"Fire Potion"},{"floor":10,"key":"LiquidMemories"},{"floor":11,"key":"Explosive Potion"},{"floor":18,"key":"SpeedPotion"}],"is_trial":false,"path_per_floor":["M","?","$","M","M","R","M","E","T","M","E","M","?","M","R","B",null,"M","?","$","M","$","E","R","E","T","$","E","?","R","M","R","B"],"character_chosen":"THE_SILENT","items_purchased":["Sling","Ginger","Dagger Spray+1","MostiFishMod:ThornCasing","Cloak And Dagger","Choke+1","vexMod:GildedClover","Fluid Movement","After Image","Adrenaline+1","Technique","Onion Ring","MostiFishMod:ShivMaster","SynthV:C4","Vajra","MostiFishMod:VineMother","Toxic Egg 2","Replay:Bottled Eggs"],"campfire_rested":0,"item_purchase_floors":[3,3,3,3,3,15,15,15,20,20,20,22,22,24,30,32,32,32],"current_hp_per_floor":[64,53,53,55,58,58,62,60,60,61,63,52,52,53,53,49,65,57,57,57,58,58,67,67,64,64,77,77,77,77,77,77,61,61],"gold":7974,"neow_bonus":"ONE_RANDOM_RARE_CARD","is_daily":false,"chose_seed":false,"campfire_upgraded":0,"win_rate":0.0,"timestamp":1610004540,"path_taken":["M","?","$","M","M","R","M","E","T","M","E","M","?","?","R","BOSS","M","?","$","?","$","E","R","E","T","$","E","?","R","M","R","BOSS"],"items_purchased_type":["Relic","Relic","Card","Card","Card","Card","Relic","Card","Card","Card","Relic","Relic","Card","Relic","Relic","Card","Relic","Relic"],"build_version":"2020-12-22","purchased_purges":6,"victory":false,"max_hp_per_floor":[70,70,70,70,70,70,70,70,70,70,70,70,70,70,70,70,70,70,70,70,70,70,77,77,77,77,77,77,77,77,77,77,77,77],"relic_stats":{"Gremlin Horn":[2,2],"counters":[17,40],"MealTicket":13,"Snake Skull":[0],"Ginger":[1],"obtain_stats":[{"vexMod:GildedClover":15,"testmod-TestBox":0,"DaveBox":0,"Gremlin Horn":25,"MoonlightInvasionPlan":0,"testmod-BatchProcessingSystem":17,"Vajra":30,"Snake Skull":28,"Ginger":3,"Sling":3,"testmod-BlackFramedGlasses":0,"Akabeko":11,"SynthV:C4":24,"SynthV:TestCard":1,"Strawberry":23,"Onion Ring":22,"MealTicket":26,"Technique":20,"Toxic Egg 2":32,"Replay:Bottled Eggs":32,"Ring of the Snake":0,"REME_ComplimentaryCards":0},{"vexMod:GildedClover":9,"testmod-TestBox":0,"DaveBox":0,"Gremlin Horn":14,"MoonlightInvasionPlan":0,"testmod-BatchProcessingSystem":10,"Vajra":15,"Snake Skull":15,"Ginger":1,"Sling":1,"testmod-BlackFramedGlasses":0,"Akabeko":7,"SynthV:C4":13,"SynthV:TestCard":1,"Strawberry":13,"Onion Ring":12,"MealTicket":14,"Technique":11,"Toxic Egg 2":16,"Replay:Bottled Eggs":16,"Ring of the Snake":0,"REME_ComplimentaryCards":0},{"vexMod:GildedClover":20,"testmod-TestBox":0,"DaveBox":0,"Gremlin Horn":35,"MoonlightInvasionPlan":0,"testmod-BatchProcessingSystem":27,"Vajra":36,"Snake Skull":36,"Ginger":1,"Sling":1,"testmod-BlackFramedGlasses":0,"Akabeko":17,"SynthV:C4":33,"SynthV:TestCard":1,"Strawberry":33,"Onion Ring":31,"MealTicket":35,"Technique":30,"Toxic Egg 2":37,"Replay:Bottled Eggs":37,"Ring of the Snake":0,"REME_ComplimentaryCards":0}],"Ring of the Snake":[34]},"card_choices":[{"not_picked":["Prepared","Dodge and Roll"],"picked":"Flying Knee","floor":1},{"not_picked":["Blur","Blade Dance","Endless Agony","Cloak And Dagger"],"picked":"Terror","floor":4},{"not_picked":["Underhanded Strike","Acrobatics","ReplayTheSpireMod:Scrap Shanks","Distraction"],"picked":"Outmaneuver","floor":5},{"not_picked":["Hidden Blade","Dash","Flechettes","Deadly Poison"],"picked":"Blade Dance","floor":7},{"not_picked":["Prepared","Sucker Punch","Dagger Throw","ReplayTheSpireMod:Scrap Shanks"],"picked":"REME_ShadowForm","floor":8},{"not_picked":["Dagger Throw","Dodge and Roll","Sucker Punch","Predator"],"picked":"Choke","floor":10},{"not_picked":["Sucker Punch","Catalyst","Outmaneuver","Backstab"],"picked":"MostiFishMod:LethalBlade","floor":11},{"not_picked":["Tactician","Blur","Poisoned Stab","Replay:Poison Smokescreen"],"picked":"Quick Slash","floor":12},{"not_picked":["Dagger Spray","Dodge and Roll","Outmaneuver","ReplayTheSpireMod:Exploit Weakness"],"picked":"PiercingWail","floor":14},{"not_picked":["Envenom","Atom Bomb","Malaise","MostiFishMod:Listen"],"picked":"MostiFishMod:VineMother","floor":16},{"not_picked":["After Image","REME_SpectralBlade","MostiFishMod:WinterMarkForm","Venomology"],"picked":"MostiFishMod:VineMother","floor":18},{"not_picked":["Doppelganger","MostiFishMod:HiddenBlade","Poison Darts","MostiFishMod:Neurotoxin"],"picked":"Adrenaline","floor":21},{"not_picked":["ReplayTheSpireMod:Necrosis","MostiFishMod:HiddenBlade","MostiFishMod:Listen","MostiFishMod:ShivMaster"],"picked":"MostiFishMod:GrandStart","floor":23},{"not_picked":["Envenom","Replay:Bag of Tricks","MostiFishMod:Confrontation","REME_ShadowForm"],"picked":"Phantasmal Killer","floor":25},{"not_picked":["MostiFishMod:Dislodge","Replay:Bag of Tricks","ReplayTheSpireMod:Necrosis","Poison Darts"],"picked":"REME_ShadowForm","floor":28},{"not_picked":["REME_SpectralBlade","MostiFishMod:HiddenBlade","Adrenaline","MostiFishMod:AdrenalineArouse"],"picked":"Burst","floor":31}],"player_experience":61329,"relics_obtained":[{"floor":1,"key":"SynthV:TestCard"},{"floor":11,"key":"Akabeko"},{"floor":23,"key":"Strawberry"},{"floor":25,"key":"Gremlin Horn"},{"floor":26,"key":"MealTicket"},{"floor":28,"key":"Snake Skull"}],"event_choices":[{"damage_healed":0,"gold_gain":75,"player_choice":"Gather Gold","damage_taken":11,"max_hp_gain":0,"max_hp_loss":0,"event_name":"World of Goop","floor":2,"gold_loss":0},{"damage_healed":0,"gold_gain":0,"player_choice":"Leave","damage_taken":0,"max_hp_gain":0,"max_hp_loss":0,"event_name":"FaceTrader","floor":13,"gold_loss":0},{"damage_healed":0,"gold_gain":0,"player_choice":"1 cards matched","damage_taken":0,"max_hp_gain":0,"max_hp_loss":0,"event_name":"Match and Keep!","floor":19,"gold_loss":0,"cards_obtained":["Footwork"]},{"damage_healed":0,"gold_gain":0,"player_choice":"Ignored","damage_taken":0,"max_hp_gain":0,"max_hp_loss":0,"event_name":"Vampires","floor":29,"gold_loss":0}],"is_beta":false,"boss_relics":[{"not_picked":["Honey Jar","aspiration:IroncladSkillbook"],"picked":"testmod-BatchProcessingSystem"}],"items_purged_floors":[3,3,15,15,20,32],"is_endless":false,"potions_floor_spawned":[5,10,11,12,18,23],"killed_by":"Pondfish","ascension_level":9}}