{"host":"32dedufnxebqtmo3","time":1610027162,"event":{"mods":["AchievementEnabler","BaseMod","Better Third Choice","Card Filter","Colored Powertips","Defuse TimeMaze Blight","Eldritch Tears","GifTheSpireLib","Minty Spire (QoL Compilation)","Permanent Neow","Relic Filter","Relic Stats","Remove Card Discount Mod","Shop Mod","StSLib","The Cursed","Unceasing Turn Reminder"],"gold_per_floor":[119,138,138,149,147,182,192,192,218,234,5,5,5,15,15,111,111,125,125,143,143,143,173,188,72,72],"floor_reached":25,"playtime":1181,"items_purged":["EAMod:AkomiStrike"],"score":223,"play_id":"953d121d-fdb3-4688-a629-e257c9422070","local_time":"20210107054602","is_ascension_mode":false,"campfire_choices":[{"data":"EAMod:AkomiFlameWhip","floor":8,"key":"SMITH"},{"data":"EAMod:AkomiFlameWhip","floor":15,"key":"SMITH"}],"circlet_count":0,"master_deck":["EAMod:AkomiStrike","EAMod:AkomiStrike","EAMod:AkomiStrike","EAMod:AkomiDefend","EAMod:AkomiDefend","EAMod:AkomiDefend","EAMod:AkomiDefend","EAMod:AkomiKindle+1","EAMod:AkomiFlameWhip+1","EAMod:AkomiGlutton","EAMod:AkomiFlameWhip+1","EAMod:AkomiNaginataReach","Good Instincts","EAMod:AkomiFireball","Necronomicurse","EAMod:AkomiFollowthrough+1"],"relics":["EAMod:AkomiRelic","Calipers","Anchor","Bronze Scales","Runic Pyramid","Necronomicon","betterThird:NestCultRelic","MerchantsRug"],"acts_visited":["Exordium","TheCity"],"potions_floor_usage":[6,18,20,24,24],"damage_taken":[{"damage":1,"enemies":"2 Louse","floor":1,"turns":3},{"damage":0,"enemies":"Jaw Worm","floor":2,"turns":3},{"damage":2,"enemies":"Small Slimes","floor":4,"turns":4},{"damage":16,"enemies":"3 Sentries","floor":6,"turns":7},{"damage":3,"enemies":"Looter","floor":7,"turns":4},{"damage":1,"enemies":"Large Slime","floor":10,"turns":7},{"damage":0,"enemies":"2 Fungi Beasts","floor":14,"turns":3},{"damage":21,"enemies":"The Guardian","floor":16,"turns":9},{"damage":2,"enemies":"2 Thieves","floor":18,"turns":4},{"damage":0,"enemies":"3 Byrds","floor":20,"turns":3},{"damage":49,"enemies":"Gremlin Leader","floor":23,"turns":7},{"damage":2,"enemies":"Centurion and Healer","floor":24,"turns":6}],"seed_played":"-1592131105169326218","potions_obtained":[{"floor":2,"key":"Swift Potion"},{"floor":4,"key":"Energy Potion"},{"floor":14,"key":"SteroidPotion"},{"floor":16,"key":"SpeedPotion"},{"floor":18,"key":"DuplicationPotion"},{"floor":23,"key":"Energy Potion"},{"floor":24,"key":"GamblersBrew"}],"is_trial":false,"path_per_floor":["M","M","?","M","$","E","M","R","T","M","$","?","$","M","R","B",null,"M","?","M","?","?","E","M","$"],"character_chosen":"FLAMEPETAL","items_purchased":["Good Instincts","Bronze Scales","MerchantsRug"],"campfire_rested":0,"item_purchase_floors":[11,11,25],"current_hp_per_floor":[79,79,72,71,71,58,56,56,56,58,58,63,63,63,63,46,85,83,83,83,67,67,19,19,19,19],"gold":72,"neow_bonus":"UPGRADE_CARD","is_daily":false,"chose_seed":false,"campfire_upgraded":2,"win_rate":0.0,"timestamp":1610027162,"path_taken":["M","M","?","M","$","E","M","R","T","M","$","?","?","M","R","BOSS","M","?","M","?","?","E","M","$"],"items_purchased_type":["Card","Relic","Relic"],"build_version":"2020-12-22","purchased_purges":1,"victory":false,"max_hp_per_floor":[80,80,80,80,80,80,80,80,80,80,80,85,85,85,85,85,85,85,85,85,85,85,85,85,85,85],"relic_stats":{"counters":[12,60],"Bronze Scales":[128],"Necronomicon":[4],"obtain_stats":[{"MerchantsRug":25,"Anchor":9,"Calipers":6,"Bronze Scales":11,"betterThird:NestCultRelic":22,"Necronomicon":21,"EAMod:AkomiRelic":0,"Smiling Mask":23,"Runic Pyramid":17},{"MerchantsRug":12,"Anchor":5,"Calipers":4,"Bronze Scales":6,"betterThird:NestCultRelic":10,"Necronomicon":10,"EAMod:AkomiRelic":0,"Smiling Mask":11,"Runic Pyramid":8},{"MerchantsRug":60,"Anchor":21,"Calipers":17,"Bronze Scales":28,"betterThird:NestCultRelic":47,"Necronomicon":47,"EAMod:AkomiRelic":0,"Smiling Mask":54,"Runic Pyramid":40}]},"card_choices":[{"not_picked":["EAMod:AkomiFlameWall","EAMod:AkomiFireball"],"picked":"EAMod:AkomiFlameWhip","floor":1},{"not_picked":["EAMod:AkomiFireball","EAMod:AkomiFlameWhip"],"picked":"EAMod:AkomiGlutton","floor":2},{"not_picked":["EAMod:AkomiFlareUp","EAMod:AkomiFurnace"],"picked":"EAMod:AkomiFlameWhip","floor":4},{"not_picked":["EAMod:AkomiFlameWall","EAMod:AkomiReignite","EAMod:AkomiSingleOut"],"picked":"SKIP","floor":6},{"not_picked":["EAMod:AkomiEmber","EAMod:AkomiVentHeat"],"picked":"EAMod:AkomiNaginataReach","floor":7},{"not_picked":["EAMod:AkomiVentHeat","EAMod:AkomiFlameWhip","EAMod:AkomiFlareUp"],"picked":"SKIP","floor":10},{"not_picked":["EAMod:AkomiFireball","EAMod:AkomiSnack","EAMod:AkomiFlameWall"],"picked":"SKIP","floor":14},{"not_picked":["EAMod:AkomiFlameWhip+1","EAMod:AkomiFlareUp"],"picked":"EAMod:AkomiFireball","floor":18},{"not_picked":["EAMod:AkomiSnack","EAMod:AkomiSimmer","EAMod:AkomiEmber+1"],"picked":"SKIP","floor":20},{"not_picked":["EAMod:AkomiReignite","EAMod:AkomiSingleOut","EAMod:AkomiFume"],"picked":"SKIP","floor":23},{"not_picked":["EAMod:AkomiFlareUp+1","EAMod:AkomiFume"],"picked":"EAMod:AkomiFollowthrough+1","floor":24}],"player_experience":675038,"relics_obtained":[{"floor":6,"key":"Calipers"},{"floor":9,"key":"Anchor"},{"floor":21,"key":"Necronomicon"},{"floor":23,"key":"Smiling Mask"}],"event_choices":[{"cards_removed":["EAMod:AkomiStrike"],"damage_healed":0,"gold_gain":0,"player_choice":"Card Removal","damage_taken":7,"max_hp_gain":0,"max_hp_loss":0,"event_name":"Golden Wing","floor":3,"gold_loss":0},{"damage_healed":0,"gold_gain":0,"player_choice":"Donut","damage_taken":0,"max_hp_gain":5,"max_hp_loss":0,"event_name":"Big Fish","floor":12,"gold_loss":0},{"damage_healed":0,"gold_gain":0,"player_choice":"Ignored","damage_taken":0,"max_hp_gain":0,"max_hp_loss":0,"event_name":"Beggar","floor":19,"gold_loss":0},{"damage_healed":0,"gold_gain":0,"player_choice":"Obtained Book","damage_taken":16,"max_hp_gain":0,"max_hp_loss":0,"event_name":"Cursed Tome","floor":21,"gold_loss":0},{"damage_healed":0,"gold_gain":0,"player_choice":"Madness","damage_taken":0,"relics_obtained":["betterThird:NestCultRelic"],"max_hp_gain":0,"max_hp_loss":0,"event_name":"betterThird:BetterNest","floor":22,"gold_loss":0}],"is_beta":false,"boss_relics":[{"not_picked":["Pandora\u0027s Box","Velvet Choker"],"picked":"Runic Pyramid"}],"items_purged_floors":[5],"is_endless":false,"potions_floor_spawned":[2,4,14,16,18,23,24],"ascension_level":0}}