{"host":"bxdue9bkfm2khp2x","time":1610033032,"event":{"mods":["ATMod(阿瑾Mod)","Aspiration","BaseMod","Better Vampires","Challenge The Spire","Colored Powertips","Conspire","Decade(王小明)","Dota2Spire","Downfall","Highlight Path","Marisa（F雨　魔理沙）","Minty Spire (QoL Compilation)","MostiFishMod","Remilia（蕾米莉亚）","Replay The Spire","RumiaBox-露米娅的神秘盒子","Ryuuou龙王","Spicy Shops","StSLib","Td1madao Mod","The Alterego","The Cursed","The Servant 0.9.4","WarShipGirlsR/战舰少女R mod","Youmu（魂魄妖梦）","noobMod","vexMod","【功能Mod】混沌之环修复补丁","【遗物卡牌】REMEMod","篝火指南"],"gold_per_floor":[118,118,136,211,136,136,168,168,243,243,243],"floor_reached":10,"playtime":279,"items_purged":["MostiFishMod:TheEndOfMoonlight"],"score":128,"play_id":"b53ad1e1-6f60-4ae6-bd84-5ae571aa0f75","local_time":"20210107232352","is_ascension_mode":true,"campfire_choices":[{"data":"Chill","floor":6,"key":"SMITH"},{"data":"Go for the Eyes","floor":8,"key":"SMITH"}],"circlet_count":0,"master_deck":["AscendersBane","Strike_B","Strike_B","Strike_B","Strike_B","Defend_B","Defend_B","Defend_B","Defend_B","Zap","Dualcast","MostiFishMod:SparklingWater","MostiFishMod:FantasySummer","MostiFishMod:NightSea","AT_ChampionStep","Guardian:Gem_Synthetic","Chill+1","Cold Snap","Go for the Eyes+1"],"relics":["Cracked Core","DaveBox","REME_ComplimentaryCards","ice","AT_ATBox","MoonlightInvasionPlan","NeowsBlessing","SynthV:TestCard","Replay:Accelerometer","White Beast Statue"],"acts_visited":["Exordium"],"potions_floor_usage":[],"damage_taken":[{"damage":0,"enemies":"Small Slimes","floor":1,"turns":2},{"damage":0,"enemies":"2 Louse","floor":3,"turns":1},{"damage":3,"enemies":"3 Sentries","floor":7,"turns":2},{"damage":4,"enemies":"Gremlin Nob","floor":10,"turns":3}],"seed_played":"3117664957232201016","potions_obtained":[{"floor":7,"key":"ColorlessPotion"}],"is_trial":false,"path_per_floor":["M","?","M","?","$","R","E","R","T","E"],"character_chosen":"DEFECT","items_purchased":[],"campfire_rested":0,"item_purchase_floors":[],"current_hp_per_floor":[64,64,64,53,53,53,50,50,50,46,46],"gold":243,"neow_bonus":"THREE_ENEMY_KILL","is_daily":false,"chose_seed":false,"campfire_upgraded":2,"win_rate":0.0,"timestamp":1610033032,"path_taken":["M","?","M","?","$","R","E","R","T","E"],"items_purchased_type":[],"build_version":"2020-12-22","purchased_purges":1,"victory":false,"max_hp_per_floor":[71,71,71,71,71,71,71,71,71,71,71],"card_choices":[{"not_picked":["Turbo","Barrage"],"picked":"Chill","floor":1},{"not_picked":["MostiFishMod:PushDownKick","Turbo","Rebound","Doom and Gloom"],"picked":"Cold Snap","floor":3},{"not_picked":["AT_WarpDrive","BootSequence","Ball Lightning","Cold Snap"],"picked":"Go for the Eyes","floor":7}],"player_experience":1519692,"relics_obtained":[{"floor":1,"key":"SynthV:TestCard"},{"floor":7,"key":"Replay:Accelerometer"},{"floor":9,"key":"White Beast Statue"}],"event_choices":[{"cards_removed":["MostiFishMod:Neptune"],"damage_healed":0,"gold_gain":0,"player_choice":"Forget","damage_taken":0,"max_hp_gain":0,"max_hp_loss":0,"event_name":"Living Wall","floor":2,"gold_loss":0},{"damage_healed":0,"gold_gain":75,"player_choice":"Gather Gold","damage_taken":11,"max_hp_gain":0,"max_hp_loss":0,"event_name":"World of Goop","floor":4,"gold_loss":0}],"is_beta":false,"boss_relics":[],"items_purged_floors":[5],"is_endless":false,"potions_floor_spawned":[7],"killed_by":"Gremlin Nob","ascension_level":20}}