{"host":"ufl0k2so27eic2iy","time":1610027256,"event":{"mods":["BaseMod","Minty Spire (QoL Compilation)","StSLib","The Animator"],"gold_per_floor":[113,113,132,21,38,64,64,93,93,108,140,140,140,40,40,114,114,127,140,140,140],"floor_reached":20,"playtime":718,"items_purged":["Strike_G","Strike_G"],"score":336,"play_id":"2739cb73-7881-49f5-9666-95201bce412b","local_time":"20210107134736","is_ascension_mode":true,"campfire_choices":[{"data":"Noxious Fumes","floor":7,"key":"SMITH"},{"floor":12,"key":"REST"},{"data":"Crippling Poison","floor":15,"key":"SMITH"}],"circlet_count":0,"master_deck":["AscendersBane","Survivor","Neutralize+1","Flying Knee","Endless Agony","Infinite Blades","Noxious Fumes+1","Backstab","Crippling Poison+1","Blade Dance","After Image","Well Laid Plans","Grand Finale","Infinite Blades","Eviscerate","Bullet Time","Finisher","Unload","Bane"],"relics":["Ring of the Snake","Mercury Hourglass","Happy Flower","Whetstone","Singing Bowl","Bottled Tornado","Pandora\u0027s Box"],"acts_visited":["Exordium","TheCity"],"potions_floor_usage":[6,18],"damage_taken":[{"damage":14,"enemies":"2 Louse","floor":1,"turns":3},{"damage":2,"enemies":"Jaw Worm","floor":3,"turns":3},{"damage":0,"enemies":"Cultist","floor":5,"turns":3},{"damage":12,"enemies":"Lagavulin","floor":6,"turns":6},{"damage":7,"enemies":"3 Sentries","floor":8,"turns":7},{"damage":3,"enemies":"Blue Slaver","floor":10,"turns":3},{"damage":5,"enemies":"Lagavulin","floor":11,"turns":5},{"damage":9,"enemies":"Hexaghost","floor":16,"turns":9},{"damage":18,"enemies":"2 Thieves","floor":18,"turns":3},{"damage":16,"enemies":"Spheric Guardian","floor":19,"turns":4},{"damage":36,"enemies":"Snake Plant","floor":20,"turns":3}],"seed_played":"947200283408840655","potions_obtained":[{"floor":3,"key":"AttackPotion"},{"floor":8,"key":"Dexterity Potion"},{"floor":10,"key":"GamblersBrew"},{"floor":19,"key":"CunningPotion"}],"is_trial":false,"path_per_floor":["M","?","M","$","M","E","R","E","T","M","E","R","?","$","R","B",null,"M","M","M"],"character_chosen":"THE_SILENT","items_purchased":["Infinite Blades"],"campfire_rested":1,"item_purchase_floors":[4],"current_hp_per_floor":[51,46,44,44,44,32,32,25,25,22,17,38,38,38,38,29,61,45,31,0,0],"gold":140,"neow_bonus":"TEN_PERCENT_HP_BONUS","is_daily":false,"chose_seed":false,"campfire_upgraded":2,"win_rate":0.0,"timestamp":1610027256,"path_taken":["M","?","M","$","M","E","R","E","T","M","E","R","?","?","R","BOSS","M","M","?"],"items_purchased_type":["Card"],"build_version":"2020-12-22","purchased_purges":2,"victory":false,"max_hp_per_floor":[72,72,72,72,72,72,72,72,72,72,72,72,72,72,72,72,72,74,76,76,76],"card_choices":[{"not_picked":["Slice","Sucker Punch"],"picked":"Flying Knee","floor":1},{"not_picked":["Dagger Spray","Underhanded Strike"],"picked":"Endless Agony","floor":3},{"not_picked":["Dodge and Roll","Terror","Acrobatics"],"picked":"SKIP","floor":5},{"not_picked":["Backflip","Sucker Punch"],"picked":"Noxious Fumes","floor":6},{"not_picked":["Envenom","Dash"],"picked":"Backstab","floor":8},{"not_picked":["Heel Hook","Dagger Spray"],"picked":"Crippling Poison","floor":10},{"not_picked":["Cloak And Dagger","Skewer"],"picked":"Blade Dance","floor":11},{"not_picked":["Night Terror","A Thousand Cuts"],"picked":"After Image","floor":16},{"not_picked":["Prepared","Poisoned Stab","Dagger Throw"],"picked":"Singing Bowl","floor":18},{"not_picked":["Doppelganger","Prepared","Eviscerate"],"picked":"Singing Bowl","floor":19}],"player_experience":2410093,"relics_obtained":[{"floor":6,"key":"Happy Flower"},{"floor":8,"key":"Whetstone"},{"floor":9,"key":"Singing Bowl"},{"floor":11,"key":"Bottled Tornado"}],"event_choices":[{"damage_healed":0,"gold_gain":0,"player_choice":"Success","damage_taken":5,"relics_obtained":["Mercury Hourglass"],"max_hp_gain":0,"max_hp_loss":0,"event_name":"Scrap Ooze","floor":2,"gold_loss":0},{"damage_healed":0,"gold_gain":0,"player_choice":"Ignored","damage_taken":0,"max_hp_gain":0,"max_hp_loss":0,"event_name":"Liars Game","floor":13,"gold_loss":0}],"is_beta":false,"boss_relics":[{"not_picked":["Tiny House","Snecko Eye"],"picked":"Pandora\u0027s Box"}],"items_purged_floors":[4,14],"is_endless":false,"potions_floor_spawned":[3,8,10,19],"killed_by":"Snake Plant","ascension_level":15}}