{"host":"gkp57zoegrd3f2ij","time":1610028530,"event":{"mods":["BaseMod","Colored Map","Colored Powertips","Minty Spire (QoL Compilation)","StSLib"],"gold_per_floor":[109,284,303,25,25,25,57,57,57,72,97,97,107,121,121,218,218,229,229,204,51,51,67,67,67],"floor_reached":24,"playtime":1334,"items_purged":[],"score":266,"play_id":"16741ec9-168e-4967-825f-73c3abba9169","local_time":"20210107150850","is_ascension_mode":true,"campfire_choices":[{"data":"Darkness","floor":6,"key":"SMITH"},{"data":"Compile Driver","floor":8,"key":"SMITH"},{"floor":15,"key":"REST"}],"circlet_count":0,"master_deck":["Strike_B+1","Strike_B","Strike_B","Strike_B","Defend_B","Defend_B","Defend_B","Defend_B","Zap","Dualcast","Doom and Gloom","Ball Lightning+1","Coolheaded","Darkness+1","Compile Driver+1","Redo","Consume","Auto Shields","Steam","Machine Learning","Conserve Battery+1","Conserve Battery+1"],"relics":["Cracked Core","NeowsBlessing","Lantern","Shuriken","Question Card","Smiling Mask","HornCleat","Inserter","Whetstone"],"acts_visited":["Exordium","TheCity"],"potions_floor_usage":[14,23,23],"damage_taken":[{"damage":0,"enemies":"Small Slimes","floor":1,"turns":1},{"damage":0,"enemies":"Jaw Worm","floor":3,"turns":1},{"damage":0,"enemies":"3 Sentries","floor":7,"turns":1},{"damage":1,"enemies":"Cultist","floor":10,"turns":3},{"damage":31,"enemies":"Lagavulin","floor":11,"turns":6},{"damage":9,"enemies":"2 Fungi Beasts","floor":13,"turns":2},{"damage":13,"enemies":"Lots of Slimes","floor":14,"turns":3},{"damage":43,"enemies":"The Guardian","floor":16,"turns":9},{"damage":20,"enemies":"Chosen","floor":18,"turns":6},{"damage":35,"enemies":"2 Thieves","floor":20,"turns":5},{"damage":11,"enemies":"Centurion and Healer","floor":23,"turns":8},{"damage":10,"enemies":"Slavers","floor":24,"turns":1}],"seed_played":"-5202259125856439808","potions_obtained":[{"floor":1,"key":"Regen Potion"},{"floor":11,"key":"CultistPotion"},{"floor":14,"key":"SmokeBomb"},{"floor":18,"key":"Block Potion"}],"is_trial":false,"path_per_floor":["M","?","M","$","?","R","E","R","T","M","E","?","M","M","R","B",null,"M","?","M","$","?","M","E"],"character_chosen":"DEFECT","items_purchased":["Lantern","Coolheaded","Darkness","Whetstone"],"campfire_rested":1,"item_purchase_floors":[4,4,4,21],"current_hp_per_floor":[75,75,75,75,80,80,80,80,80,79,48,48,39,35,59,16,80,60,54,19,19,19,8,0,0],"gold":67,"neow_bonus":"THREE_ENEMY_KILL","is_daily":false,"chose_seed":false,"campfire_upgraded":2,"win_rate":0.0,"timestamp":1610028530,"path_taken":["M","?","M","$","?","R","E","R","T","M","E","?","M","M","R","BOSS","M","?","?","$","?","M","E"],"items_purchased_type":["Relic","Card","Card","Relic"],"build_version":"2020-12-22","purchased_purges":0,"victory":false,"max_hp_per_floor":[75,75,75,75,80,80,80,80,80,80,80,80,80,80,80,80,80,80,80,80,80,80,80,80,80],"card_choices":[{"not_picked":["Stack","Conserve Battery"],"picked":"Doom and Gloom","floor":1},{"not_picked":["Capacitor","Gash"],"picked":"Ball Lightning","floor":3},{"not_picked":["Lockon","Steam"],"picked":"Compile Driver","floor":7},{"not_picked":["Gash","Streamline","Rebound"],"picked":"Redo","floor":10},{"not_picked":["Electrodynamics","Fusion","Storm"],"picked":"Consume","floor":11},{"not_picked":["Gash","Aggregate","Barrage"],"picked":"Auto Shields","floor":13},{"not_picked":["Rebound","Cold Snap","Beam Cell"],"picked":"Steam","floor":14},{"not_picked":["Thunder Strike","All For One","Reboot"],"picked":"Machine Learning","floor":16},{"not_picked":["Ball Lightning","Lockon","Compile Driver","Heatsinks"],"picked":"SKIP","floor":18},{"not_picked":["Stack+1","Loop","Turbo"],"picked":"Conserve Battery+1","floor":20},{"not_picked":["Sweeping Beam","Consume","Ball Lightning"],"picked":"Conserve Battery+1","floor":23}],"player_experience":305452,"relics_obtained":[{"floor":7,"key":"Shuriken"},{"floor":9,"key":"Question Card"},{"floor":11,"key":"Smiling Mask"}],"event_choices":[{"damage_healed":0,"gold_gain":175,"player_choice":"AGREE","damage_taken":0,"max_hp_gain":0,"max_hp_loss":0,"event_name":"Liars Game","floor":2,"gold_loss":0,"cards_obtained":["Doubt"]},{"damage_healed":0,"gold_gain":0,"player_choice":"Donut","damage_taken":0,"max_hp_gain":5,"max_hp_loss":0,"event_name":"Big Fish","floor":5,"gold_loss":0},{"damage_healed":0,"gold_gain":0,"player_choice":"Searched \u00271\u0027 times","damage_taken":0,"relics_obtained":["HornCleat"],"max_hp_gain":0,"max_hp_loss":0,"event_name":"Dead Adventurer","floor":12,"gold_loss":0},{"damage_healed":0,"gold_gain":0,"player_choice":"","damage_taken":6,"max_hp_gain":0,"max_hp_loss":0,"event_name":"Knowing Skull","floor":19,"potions_obtained":[],"gold_loss":0,"cards_obtained":[]},{"cards_removed":["Doubt"],"damage_healed":0,"gold_gain":0,"player_choice":"Removed Curses","damage_taken":0,"max_hp_gain":0,"max_hp_loss":0,"event_name":"Fountain of Cleansing","floor":22,"gold_loss":0}],"is_beta":false,"boss_relics":[{"not_picked":["Pandora\u0027s Box","Astrolabe"],"picked":"Inserter"}],"items_purged_floors":[],"is_endless":false,"potions_floor_spawned":[1,11,14,18],"killed_by":"Slavers","ascension_level":3}}