{"host":"dowi7cgbhepuzvpj","time":1610026654,"event":{"mods":["AchievementEnabler","BaseMod","Colored Map","Highlight Path","Keyboard Shortcuts","Minty Spire (QoL Compilation)","Permanent Neow","Quick Restart","StSLib","SuperFastMode"],"gold_per_floor":[115,131,131,111,127,127,139,155,181,181,196,231,74,103,103,103,103],"floor_reached":16,"playtime":642,"items_purged":[],"score":182,"play_id":"7d2d24cf-7a35-4be8-84ba-09aebc62f05b","local_time":"20210107223734","is_ascension_mode":true,"campfire_choices":[{"data":"Neutralize","floor":6,"key":"SMITH"},{"data":"Footwork","floor":10,"key":"SMITH"},{"floor":15,"key":"REST"}],"circlet_count":0,"master_deck":["AscendersBane","Strike_G","Strike_G","Strike_G","Strike_G","Defend_G","Defend_G","Defend_G","Defend_G","Defend_G","Survivor","Neutralize+1","Poisoned Stab","Footwork","Backflip","Footwork+1","Escape Plan","Deadly Poison","Flying Knee","Dodge and Roll"],"relics":["Ring of the Snake","Lantern","Strawberry","CeramicFish","Blood Vial"],"acts_visited":["Exordium"],"potions_floor_usage":[8,8,16,16],"damage_taken":[{"damage":0,"enemies":"Jaw Worm","floor":1,"turns":5},{"damage":7,"enemies":"2 Louse","floor":2,"turns":4},{"damage":0,"enemies":"Cultist","floor":5,"turns":4},{"damage":3,"enemies":"Lots of Slimes","floor":7,"turns":9},{"damage":22,"enemies":"Gremlin Gang","floor":8,"turns":4},{"damage":13,"enemies":"Exordium Thugs","floor":11,"turns":12},{"damage":24,"enemies":"3 Sentries","floor":12,"turns":12},{"damage":0,"enemies":"Looter","floor":14,"turns":4},{"damage":31,"enemies":"Slime Boss","floor":16,"turns":15}],"seed_played":"5921358753495648935","potions_obtained":[{"floor":4,"key":"Explosive Potion"},{"floor":5,"key":"Dexterity Potion"},{"floor":8,"key":"Fruit Juice"},{"floor":11,"key":"Strength Potion"}],"is_trial":false,"path_per_floor":["M","M","?","?","M","R","M","M","T","R","M","E","$","M","R","B"],"character_chosen":"THE_SILENT","items_purchased":["Blood Vial"],"campfire_rested":1,"item_purchase_floors":[13],"current_hp_per_floor":[59,52,52,52,52,52,49,32,39,39,26,2,2,4,27,0,0],"gold":103,"neow_bonus":"RANDOM_COMMON_RELIC","is_daily":false,"chose_seed":false,"campfire_upgraded":2,"win_rate":0.0,"timestamp":1610026654,"path_taken":["M","M","?","?","M","R","M","M","T","R","?","E","?","M","R","BOSS"],"items_purchased_type":["Relic"],"build_version":"2020-12-22","purchased_purges":0,"victory":false,"max_hp_per_floor":[66,66,66,66,66,66,66,71,78,78,78,78,78,78,78,78,78],"card_choices":[{"not_picked":["Sucker Punch","Quick Slash"],"picked":"Poisoned Stab","floor":1},{"not_picked":["Deflect","Sucker Punch"],"picked":"Footwork","floor":2},{"not_picked":["Blade Dance","Well Laid Plans"],"picked":"Footwork","floor":5},{"not_picked":["Riddle With Holes","Accuracy","Quick Slash"],"picked":"SKIP","floor":7},{"not_picked":["Dagger Throw","Eviscerate"],"picked":"Escape Plan","floor":8},{"not_picked":["Prepared","Slice"],"picked":"Deadly Poison","floor":11},{"not_picked":["Sucker Punch","Riddle With Holes"],"picked":"Flying Knee","floor":12},{"not_picked":["Flechettes","Prepared"],"picked":"Dodge and Roll","floor":14}],"player_experience":768033,"relics_obtained":[{"floor":9,"key":"Strawberry"},{"floor":12,"key":"CeramicFish"}],"event_choices":[{"damage_healed":0,"gold_gain":0,"cards_transformed":["Strike_G"],"player_choice":"Change","damage_taken":0,"max_hp_gain":0,"max_hp_loss":0,"event_name":"Living Wall","floor":3,"gold_loss":0,"cards_obtained":["Backflip"]},{"damage_healed":0,"gold_gain":0,"player_choice":"Bought 1 Potion","damage_taken":0,"max_hp_gain":0,"max_hp_loss":0,"event_name":"The Woman in Blue","floor":4,"gold_loss":0}],"is_beta":false,"boss_relics":[],"items_purged_floors":[],"is_endless":false,"potions_floor_spawned":[5,7,8,11,14],"killed_by":"Slime Boss","ascension_level":15}}