{"host":"ws4mzzemcqsz5e2k","time":1610021545,"event":{"mods":["ATMod(阿瑾Mod)","Act Like it!","BaseMod","Better Synergies","Colored Powertips","Minty Spire (QoL Compilation)","Quick Restart","StSLib","没有小屋子和绿帽子啦"],"gold_per_floor":[115,190,190,202,127,152,52,64,88,88,115,115,115,135,135,135,135],"floor_reached":16,"playtime":351,"items_purged":["Pain","Strike_G"],"score":266,"play_id":"6c64e1d8-342f-4aed-afe1-2284b9aae189","local_time":"20210107201225","is_ascension_mode":true,"campfire_choices":[{"data":"AT_OneInchPunch","floor":10.0,"key":"SMITH"},{"data":"Acrobatics","floor":12.0,"key":"SMITH"},{"data":"Neutralize","floor":15.0,"key":"SMITH"}],"circlet_count":0,"master_deck":["AscendersBane","Strike_G","Strike_G","Strike_G","Defend_G","Defend_G","Defend_G","Defend_G","Defend_G","Survivor","Neutralize+1","AT_OneInchPunch+1","Terror","Acrobatics+1"],"relics":["Ring of the Snake","AT_ATBox","NeowsBlessing","WarpedTongs","Snake Skull","AT_SunfireAegis","Akabeko"],"acts_visited":["Exordium"],"potions_floor_usage":[16],"damage_taken":[{"damage":0.0,"enemies":"Small Slimes","floor":1.0,"turns":1.0},{"damage":1.0,"enemies":"Jaw Worm","floor":4.0,"turns":1.0},{"damage":0.0,"enemies":"Gremlin Nob","floor":6.0,"turns":1.0},{"damage":0.0,"enemies":"Cultist","floor":8.0,"turns":3.0},{"damage":17.0,"enemies":"3 Sentries","floor":11.0,"turns":6.0},{"damage":4.0,"enemies":"3 Louse","floor":14.0,"turns":3.0},{"damage":0,"enemies":"Slime Boss","floor":16,"turns":3}],"seed_played":"1758990489980094551","potions_obtained":[{"floor":4.0,"key":"ColorlessPotion"},{"floor":8.0,"key":"Strength Potion"}],"is_trial":false,"path_per_floor":["M","?","?","M","$","E","$","M","T","R","E","R","?","M","R","B"],"character_chosen":"THE_SILENT","items_purchased":[],"campfire_rested":0,"item_purchase_floors":[],"current_hp_per_floor":[59,48,48,47,47,47,47,47,47,47,30,30,23,19,19,19,19],"gold":135,"neow_bonus":"THREE_ENEMY_KILL","is_daily":false,"chose_seed":false,"campfire_upgraded":3,"win_rate":0.0,"timestamp":1610021545,"path_taken":["M","?","?","?","$","E","$","M","T","R","E","R","?","M","R","BOSS"],"items_purchased_type":[],"build_version":"2020-12-22","purchased_purges":2,"victory":false,"max_hp_per_floor":[66,66,66,66,66,66,66,66,66,66,66,66,66,66,66,66,66],"card_choices":[{"not_picked":["Bane","All Out Attack"],"picked":"Terror","floor":1.0},{"not_picked":["Accuracy","Outmaneuver","PiercingWail"],"picked":"SKIP","floor":4.0},{"not_picked":["Accuracy","Outmaneuver","PiercingWail"],"picked":"SKIP","floor":4.0},{"not_picked":["Flying Knee","Masterful Stab","Grand Finale"],"picked":"SKIP","floor":6.0},{"not_picked":["Setup","Outmaneuver"],"picked":"Acrobatics","floor":8.0},{"not_picked":["Sucker Punch","Backflip","Catalyst"],"picked":"SKIP","floor":11.0},{"not_picked":["Masterful Stab","Dagger Spray","Deflect"],"picked":"SKIP","floor":14.0}],"player_experience":1444920,"relics_obtained":[{"floor":6.0,"key":"Snake Skull"},{"floor":9.0,"key":"AT_SunfireAegis"},{"floor":11.0,"key":"Akabeko"}],"event_choices":[{"damage_healed":0.0,"max_hp_gain":0.0,"max_hp_loss":0.0,"gold_gain":75.0,"event_name":"World of Goop","player_choice":"Gather Gold","floor":2.0,"gold_loss":0.0,"damage_taken":11.0},{"damage_healed":0.0,"max_hp_gain":0.0,"max_hp_loss":0.0,"gold_gain":0.0,"event_name":"Accursed Blacksmith","player_choice":"Rummage","floor":3.0,"gold_loss":0.0,"damage_taken":0.0,"relics_obtained":["WarpedTongs"],"cards_obtained":["Pain"]},{"cards_removed":["Strike_G"],"damage_healed":0.0,"max_hp_gain":0.0,"max_hp_loss":0.0,"gold_gain":0.0,"event_name":"Golden Wing","player_choice":"Card Removal","floor":13.0,"gold_loss":0.0,"damage_taken":7.0}],"is_beta":false,"boss_relics":[],"items_purged_floors":[5,7],"is_endless":false,"potions_floor_spawned":[4,8],"killed_by":"Slime Boss","ascension_level":20}}