{"host":"sav7uxregyirlf69","time":1610021101,"event":{"mods":["AchievementEnabler","BaseMod","Colored Map","DeckTracker","Keyboard Shortcuts","Minty Spire (QoL Compilation)","READ ME - Guardian Mod","StSLib","SuperFastMode"],"gold_per_floor":[109,126,138,138,153,153,171,200,200,211,211,230,256,269,269,365,365,381,431,127,146,46,46,74,146,146,1,1,33,52,64,64,168,168,187,204,216,226,226,257,257,282,329,347,347,379,379,428,428,428,428,428,82,112,112],"floor_reached":56,"playtime":1364,"items_purged":["Strike_B","Strike_B"],"score":1483,"play_id":"f9e35bf3-18ed-4040-b611-5ee865da62ef","local_time":"20210107210501","is_ascension_mode":true,"campfire_choices":[{"data":"Sunder","floor":11.0,"key":"SMITH"},{"data":"Streamline","floor":15.0,"key":"SMITH"},{"data":"Defragment","floor":23.0,"key":"SMITH"},{"data":"Consume","floor":32.0,"key":"SMITH"},{"data":"Seek","floor":41.0,"key":"SMITH"},{"data":"Turbo","floor":45.0,"key":"SMITH"},{"floor":49.0,"key":"RECALL"},{"data":"Capacitor","floor":52.0,"key":"SMITH"}],"circlet_count":0,"master_deck":["Strike_B+1","Defend_B","Defend_B","Defend_B","Defend_B","Zap","Dualcast","Sunder+1","Cold Snap+1","Streamline+1","Ball Lightning","Turbo+1","Electrodynamics","Conserve Battery","Seek+1","Skim","Defragment+1","Coolheaded","BootSequence","Consume+1","Capacitor+1","Glacier","Defragment+1","Loop","Blizzard"],"relics":["Cracked Core","Incense Burner","Tiny Chest","Odd Mushroom","Runic Pyramid","Orrery","Art of War","Singing Bowl","InkBottle","Runic Capacitor","Shuriken","Sozu","Sundial","StoneCalendar","Juzu Bracelet","Whetstone","Ice Cream","Emotion Chip","StrikeDummy"],"acts_visited":["Exordium","TheCity","TheBeyond","TheEnding"],"potions_floor_usage":[],"damage_taken":[{"damage":1.0,"enemies":"Jaw Worm","floor":1.0,"turns":3.0},{"damage":1.0,"enemies":"Cultist","floor":2.0,"turns":3.0},{"damage":0.0,"enemies":"Small Slimes","floor":3.0,"turns":2.0},{"damage":3.0,"enemies":"Looter","floor":5.0,"turns":4.0},{"damage":9.0,"enemies":"Lots of Slimes","floor":7.0,"turns":3.0},{"damage":17.0,"enemies":"3 Sentries","floor":8.0,"turns":5.0},{"damage":15.0,"enemies":"Exordium Thugs","floor":10.0,"turns":5.0},{"damage":10.0,"enemies":"Large Slime","floor":12.0,"turns":5.0},{"damage":7.0,"enemies":"The Mushroom Lair","floor":13.0,"turns":3.0},{"damage":6.0,"enemies":"Red Slaver","floor":14.0,"turns":2.0},{"damage":4.0,"enemies":"Hexaghost","floor":16.0,"turns":8.0},{"damage":10.0,"enemies":"Shell Parasite","floor":18.0,"turns":4.0},{"damage":18.0,"enemies":"2 Thieves","floor":21.0,"turns":3.0},{"damage":22.0,"enemies":"Slavers","floor":24.0,"turns":3.0},{"damage":0.0,"enemies":"Gremlin Leader","floor":29.0,"turns":4.0},{"damage":7.0,"enemies":"Shelled Parasite and Fungi","floor":30.0,"turns":4.0},{"damage":0.0,"enemies":"Cultist and Chosen","floor":31.0,"turns":4.0},{"damage":0.0,"enemies":"Collector","floor":33.0,"turns":6.0},{"damage":0.0,"enemies":"3 Darklings","floor":35.0,"turns":4.0},{"damage":6.0,"enemies":"Orb Walker","floor":36.0,"turns":3.0},{"damage":0.0,"enemies":"Sphere and 2 Shapes","floor":37.0,"turns":4.0},{"damage":14.0,"enemies":"Jaw Worm Horde","floor":38.0,"turns":4.0},{"damage":0.0,"enemies":"Nemesis","floor":40.0,"turns":7.0},{"damage":0.0,"enemies":"Giant Head","floor":42.0,"turns":8.0},{"damage":1.0,"enemies":"Maw","floor":44.0,"turns":6.0},{"damage":11.0,"enemies":"Reptomancer","floor":46.0,"turns":5.0},{"damage":37.0,"enemies":"2 Orb Walkers","floor":48.0,"turns":4.0},{"damage":9.0,"enemies":"Donu and Deca","floor":50.0,"turns":9.0},{"damage":32,"enemies":"Shield and Spear","floor":54,"turns":5},{"damage":13,"enemies":"The Heart","floor":55,"turns":10}],"seed_played":"5264246795802188986","potions_obtained":[{"floor":3.0,"key":"Swift Potion"},{"floor":8.0,"key":"PowerPotion"},{"floor":12.0,"key":"Swift Potion"},{"floor":16.0,"key":"PowerPotion"},{"floor":28.0,"key":"Regen Potion"},{"floor":28.0,"key":"Energy Potion"},{"floor":29.0,"key":"SmokeBomb"},{"floor":30.0,"key":"SpeedPotion"},{"floor":31.0,"key":"DistilledChaos"}],"is_trial":true,"path_per_floor":["M","M","M","?","M","?","M","E","T","M","R","M","?","M","R","B",null,"M","?","$","M","$","R","E","T","T","$","?","E","M","M","R","B",null,"M","M","M","M","T","E","R","E","T","M","R","E","?","?","R","B",null,"R","$","E","B",null],"character_chosen":"DEFECT","items_purchased":["Defragment","Orrery","Runic Capacitor","Emotion Chip","Blizzard"],"campfire_rested":0,"item_purchase_floors":[20,20,27,53,53],"current_hp_per_floor":[74,73,73,73,70,75,66,49,49,34,34,24,17,11,11,7,80,70,70,70,52,52,52,30,30,30,30,30,44,39,41,41,43,88,88,84,86,72,72,74,74,74,74,75,75,66,66,31,31,22,95,95,95,65,52],"gold":112,"neow_bonus":"","is_daily":false,"chose_seed":false,"campfire_upgraded":7,"win_rate":0.0,"timestamp":1610021101,"path_taken":["M","M","M","?","?","?","M","E","T","M","R","M","?","M","R","BOSS","M","?","$","?","$","R","E","?","T","?","?","E","?","M","R","BOSS","M","M","M","M","?","E","R","E","T","M","R","E","?","?","R","BOSS","R","$","E","BOSS"],"items_purchased_type":["Card","Relic","Relic","Relic","Card"],"build_version":"2020-12-22","purchased_purges":2,"victory":true,"max_hp_per_floor":[75,75,75,75,75,80,80,80,80,80,80,80,80,80,80,80,80,80,80,80,80,80,80,80,80,80,80,80,82,84,86,86,88,88,88,90,92,92,92,94,94,94,94,96,96,98,93,95,95,95,95,95,95,97,97],"card_choices":[{"not_picked":["Barrage","Sweeping Beam"],"picked":"Sunder","floor":1.0},{"not_picked":["Force Field","Rebound","Sweeping Beam"],"picked":"SKIP","floor":2.0},{"not_picked":["Turbo","FTL"],"picked":"Cold Snap","floor":3.0},{"not_picked":["Barrage","Leap"],"picked":"Streamline","floor":5.0},{"not_picked":["Conserve Battery","Streamline"],"picked":"Ball Lightning","floor":7.0},{"not_picked":["Streamline","Compile Driver"],"picked":"Turbo","floor":8.0},{"not_picked":["Tempest","Redo","Loop"],"picked":"SKIP","floor":10.0},{"not_picked":["Doom and Gloom","Blizzard"],"picked":"Electrodynamics","floor":12.0},{"not_picked":["Leap","Fusion"],"picked":"Conserve Battery","floor":14.0},{"not_picked":["Electrodynamics","Multi-Cast"],"picked":"Seek","floor":16.0},{"not_picked":["Aggregate","Sunder"],"picked":"Skim","floor":18.0},{"not_picked":["Barrage","Turbo+1"],"picked":"Coolheaded","floor":20.0},{"not_picked":["Stack","Reprogram+1"],"picked":"BootSequence","floor":20.0},{"not_picked":["Ball Lightning","Barrage"],"picked":"Consume","floor":21.0},{"not_picked":["Beam Cell","All For One"],"picked":"Capacitor","floor":24.0},{"not_picked":["Conserve Battery","Chaos","Redo+1"],"picked":"Singing Bowl","floor":29.0},{"not_picked":["Aggregate+1","Redo","Rebound"],"picked":"Singing Bowl","floor":30.0},{"not_picked":["Sweeping Beam+1","Beam Cell+1","Force Field+1"],"picked":"Singing Bowl","floor":31.0},{"not_picked":["Buffer","Biased Cognition","Reboot"],"picked":"Singing Bowl","floor":33.0},{"not_picked":["Turbo+1","Ball Lightning+1"],"picked":"Glacier","floor":35.0},{"not_picked":["Hologram","Coolheaded+1","Turbo"],"picked":"Singing Bowl","floor":36.0},{"not_picked":["Conserve Battery+1","Darkness","Redo+1"],"picked":"Singing Bowl","floor":37.0},{"not_picked":["Go for the Eyes+1","FTL+1"],"picked":"Defragment+1","floor":38.0},{"not_picked":["Glacier+1","Double Energy+1","Heatsinks+1"],"picked":"Singing Bowl","floor":40.0},{"not_picked":["Scrape","Leap"],"picked":"Loop","floor":42.0},{"not_picked":["Turbo+1","Steam","Rip and Tear+1"],"picked":"Singing Bowl","floor":44.0},{"not_picked":["Streamline","Turbo","BootSequence+1"],"picked":"Singing Bowl","floor":46.0},{"not_picked":["Compile Driver","Go for the Eyes+1","Biased Cognition"],"picked":"Singing Bowl","floor":48.0},{"not_picked":["BootSequence","Coolheaded","Chill+1"],"picked":"Singing Bowl","floor":54}],"player_experience":1180857,"relics_obtained":[{"floor":8.0,"key":"Incense Burner"},{"floor":9.0,"key":"Tiny Chest"},{"floor":13.0,"key":"Odd Mushroom"},{"floor":24.0,"key":"Art of War"},{"floor":25.0,"key":"Singing Bowl"},{"floor":26.0,"key":"InkBottle"},{"floor":29.0,"key":"Shuriken"},{"floor":39.0,"key":"Sundial"},{"floor":40.0,"key":"StoneCalendar"},{"floor":42.0,"key":"Juzu Bracelet"},{"floor":46.0,"key":"Whetstone"},{"floor":48.0,"key":"Ice Cream"},{"floor":54,"key":"StrikeDummy"}],"event_choices":[{"cards_removed":["Strike_B"],"damage_healed":0.0,"max_hp_gain":0.0,"max_hp_loss":0.0,"gold_gain":0.0,"event_name":"Bonfire Elementals","player_choice":"Offered Basic","floor":4.0,"gold_loss":0.0,"damage_taken":0.0},{"damage_healed":0.0,"max_hp_gain":5.0,"max_hp_loss":0.0,"gold_gain":0.0,"event_name":"Big Fish","player_choice":"Donut","floor":6.0,"gold_loss":0.0,"damage_taken":0.0},{"damage_healed":0.0,"max_hp_gain":0.0,"max_hp_loss":0.0,"gold_gain":0.0,"event_name":"Mushrooms","player_choice":"Fought Mushrooms","floor":13.0,"gold_loss":0.0,"damage_taken":0.0},{"damage_healed":0.0,"max_hp_gain":0.0,"max_hp_loss":0.0,"gold_gain":100.0,"event_name":"The Joust","player_choice":"Bet on Murderer","floor":19.0,"gold_loss":50.0,"damage_taken":0.0},{"damage_healed":0.0,"max_hp_gain":0.0,"max_hp_loss":0.0,"gold_gain":0.0,"event_name":"Lab","player_choice":"Got Potions","floor":28.0,"gold_loss":0.0,"damage_taken":0.0},{"damage_healed":0.0,"max_hp_gain":0.0,"max_hp_loss":5.0,"gold_gain":0.0,"event_name":"Winding Halls","player_choice":"Max HP","floor":47.0,"gold_loss":0.0,"damage_taken":0.0},{"damage_healed":0.0,"max_hp_gain":0.0,"max_hp_loss":0.0,"gold_gain":0.0,"event_name":"Mysterious Sphere","player_choice":"Fight","floor":48.0,"gold_loss":0.0,"damage_taken":0.0}],"is_beta":false,"boss_relics":[{"not_picked":["SacredBark","Velvet Choker"],"picked":"Runic Pyramid"},{"not_picked":["Cursed Key","Inserter"],"picked":"Sozu"}],"items_purged_floors":[20,22],"is_endless":false,"potions_floor_spawned":[3,8,12,13,16,29,30,31,37,38,40,44,46,48,54],"ascension_level":1}}