{"host":"p6y17sixyu8q9v1f","time":1610014969,"event":{"mods":["BaseMod","Colored Map","Minty Spire (QoL Compilation)"],"gold_per_floor":[114,114,133,6,6,6,21,49,49,66,84,84,104,121,121,216,266,277,277,277,28,28,61,61,61,135,135,151,170,170,205,205,205,205],"floor_reached":33,"playtime":9776,"items_purged":["Strike_G","Strike_G"],"score":388,"play_id":"75bdf453-e403-44bd-bfac-8fd7eeee4813","local_time":"20210107042249","is_ascension_mode":true,"campfire_choices":[{"data":"Neutralize","floor":6,"key":"SMITH"},{"data":"Tactician","floor":12,"key":"SMITH"},{"data":"Prepared","floor":15,"key":"SMITH"},{"floor":27,"key":"REST"},{"data":"Eviscerate","floor":30,"key":"SMITH"},{"data":"Backflip","floor":32,"key":"SMITH"}],"circlet_count":0,"master_deck":["Strike_G","Strike_G+1","Strike_G+1","Defend_G","Defend_G+1","Defend_G+1","Defend_G+1","Defend_G","Survivor","Neutralize+1","All Out Attack+1","Eviscerate+1","Dagger Throw","Backflip+1","Tactician+1","Prepared+1","Well Laid Plans","Underhanded Strike","Dash","Underhanded Strike","Prepared+1","Acrobatics","Acrobatics","Dagger Throw","Underhanded Strike+1"],"relics":["Ring of the Snake","Centennial Puzzle","Letter Opener","War Paint","Lantern","Omamori","Nloth\u0027s Gift","Darkstone Periapt","Eternal Feather"],"acts_visited":["Exordium","TheCity"],"potions_floor_usage":[16,16,23,33],"damage_taken":[{"damage":1,"enemies":"Jaw Worm","floor":1,"turns":4},{"damage":0,"enemies":"2 Louse","floor":3,"turns":2},{"damage":0,"enemies":"Small Slimes","floor":7,"turns":2},{"damage":9,"enemies":"3 Sentries","floor":8,"turns":7},{"damage":0,"enemies":"2 Fungi Beasts","floor":10,"turns":2},{"damage":2,"enemies":"Large Slime","floor":11,"turns":4},{"damage":0,"enemies":"3 Louse","floor":13,"turns":2},{"damage":2,"enemies":"Red Slaver","floor":14,"turns":2},{"damage":9,"enemies":"Slime Boss","floor":16,"turns":10},{"damage":6,"enemies":"Shell Parasite","floor":18,"turns":6},{"damage":43,"enemies":"Book of Stabbing","floor":23,"turns":5},{"damage":0,"enemies":"Chosen","floor":28,"turns":4},{"damage":3,"enemies":"Snake Plant","floor":29,"turns":2},{"damage":0,"enemies":"Gremlin Leader","floor":31,"turns":5},{"damage":64,"enemies":"Automaton","floor":33,"turns":6}],"seed_played":"745736180449779045","potions_obtained":[{"floor":1,"key":"Block Potion"},{"floor":3,"key":"LiquidBronze"},{"floor":8,"key":"SkillPotion"},{"floor":23,"key":"Poison Potion"},{"floor":28,"key":"Ancient Potion"}],"is_trial":false,"path_per_floor":["M","?","M","$","?","R","M","E","T","M","M","R","M","M","R","B",null,"M","?","?","$","?","E","?","?","T","R","M","M","R","E","R","B"],"character_chosen":"THE_SILENT","items_purchased":["Dagger Throw","Lantern"],"campfire_rested":1,"item_purchase_floors":[4,21],"current_hp_per_floor":[69,69,69,69,55,55,55,46,46,46,44,44,44,42,42,33,66,60,60,60,60,60,17,17,17,17,39,39,36,36,36,51,0,0],"gold":205,"neow_bonus":"RANDOM_COMMON_RELIC","is_daily":false,"chose_seed":false,"campfire_upgraded":5,"win_rate":0.0,"timestamp":1610014969,"path_taken":["M","?","M","$","?","R","M","E","T","M","M","R","M","M","R","BOSS","M","?","?","$","?","E","?","?","T","R","M","M","R","E","R","BOSS"],"items_purchased_type":["Card","Relic"],"build_version":"2020-12-22","purchased_purges":2,"victory":false,"max_hp_per_floor":[70,70,70,70,70,70,70,70,70,70,70,70,70,70,70,70,75,75,75,75,75,75,75,75,75,75,75,75,75,75,75,75,75,75],"card_choices":[{"not_picked":["Underhanded Strike","Predator"],"picked":"All Out Attack","floor":1},{"not_picked":["Slice","Sucker Punch"],"picked":"Eviscerate","floor":3},{"not_picked":["Flechettes","Terror"],"picked":"Backflip","floor":7},{"not_picked":["Blur","Sucker Punch"],"picked":"Tactician","floor":8},{"not_picked":["Deflect","Blade Dance"],"picked":"Prepared","floor":10},{"not_picked":["Crippling Poison","Malaise"],"picked":"Well Laid Plans","floor":11},{"not_picked":["Deadly Poison","Dagger Spray"],"picked":"Underhanded Strike","floor":13},{"not_picked":["Sucker Punch","Calculated Gamble"],"picked":"Dash","floor":14},{"not_picked":["Dagger Spray","Deadly Poison"],"picked":"Underhanded Strike","floor":17},{"not_picked":["Reflex","Blade Dance"],"picked":"Prepared+1","floor":18},{"not_picked":["Concentrate","Outmaneuver"],"picked":"Acrobatics","floor":23},{"not_picked":["Blade Dance+1","PiercingWail+1"],"picked":"Dagger Throw","floor":28},{"not_picked":["Dash","Concentrate","Quick Slash"],"picked":"SKIP","floor":29},{"not_picked":["Bullet Time","Deadly Poison"],"picked":"Underhanded Strike+1","floor":31}],"player_experience":991495,"relics_obtained":[{"floor":8,"key":"Letter Opener"},{"floor":9,"key":"War Paint"},{"floor":23,"key":"Omamori"},{"floor":26,"key":"Darkstone Periapt"},{"floor":31,"key":"Eternal Feather"}],"event_choices":[{"damage_healed":0,"gold_gain":0,"player_choice":"Grow","damage_taken":0,"max_hp_gain":0,"max_hp_loss":0,"event_name":"Living Wall","floor":2,"gold_loss":0,"cards_upgraded":["All Out Attack"]},{"damage_healed":0,"gold_gain":0,"player_choice":"Entered Light","damage_taken":14,"max_hp_gain":0,"max_hp_loss":0,"event_name":"Shining Light","floor":5,"gold_loss":0,"cards_upgraded":["Defend_G","Strike_G"]},{"damage_healed":0,"gold_gain":0,"player_choice":"Read","damage_taken":0,"max_hp_gain":0,"max_hp_loss":0,"event_name":"The Library","floor":19,"gold_loss":0,"cards_obtained":["Acrobatics"]},{"damage_healed":0,"gold_gain":0,"player_choice":"Ignored","damage_taken":0,"max_hp_gain":0,"max_hp_loss":0,"event_name":"Vampires","floor":20,"gold_loss":0},{"damage_healed":0,"gold_gain":0,"player_choice":"Ignored","damage_taken":0,"max_hp_gain":0,"max_hp_loss":0,"event_name":"Ghosts","floor":22,"gold_loss":0},{"damage_healed":0,"gold_gain":0,"player_choice":"Smashed Altar","damage_taken":0,"max_hp_gain":0,"max_hp_loss":0,"event_name":"Forgotten Altar","floor":24,"gold_loss":0,"cards_obtained":["Decay"]},{"damage_healed":0,"gold_gain":0,"player_choice":"Traded Relic","damage_taken":0,"relics_obtained":["Nloth\u0027s Gift"],"max_hp_gain":0,"max_hp_loss":0,"event_name":"N\u0027loth","floor":25,"relics_lost":["Tiny House"],"gold_loss":0}],"is_beta":false,"boss_relics":[{"not_picked":["SacredBark","Fusion Hammer"],"picked":"Tiny House"}],"items_purged_floors":[4,21],"is_endless":false,"potions_floor_spawned":[1,3,8,13,23,28],"killed_by":"Automaton","ascension_level":5}}