{"host":"dowi7cgbhepuzvpj","time":1610020216,"event":{"mods":["AchievementEnabler","BaseMod","Colored Map","Highlight Path","Keyboard Shortcuts","Minty Spire (QoL Compilation)","Permanent Neow","Quick Restart","StSLib","SuperFastMode"],"gold_per_floor":[363,37,37,49,65,82,82,97,124,124,141,141,141,151,151,224,224,235,78,96,96,108,108,23,23,23],"floor_reached":25,"playtime":518,"items_purged":["Strike_B"],"score":371,"play_id":"f49d02e3-6f36-4f87-99fa-99ccb1ac8822","local_time":"20210107205016","is_ascension_mode":true,"campfire_choices":[{"data":"Self Repair","floor":7.0,"key":"SMITH"},{"data":"Defragment","floor":15,"key":"SMITH"},{"data":"Buffer","floor":23,"key":"SMITH"}],"circlet_count":0,"master_deck":["AscendersBane","Strike_B","Strike_B","Defend_B","Defend_B","Defend_B","Defend_B","Zap+1","Dualcast","Self Repair+1","Ball Lightning","Reboot","Sunder","Conserve Battery","Hologram","Biased Cognition","Defragment+1","Buffer+1","Loop","BootSequence","Loop"],"relics":["Cracked Core","Happy Flower","Juzu Bracelet","Bag of Preparation","Busted Crown","Dream Catcher"],"acts_visited":["Exordium","TheCity"],"potions_floor_usage":[16,18],"damage_taken":[{"damage":12.0,"enemies":"2 Louse","floor":1.0,"turns":3.0},{"damage":1.0,"enemies":"Cultist","floor":4.0,"turns":3.0},{"damage":2.0,"enemies":"Jaw Worm","floor":5.0,"turns":3.0},{"damage":18.0,"enemies":"2 Fungi Beasts","floor":6.0,"turns":3.0},{"damage":8.0,"enemies":"3 Louse","floor":8.0,"turns":3.0},{"damage":5.0,"enemies":"Gremlin Gang","floor":11.0,"turns":3.0},{"damage":3,"enemies":"Exordium Thugs","floor":14,"turns":4},{"damage":20,"enemies":"Hexaghost","floor":16,"turns":8},{"damage":19,"enemies":"3 Byrds","floor":18,"turns":4},{"damage":19,"enemies":"Shell Parasite","floor":20,"turns":5},{"damage":24,"enemies":"Snake Plant","floor":22,"turns":4},{"damage":0,"enemies":"Shelled Parasite and Fungi","floor":25,"turns":1}],"seed_played":"-8497100024099320037","potions_obtained":[{"floor":6.0,"key":"ColorlessPotion"},{"floor":11.0,"key":"FearPotion"},{"floor":16,"key":"FearPotion"}],"is_trial":false,"path_per_floor":["M","$","?","M","M","M","R","M","T","?","M","?","?","M","R","B",null,"M","$","M","?","M","R","?","M"],"character_chosen":"DEFECT","items_purchased":["Self Repair","Ball Lightning","Happy Flower","BootSequence","Loop"],"campfire_rested":0,"item_purchase_floors":[2,2,2,19,19],"current_hp_per_floor":[34,34,34,40,45,34,34,36,36,25,30,30,23,30,30,20,58,49,49,40,40,26,26,26,26,26],"gold":23,"neow_bonus":"TWO_FIFTY_GOLD","is_daily":false,"chose_seed":false,"campfire_upgraded":3,"win_rate":0.0,"timestamp":1610020216,"path_taken":["M","$","?","?","?","M","R","M","T","?","M","?","?","M","R","BOSS","M","$","M","?","M","R","?","M"],"items_purchased_type":["Card","Card","Relic","Card","Card"],"build_version":"2020-12-22","purchased_purges":1,"victory":false,"max_hp_per_floor":[71,71,71,71,71,71,71,71,71,71,71,71,71,71,71,71,71,71,71,71,71,71,71,71,71,71],"card_choices":[{"not_picked":["Leap","Go for the Eyes","Stack"],"picked":"SKIP","floor":1.0},{"not_picked":["Sweeping Beam","Stack"],"picked":"Reboot","floor":4.0},{"not_picked":["Steam","Tempest"],"picked":"Sunder","floor":5.0},{"not_picked":["Ball Lightning","Coolheaded"],"picked":"Conserve Battery","floor":6.0},{"not_picked":["Leap","Streamline"],"picked":"Hologram","floor":8.0},{"not_picked":["Rebound","Beam Cell","Barrage"],"picked":"SKIP","floor":11.0},{"not_picked":["Hologram","Rebound","Redo"],"picked":"SKIP","floor":14},{"not_picked":["Reboot","Rainbow"],"picked":"Buffer","floor":16},{"not_picked":[],"picked":"Loop","floor":18},{"not_picked":["Compile Driver"],"picked":"SKIP","floor":20},{"not_picked":["Barrage"],"picked":"SKIP","floor":22}],"player_experience":626578,"relics_obtained":[{"floor":9.0,"key":"Juzu Bracelet"}],"event_choices":[{"damage_healed":0.0,"max_hp_gain":0.0,"max_hp_loss":0.0,"gold_gain":0.0,"event_name":"Accursed Blacksmith","player_choice":"Forge","floor":3.0,"gold_loss":0.0,"damage_taken":0.0,"cards_upgraded":["Zap"]},{"damage_healed":0.0,"max_hp_gain":0.0,"max_hp_loss":0.0,"gold_gain":0.0,"event_name":"Scrap Ooze","player_choice":"Success","floor":10.0,"gold_loss":0.0,"damage_taken":11.0,"relics_obtained":["Bag of Preparation"]},{"damage_healed":0,"gold_gain":0,"player_choice":"2 cards matched","damage_taken":0,"max_hp_gain":0,"max_hp_loss":0,"event_name":"Match and Keep!","floor":12,"gold_loss":0,"cards_obtained":["Biased Cognition","Defragment"]},{"cards_removed":["Strike_B"],"damage_healed":0,"gold_gain":0,"player_choice":"Card Removal","damage_taken":7,"max_hp_gain":0,"max_hp_loss":0,"event_name":"Golden Wing","floor":13,"gold_loss":0},{"damage_healed":0,"gold_gain":0,"player_choice":"Ignored","damage_taken":0,"max_hp_gain":0,"max_hp_loss":0,"event_name":"Ghosts","floor":21,"gold_loss":0},{"damage_healed":0,"gold_gain":0,"player_choice":"Obtained Relic","damage_taken":0,"relics_obtained":["Dream Catcher"],"max_hp_gain":0,"max_hp_loss":0,"event_name":"Addict","floor":24,"gold_loss":85}],"is_beta":false,"boss_relics":[{"not_picked":["Runic Dome","Fusion Hammer"],"picked":"Busted Crown"}],"items_purged_floors":[2],"is_endless":false,"potions_floor_spawned":[6,11,14,16],"killed_by":"Shelled Parasite and Fungi","ascension_level":18}}