{"host":"2n2g1vowfllvjtvi","time":1610038974,"event":{"mods":["AchievementEnabler","BaseMod","Custom Start","GifTheSpireLib","Keyboard Shortcuts","Minty Spire (QoL Compilation)","Quick Restart","Rare Cards Sparkle","StSLib","SuperFastMode"],"gold_per_floor":[91,368,5,20,34,52,52,86,86,86,98,110,133,171,196,208,220,220],"floor_reached":16,"playtime":247,"items_purged":["Strike_R"],"score":240,"play_id":"ddc44711-74da-4862-928f-f3f0d82708d5","local_time":"20210108020254","is_ascension_mode":true,"campfire_choices":[{"data":"Immolate","floor":6,"key":"SMITH"},{"data":"Body Slam","floor":8,"key":"SMITH"},{"data":"Bash","floor":10,"key":"SMITH"},{"data":"Dark Embrace","floor":15,"key":"SMITH"}],"circlet_count":0,"master_deck":["AscendersBane","Strike_R","Strike_R","Strike_R","Strike_R","Defend_R","Defend_R","Defend_R","Defend_R","Bash+1","Wild Strike","Feel No Pain","Second Wind","Power Through","Immolate+1","Body Slam+1","Evolve","Dark Embrace+1"],"relics":["Burning Blood","Chemical X","Regal Pillow","MawBank","SsserpentHead","Kunai"],"acts_visited":["Exordium"],"potions_floor_usage":[7,13,16,16],"damage_taken":[{"damage":11,"enemies":"Small Slimes","floor":1,"turns":4},{"damage":8,"enemies":"Cultist","floor":3,"turns":4},{"damage":8,"enemies":"2 Louse","floor":4,"turns":4},{"damage":16,"enemies":"Looter","floor":5,"turns":5},{"damage":0,"enemies":"3 Sentries","floor":7,"turns":4},{"damage":0,"enemies":"2 Fungi Beasts","floor":12,"turns":2},{"damage":27,"enemies":"Lagavulin","floor":13,"turns":7},{"damage":22,"enemies":"Lots of Slimes","floor":14,"turns":2},{"damage":24,"enemies":"The Guardian","floor":16,"turns":2}],"seed_played":"7348564950316717165","potions_obtained":[{"floor":4,"key":"Dexterity Potion"},{"floor":5,"key":"DistilledChaos"},{"floor":7,"key":"BlessingOfTheForge"},{"floor":12,"key":"CultistPotion"},{"floor":14,"key":"Block Potion"}],"is_trial":false,"path_per_floor":["M","$","M","M","M","R","E","R","T","R","?","M","E","M","R","B"],"character_chosen":"IRONCLAD","items_purchased":["Chemical X","Feel No Pain","Second Wind"],"campfire_rested":0,"item_purchase_floors":[2,2,2],"current_hp_per_floor":[20,63,63,61,59,49,49,55,55,55,55,55,61,40,24,24,0,0],"gold":220,"neow_bonus":"TWO_FIFTY_GOLD","is_daily":false,"chose_seed":false,"campfire_upgraded":4,"win_rate":0.0,"timestamp":1610038974,"path_taken":["M","$","M","M","M","R","E","R","T","R","?","M","E","M","R","BOSS"],"items_purchased_type":["Relic","Card","Card"],"build_version":"2020-12-22","purchased_purges":1,"victory":false,"max_hp_per_floor":[75,68,68,68,68,68,68,68,68,68,68,68,68,68,68,68,68,68],"card_choices":[{"not_picked":["Whirlwind","Headbutt"],"picked":"Wild Strike","floor":1},{"not_picked":["Thunderclap","Body Slam"],"picked":"Power Through","floor":3},{"not_picked":["Twin Strike","Pommel Strike","Shrug It Off"],"picked":"SKIP","floor":4},{"not_picked":["Twin Strike","Pommel Strike","Shrug It Off"],"picked":"SKIP","floor":4},{"not_picked":["Anger","Rampage"],"picked":"Immolate","floor":5},{"not_picked":["Warcry","Battle Trance"],"picked":"Body Slam","floor":7},{"not_picked":["Anger","Flex"],"picked":"Evolve","floor":12},{"not_picked":["Clothesline","Bloodletting","Entrench"],"picked":"SKIP","floor":13},{"not_picked":["Cleave","Iron Wave"],"picked":"Dark Embrace","floor":14}],"player_experience":425689,"relics_obtained":[{"floor":7,"key":"Regal Pillow"},{"floor":9,"key":"MawBank"},{"floor":13,"key":"Kunai"}],"event_choices":[{"damage_healed":0,"gold_gain":0,"player_choice":"Trade","damage_taken":0,"relics_obtained":["SsserpentHead"],"max_hp_gain":0,"max_hp_loss":0,"event_name":"FaceTrader","floor":11,"gold_loss":0}],"is_beta":false,"boss_relics":[],"items_purged_floors":[2],"is_endless":false,"potions_floor_spawned":[4,5,7,12,14],"killed_by":"The Guardian","ascension_level":15}}