{"host":"qhn6g0owdgjb77rz","time":1610017841,"event":{"mods":["BaseMod","BetterRewards","Colored Map","Minty Spire (QoL Compilation)","Relic Sorter","Replay The Spire","StSLib"],"gold_per_floor":[119,119,140,140,13,13,46,46,71,107,128,41,41,75,87,192,204,240,286,298,328,365,421,433,466,478,525,537,549,586,632,644,745,757,788,813,845,857,892,904,916,928,940,996,1021,341,382,407,407,407],"floor_reached":51,"playtime":3158,"items_purged":[],"score":1949,"play_id":"3647a314-5b9b-4a83-97de-04f8bc5e425a","local_time":"20210107201041","is_ascension_mode":true,"campfire_choices":[{"data":"Armaments","floor":6.0,"key":"SMITH"},{"data":"Armaments","floor":8.0,"key":"SMITH"},{"data":"Strike_R+1","floor":13.0,"key":"SMITH"},{"data":"Strike_R+2","floor":15.0,"key":"SMITH"},{"data":"Armaments","floor":24.0,"key":"SMITH"},{"data":"Armaments","floor":28.0,"key":"SMITH"},{"data":"Brutality","floor":32.0,"key":"SMITH"},{"data":"Strike_R+1","floor":40,"key":"SMITH"},{"data":"Strike_R+3","floor":42,"key":"SMITH"},{"data":"Strike_R+4","floor":49,"key":"SMITH"}],"circlet_count":1,"master_deck":["AscendersBane","Strike_R+5","Strike_R","Strike_R","Strike_R","Strike_R","Defend_R+1","Defend_R","Defend_R","Defend_R","Bash","Battle Trance","Metallicize","Metallicize","Perfected Strike","Swift Strike","ReplayUltimateDefense+1","Intimidate","Armaments+1","Armaments+1","Madness","Burning Pact","Trip","Brutality+1","Armaments+1","Armaments+1","Thunderclap","True Grit","Armaments+1","ReplayTheSpireMod:Brewmster","Dark Shackles","Thinking Ahead","Pommel Strike+1","Offering","Offering","ReplayUltimateDefense","Blind"],"relics":["Burning Blood","Mirror","Simple Rune","Lee\u0027s Waffle","Bird Faced Urn","Matryoshka","Golden Idol","Circlet","Paper Frog","Replay:Wax Seal","Bronze Scales","Tiny Chest","MawBank","Runic Dome","Red Mask","Pear","Divine Protection","Omamori","Regal Pillow","Iron Hammer","Oddly Smooth Stone","Calling Bell","ReplayTheSpireMod:Lightbulb","FossilizedHelix","Replay:Bottled Steam","ReplayFunnel","Du-Vu Doll","Calipers","Ancient Tea Set","ReplayTheSpireMod:ShopPack","Gremlin Horn"],"acts_visited":["Exordium","TheCity","TheBeyond"],"potions_floor_usage":[44,44,44,44,44,44,44,45,45,45,45,48,48,50,50,50,50,50],"damage_taken":[{"damage":0.0,"enemies":"Jaw Worm","floor":1.0,"turns":3.0},{"damage":0.0,"enemies":"Small Slimes","floor":3.0,"turns":5.0},{"damage":1.0,"enemies":"Gremlin Nob","floor":7.0,"turns":4.0},{"damage":9.0,"enemies":"3 Sentries","floor":10.0,"turns":5.0},{"damage":0.0,"enemies":"2 Louse","floor":11.0,"turns":2.0},{"damage":31.0,"enemies":"Gremlin Nob","floor":14.0,"turns":5.0},{"damage":12.0,"enemies":"Hexaghost","floor":16.0,"turns":10.0},{"damage":7.0,"enemies":"Spheric Guardian","floor":18.0,"turns":6.0},{"damage":17.0,"enemies":"Masked Bandits","floor":19.0,"turns":5.0},{"damage":0.0,"enemies":"3 Byrds","floor":21.0,"turns":3.0},{"damage":6.0,"enemies":"Shelled Parasite and Fungi","floor":22.0,"turns":6.0},{"damage":15.0,"enemies":"Gremlin Leader","floor":23.0,"turns":7.0},{"damage":2.0,"enemies":"Snake Plant","floor":25.0,"turns":4.0},{"damage":11.0,"enemies":"Replay:Snechameleon","floor":27.0,"turns":5.0},{"damage":0.0,"enemies":"Snecko","floor":30.0,"turns":6.0},{"damage":9.0,"enemies":"Gremlin Leader","floor":31.0,"turns":6.0},{"damage":23.0,"enemies":"Collector","floor":33.0,"turns":11.0},{"damage":0,"enemies":"3 Shapes","floor":35,"turns":6},{"damage":2,"enemies":"Orb Walker","floor":36,"turns":4},{"damage":2,"enemies":"4 Shapes","floor":37,"turns":6},{"damage":1,"enemies":"Transient","floor":39,"turns":5},{"damage":0,"enemies":"Giant Head","floor":44,"turns":8},{"damage":6,"enemies":"Spire Growth","floor":45,"turns":6},{"damage":11,"enemies":"Reptomancer","floor":47,"turns":7},{"damage":0,"enemies":"4 Shapes","floor":48,"turns":6},{"damage":4,"enemies":"Time Eater","floor":50,"turns":8}],"seed_played":"5173950090202570005","potions_obtained":[{"floor":1.0,"key":"DuplicationPotion"},{"floor":7.0,"key":"ColorlessPotion"},{"floor":18.0,"key":"SkillPotion"},{"floor":25.0,"key":"AttackPotion"},{"floor":35,"key":"FearPotion"},{"floor":48,"key":"Swift Potion"}],"is_trial":false,"path_per_floor":["M","?","M","?","$","R","E","R","T","E","M","$","R","E","R","B",null,"M","?","?","M","M","E","R","M","T","E","R","T","M","E","R","B",null,"M","M","M","?","M","R","?","R","T","E","M","$","E","M","R","B",null],"character_chosen":"IRONCLAD","items_purchased":["Mirror","Simple Rune","Lee\u0027s Waffle","Battle Trance","Metallicize","Matryoshka","Perfected Strike","Swift Strike","ReplayUltimateDefense","Intimidate","DistilledChaos","Armaments","Madness","Trip","Offering","Calipers","Ancient Tea Set","ReplayTheSpireMod:ShopPack"],"campfire_rested":0,"item_purchase_floors":[0,0,0,0,0,0,0,0,0,0,0,5,5,12,46,46,46,46],"current_hp_per_floor":[82,62,72,72,72,72,82,82,82,82,82,82,82,64,64,64,78,82,75,75,82,82,83,83,92,92,87,87,87,92,89,89,79,89,92,92,92,82,92,92,92,92,92,92,92,92,92,92,92,92],"gold":407,"neow_bonus":"","is_daily":false,"chose_seed":false,"campfire_upgraded":10,"win_rate":0.0,"timestamp":1610017841,"path_taken":["M","?","M","?","$","R","E","R","T","E","M","?","R","E","R","BOSS","M","?","?","M","M","E","R","M","T","E","R","?","M","E","R","BOSS","M","M","M","?","M","R","?","R","T","E","M","$","E","?","R","BOSS"],"items_purchased_type":["Relic","Relic","Relic","Card","Card","Relic","Card","Card","Card","Card","Potion","Card","Card","Card","Card","Relic","Relic","Relic"],"build_version":"2020-12-22","purchased_purges":0,"victory":true,"max_hp_per_floor":[82,82,82,82,82,82,82,82,82,82,82,82,82,82,82,82,82,82,82,82,82,82,92,92,92,92,92,92,92,92,92,92,92,92,92,92,92,92,92,92,92,92,92,92,92,92,92,92,92,92],"card_choices":[{"not_picked":["Havoc","Replay:Undeath\u0027s Touch"],"picked":"Armaments","floor":1.0},{"not_picked":["Heavy Blade","Evolve","Sever Soul"],"picked":"SKIP","floor":3.0},{"not_picked":["Clothesline","Defy Death","ReplayTheSpireMod:Muscle Training"],"picked":"SKIP","floor":7.0},{"not_picked":["Wild Strike","Sword Boomerang","Shrug It Off"],"picked":"SKIP","floor":10.0},{"not_picked":["ReplayTheSpireMod:Strike From Hell","Second Wind"],"picked":"Burning Pact","floor":11.0},{"not_picked":["Defy Death","Clash","Carnage"],"picked":"SKIP","floor":14.0},{"not_picked":["Reaper","Immolate"],"picked":"Brutality","floor":16.0},{"not_picked":["Sword Boomerang","ReplayTheSpireMod:Strike From Hell"],"picked":"Armaments","floor":18.0},{"not_picked":["Sword Boomerang","Rampage"],"picked":"Thunderclap","floor":21.0},{"not_picked":["Perfected Strike","Uppercut","ReplayReversal"],"picked":"SKIP","floor":22.0},{"not_picked":["Headbutt","ReplayTheSpireMod:LeadingStrike","Entrench"],"picked":"SKIP","floor":23.0},{"not_picked":["Sentinel","ReplayReversal","Run Through"],"picked":"SKIP","floor":25.0},{"not_picked":["Iron Wave","Demon Form"],"picked":"True Grit","floor":27.0},{"not_picked":["Wild Strike","Clothesline","ReplayTheSpireMod:Strike From Hell"],"picked":"SKIP","floor":30.0},{"not_picked":["Feed","Limit Break","Clothesline"],"picked":"SKIP","floor":31.0},{"not_picked":["Clash","Cleave","ReplayTheSpireMod:Strike From Hell"],"picked":"SKIP","floor":35},{"not_picked":["Defy Death","Anger+1","Massacre"],"picked":"SKIP","floor":36},{"not_picked":["Shockwave","Pommel Strike"],"picked":"Armaments+1","floor":37},{"not_picked":["Discovery","Midas Touch"],"picked":"ReplayTheSpireMod:Brewmster","floor":38},{"not_picked":["Survey Options","Specialist"],"picked":"Dark Shackles","floor":38},{"not_picked":["The Bomb","Replay:Bootleg Shield Generator"],"picked":"Thinking Ahead","floor":38},{"not_picked":["ReplayTheSpireMod:Stacked","Dropkick","ReplayTheSpireMod:Strike From Hell"],"picked":"SKIP","floor":39},{"not_picked":["Intimidate","Carnage","Dark Embrace"],"picked":"SKIP","floor":44},{"not_picked":["Run Through","Havoc"],"picked":"Pommel Strike+1","floor":45},{"not_picked":["Thinking Ahead","Crow Ritual"],"picked":"ReplayUltimateDefense","floor":46},{"not_picked":["Metamorphosis","Specialist"],"picked":"Blind","floor":46},{"not_picked":["Thunderclap","Headbutt","Flex+1"],"picked":"SKIP","floor":47},{"not_picked":["Dark Embrace","Infernal Blade","Iron Wave+1"],"picked":"SKIP","floor":48}],"player_experience":414948,"relics_obtained":[{"floor":7.0,"key":"Paper Frog"},{"floor":9.0,"key":"Replay:Wax Seal"},{"floor":9.0,"key":"Bronze Scales"},{"floor":10.0,"key":"Tiny Chest"},{"floor":14.0,"key":"MawBank"},{"floor":19.0,"key":"Red Mask"},{"floor":23.0,"key":"Pear"},{"floor":26.0,"key":"Divine Protection"},{"floor":26.0,"key":"Omamori"},{"floor":27.0,"key":"Regal Pillow"},{"floor":29.0,"key":"Iron Hammer"},{"floor":31.0,"key":"Oddly Smooth Stone"},{"floor":34,"key":"ReplayTheSpireMod:Lightbulb"},{"floor":34,"key":"FossilizedHelix"},{"floor":34,"key":"Replay:Bottled Steam"},{"floor":43,"key":"ReplayFunnel"},{"floor":44,"key":"Du-Vu Doll"},{"floor":47,"key":"Gremlin Horn"}],"event_choices":[{"damage_healed":0.0,"max_hp_gain":0.0,"max_hp_loss":0.0,"gold_gain":0.0,"event_name":"Golden Idol","player_choice":"Take Damage","floor":2.0,"gold_loss":0.0,"damage_taken":20.0,"relics_obtained":["Golden Idol"]},{"damage_healed":0.0,"max_hp_gain":0.0,"max_hp_loss":0.0,"gold_gain":0.0,"event_name":"Masked Bandits","player_choice":"Fought Bandits","floor":19.0,"gold_loss":0.0,"damage_taken":0.0},{"damage_healed":0.0,"max_hp_gain":0.0,"max_hp_loss":0.0,"gold_gain":0.0,"event_name":"The Library","player_choice":"Read","floor":20.0,"gold_loss":0.0,"damage_taken":0.0,"cards_obtained":["Armaments"]},{"damage_healed":0,"gold_gain":0,"player_choice":"Memory 3","damage_taken":10,"max_hp_gain":0,"max_hp_loss":0,"event_name":"SensoryStone","floor":38,"gold_loss":0},{"damage_healed":0,"gold_gain":0,"player_choice":"Upgraded","damage_taken":0,"max_hp_gain":0,"max_hp_loss":0,"event_name":"Upgrade Shrine","floor":41,"gold_loss":0,"cards_upgraded":["Strike_R"]}],"is_beta":false,"boss_relics":[{"not_picked":["Honey Jar","Ectoplasm"],"picked":"Runic Dome"},{"not_picked":["Replay:Drink Me","Replay:Grab Bag"],"picked":"Calling Bell"}],"items_purged_floors":[],"is_endless":false,"potions_floor_spawned":[1,7,11,18,21,22,25,35,39,44,48],"ascension_level":14}}