{"host":"g01l53quoe6lrer0","time":1610017748,"event":{"mods":["2.2 Compatiblity","AchievementEnabler","BaseMod","Colored Map","Highlight Path","Keyboard Shortcuts","Minty Spire (QoL Compilation)","Permanent Neow","StSLib","SuperFastMode","everything is the same but u backflip on backflip"],"gold_per_floor":[111,111,127,2,2,2,17,17,44,44,25,44,57,70,70,167,167,179,198,297,314,327,327,327,327,327],"floor_reached":25,"playtime":691,"items_purged":["Strike_R"],"score":197,"play_id":"f5026234-10eb-4b6e-8884-56d6ade7d15e","local_time":"20210107200908","is_ascension_mode":false,"campfire_choices":[{"data":"Limit Break","floor":6.0,"key":"SMITH"},{"data":"Shrug It Off","floor":8.0,"key":"SMITH"},{"data":"Bash","floor":10.0,"key":"SMITH"},{"data":"Whirlwind","floor":15.0,"key":"SMITH"},{"floor":23.0,"key":"REST"}],"circlet_count":0,"master_deck":["Strike_R","Strike_R","Strike_R","Strike_R","Defend_R","Defend_R","Defend_R","Defend_R","Bash+1","Limit Break+1","Carnage","Shrug It Off+1","Headbutt","Power Through","Hemokinesis","Flex","Whirlwind+1","Reaper","Sword Boomerang","Sword Boomerang","Warcry+1"],"relics":["Black Blood"],"acts_visited":["Exordium","TheCity"],"potions_floor_usage":[25,25],"damage_taken":[{"damage":1.0,"enemies":"2 Louse","floor":1.0,"turns":5.0},{"damage":7.0,"enemies":"Small Slimes","floor":3.0,"turns":3.0},{"damage":6.0,"enemies":"Jaw Worm","floor":7.0,"turns":3.0},{"damage":4.0,"enemies":"Exordium Thugs","floor":11.0,"turns":4.0},{"damage":5.0,"enemies":"2 Fungi Beasts","floor":12.0,"turns":4.0},{"damage":8.0,"enemies":"Exordium Wildlife","floor":13.0,"turns":2.0},{"damage":4.0,"enemies":"Blue Slaver","floor":14.0,"turns":4.0},{"damage":35.0,"enemies":"Slime Boss","floor":16.0,"turns":7.0},{"damage":31.0,"enemies":"Chosen","floor":18.0,"turns":6.0},{"damage":26.0,"enemies":"Shell Parasite","floor":19.0,"turns":7.0},{"damage":32.0,"enemies":"Snecko","floor":21.0,"turns":6.0},{"damage":23.0,"enemies":"Snake Plant","floor":22.0,"turns":4.0},{"damage":49,"enemies":"Sentry and Sphere","floor":25,"turns":6}],"seed_played":"8461726830442324850","potions_obtained":[{"floor":3.0,"key":"FearPotion"},{"floor":11.0,"key":"EssenceOfSteel"},{"floor":14.0,"key":"Energy Potion"},{"floor":18.0,"key":"SteroidPotion"},{"floor":19.0,"key":"ElixirPotion"},{"floor":21.0,"key":"EssenceOfSteel"}],"is_trial":false,"path_per_floor":["M","?","M","$","?","R","M","R","T","R","M","M","M","M","R","B",null,"M","M","?","M","M","R","?","M"],"character_chosen":"IRONCLAD","items_purchased":["Headbutt"],"campfire_rested":1,"item_purchase_floors":[4],"current_hp_per_floor":[80,73,72,72,72,72,72,72,72,72,74,75,73,75,75,46,80,61,47,47,31,20,44,44,0,0],"gold":327,"neow_bonus":"THREE_RARE_CARDS","is_daily":false,"chose_seed":false,"campfire_upgraded":4,"win_rate":0.0,"timestamp":1610017748,"path_taken":["M","?","M","$","?","R","M","R","T","R","M","M","M","M","R","BOSS","M","M","?","M","M","R","?","M"],"items_purchased_type":["Card"],"build_version":"2020-12-22","purchased_purges":1,"victory":false,"max_hp_per_floor":[80,80,80,80,80,80,80,80,80,80,80,80,80,80,80,80,80,80,80,80,80,80,80,80,80,80],"card_choices":[{"not_picked":["Feed","Corruption"],"picked":"Limit Break","floor":0.0},{"not_picked":["Blood for Blood","Metallicize"],"picked":"Carnage","floor":1.0},{"not_picked":["Warcry","Dark Embrace"],"picked":"Shrug It Off","floor":3.0},{"not_picked":["Iron Wave","Burning Pact"],"picked":"Power Through","floor":7.0},{"not_picked":["Havoc","Blood for Blood","Rampage"],"picked":"SKIP","floor":11.0},{"not_picked":["Havoc","Blood for Blood","Rampage"],"picked":"SKIP","floor":11.0},{"not_picked":["Warcry","Reckless Charge"],"picked":"Hemokinesis","floor":12.0},{"not_picked":["Combust","Seeing Red"],"picked":"Flex","floor":13.0},{"not_picked":["Disarm","Warcry"],"picked":"Whirlwind","floor":14.0},{"not_picked":["Exhume","Juggernaut"],"picked":"Reaper","floor":16.0},{"not_picked":["Pommel Strike","Ghostly Armor"],"picked":"Sword Boomerang","floor":18.0},{"not_picked":["Fire Breathing+1","Shrug It Off"],"picked":"Sword Boomerang","floor":19.0},{"not_picked":["Shrug It Off","Wild Strike","Body Slam"],"picked":"SKIP","floor":21.0},{"not_picked":["Anger","Fiend Fire"],"picked":"Warcry+1","floor":22.0}],"player_experience":56117,"relics_obtained":[],"event_choices":[{"cards_removed":["Writhe"],"damage_healed":0.0,"max_hp_gain":0.0,"max_hp_loss":0.0,"gold_gain":0.0,"event_name":"Golden Wing","player_choice":"Card Removal","floor":2.0,"gold_loss":0.0,"damage_taken":7.0},{"damage_healed":0.0,"max_hp_gain":0.0,"max_hp_loss":0.0,"gold_gain":0.0,"event_name":"Golden Idol","player_choice":"Ignored","floor":5.0,"gold_loss":0.0,"damage_taken":0.0},{"damage_healed":0.0,"max_hp_gain":0.0,"max_hp_loss":0.0,"gold_gain":99.0,"event_name":"Nest","player_choice":"Stole From Cult","floor":20.0,"gold_loss":0.0,"damage_taken":0.0},{"damage_healed":0.0,"max_hp_gain":0.0,"max_hp_loss":0.0,"gold_gain":0.0,"event_name":"WeMeetAgain","player_choice":"Ignored","floor":24.0,"gold_loss":0.0,"damage_taken":0.0}],"is_beta":false,"boss_relics":[{"not_picked":["Busted Crown","Coffee Dripper"],"picked":"Black Blood"}],"items_purged_floors":[4],"is_endless":false,"potions_floor_spawned":[3,11,14,18,19,21],"killed_by":"Sentry and Sphere","ascension_level":0}}