{"host":"er8s5flrc5z1a07t","time":1610023223,"event":{"mods":["2.2 Compatiblity","Act Like it!","Bard","BaseMod","Better Note","Better Third Choice","Downfall","Duelist Mod","Elementarium","Energized Spire","GifTheSpireLib","Hermit","Hubris","Infinite Spire","Minty Spire (QoL Compilation)","Relic Stats","Replay The Spire","Shop Mod","StSLib","Stuff the Spire","Synergy Search","The Cursed","The Disciple","The Mystic"],"gold_per_floor":[110,110,130,52,52,52,83,99,180,180,196,225,238,254,254,254,254],"floor_reached":16,"playtime":379,"items_purged":[],"score":274,"play_id":"734c2f3a-9b74-4562-a44f-1fbc620fe7c9","local_time":"20210107074023","is_ascension_mode":true,"campfire_choices":[{"data":"True Grit","floor":6,"key":"SMITH"},{"data":"Run Through","floor":10,"key":"SMITH"},{"data":"Bash","floor":15,"key":"SMITH"}],"circlet_count":0,"master_deck":["AscendersBane","Strike_R","Strike_R","Strike_R","Strike_R","Strike_R","Defend_R","Defend_R","Defend_R","Defend_R","Bash+1","Reckless Charge","Wild Strike","True Grit+1","Bludgeon","Run Through+1","Disarm","Burning Pact","infinitespire:OneForAll"],"relics":["Burning Blood","NeowsBlessing","Red Skull","Replay:WaspNest","infinitespire:WardingShard"],"acts_visited":["Exordium"],"potions_floor_usage":[11],"damage_taken":[{"damage":0,"enemies":"Jaw Worm","floor":1,"turns":1},{"damage":0,"enemies":"infinitespire:Voidling","floor":3,"turns":1},{"damage":0,"enemies":"Gremlin Nob","floor":7,"turns":1},{"damage":0,"enemies":"2 Louse","floor":8,"turns":2},{"damage":8,"enemies":"Exordium Wildlife","floor":11,"turns":5},{"damage":37,"enemies":"3 Sentries","floor":12,"turns":7},{"damage":1,"enemies":"Looter","floor":13,"turns":3},{"damage":5,"enemies":"2 Fungi Beasts","floor":14,"turns":4},{"damage":50,"enemies":"Slime Boss","floor":16,"turns":5}],"seed_played":"7341361409573614391","potions_obtained":[{"floor":1,"key":"AttackPotion"},{"floor":5,"key":"SteroidPotion"}],"is_trial":false,"path_per_floor":["M","?","M","$","?","R","E","M","T","R","M","E","M","M","R","B"],"character_chosen":"IRONCLAD","items_purchased":["Bludgeon"],"campfire_rested":0,"item_purchase_floors":[4],"current_hp_per_floor":[74,74,75,75,75,75,75,75,75,75,73,42,47,48,48,0,0],"gold":254,"neow_bonus":"THREE_ENEMY_KILL","is_daily":false,"chose_seed":false,"campfire_upgraded":3,"win_rate":0.0,"timestamp":1610023223,"path_taken":["M","?","M","$","?","R","E","M","T","R","M","E","M","M","R","BOSS"],"items_purchased_type":["Card"],"build_version":"2020-12-22","purchased_purges":0,"victory":false,"max_hp_per_floor":[75,75,75,75,75,75,75,75,75,75,75,75,75,75,75,75,75],"relic_stats":{"counters":[9,29],"obtain_stats":[{"NeowsBlessing":0,"infinitespire:WardingShard":12,"Replay:WaspNest":9,"Burning Blood":0,"Red Skull":7},{"NeowsBlessing":0,"infinitespire:WardingShard":6,"Replay:WaspNest":4,"Burning Blood":0,"Red Skull":3},{"NeowsBlessing":0,"infinitespire:WardingShard":17,"Replay:WaspNest":5,"Burning Blood":0,"Red Skull":3}],"Burning Blood":31},"card_choices":[{"not_picked":["Clothesline","Flex"],"picked":"Reckless Charge","floor":1},{"not_picked":["StuffTheSpire:RockThrow","Seeing Red"],"picked":"True Grit","floor":3},{"not_picked":["Havoc","Wild Strike","Sever Soul"],"picked":"SKIP","floor":7},{"not_picked":["Bloodletting","Whirlwind"],"picked":"Run Through","floor":8},{"not_picked":["Power Through","ReplayTheSpireMod:Strike From Hell"],"picked":"Disarm","floor":11},{"not_picked":["Sentinel","Warcry"],"picked":"Burning Pact","floor":12},{"not_picked":["Heavy Blade","Infernal Blade"],"picked":"infinitespire:OneForAll","floor":13},{"not_picked":["Anger","Wild Strike","Sword Boomerang"],"picked":"SKIP","floor":14}],"player_experience":1221217,"relics_obtained":[{"floor":7,"key":"Red Skull"},{"floor":9,"key":"Replay:WaspNest"},{"floor":12,"key":"infinitespire:WardingShard"}],"event_choices":[{"damage_healed":0,"gold_gain":0,"player_choice":"Got Potions","damage_taken":0,"max_hp_gain":0,"max_hp_loss":0,"event_name":"Lab","floor":5,"gold_loss":0}],"is_beta":false,"boss_relics":[],"items_purged_floors":[],"is_endless":false,"potions_floor_spawned":[1,7,8,14],"killed_by":"Slime Boss","ascension_level":20}}