{"host":"qr4czw4lps0sljwa","time":1610013224,"event":{"mods":["BaseMod","Downfall","Minty Spire (QoL Compilation)","StSLib"],"gold_per_floor":[99,99,99,99,7,32,32,17,81,93,93,105,105,124,140,242,292,292,311,335,335,345,345,368,33,52,52,70,70,83,109,109,109,109],"floor_reached":32,"playtime":1792,"items_purged":[],"score":258,"play_id":"1aeb9506-533d-4ab9-83d4-958b4e2b04cd","local_time":"20210107015344","is_ascension_mode":false,"campfire_choices":[{"data":"Slimebound:Split","floor":1,"key":"SMITH"},{"floor":11,"key":"REST"},{"data":"Slimebound:SplitLeeching","floor":13,"key":"SMITH"},{"data":"Slimebound:OneTwoCombo","floor":18,"key":"SMITH"}],"circlet_count":0,"master_deck":["Slimebound:Strike_Slimebound","Slimebound:Strike_Slimebound+1","Slimebound:Strike_Slimebound","Slimebound:Tackle","Slimebound:Defend_Slimebound","Slimebound:Defend_Slimebound","Slimebound:Defend_Slimebound","Slimebound:Defend_Slimebound","Slimebound:Split+1","Slimebound:CorrosiveSpit","Slimebound:SplitBruiser","Slimebound:ProtectTheBoss","Slimebound:SplitBruiser","Slimebound:Gluttony","Slimebound:OneTwoCombo+1","Slimebound:SlimeBarrage","Slimebound:SplitLeeching+1","Slimebound:ServeAndProtect","Slimebound:ServeAndProtect","Slimebound:SlimeTap","Slimebound:LevelUp","Slimebound:Overexert","Slimebound:LeadByExample","Slimebound:DivideAndConquer","Slimebound:Repurpose","Slimebound:LevelUp","Slimebound:LevelUp","Slimebound:SlimeBrawl+1","Slimebound:DivideAndConquer+1","Shame","Slimebound:LeechLife"],"relics":["Slimebound:AbsorbEndCombat","downfall:HeartsMalice","HornCleat","Darkstone Periapt","Gremlin Horn","Tiny House","Boot","Eternal Feather","InkBottle","Kunai","Bag of Marbles"],"acts_visited":["Exordium","TheCity"],"potions_floor_usage":[15,16,16,25,30,31,31,32],"damage_taken":[{"damage":0,"enemies":"Small Slimes","floor":2,"turns":1},{"damage":0,"enemies":"Cultist","floor":3,"turns":1},{"damage":0,"enemies":"downfall:FleeingMerchant","floor":5,"turns":1},{"damage":39,"enemies":"Lagavulin","floor":6,"turns":8},{"damage":12,"enemies":"downfall:FleeingMerchant","floor":8,"turns":4},{"damage":20,"enemies":"3 Sentries","floor":9,"turns":4},{"damage":7,"enemies":"Jaw Worm","floor":10,"turns":2},{"damage":16,"enemies":"Exordium Wildlife","floor":12,"turns":5},{"damage":10,"enemies":"Red Slaver","floor":14,"turns":3},{"damage":0,"enemies":"2 Fungi Beasts","floor":15,"turns":2},{"damage":25,"enemies":"downfall:Watcher","floor":16,"turns":5},{"damage":19,"enemies":"Shell Parasite","floor":19,"turns":3},{"damage":12,"enemies":"Chosen","floor":22,"turns":3},{"damage":12,"enemies":"downfall:FleeingMerchant","floor":25,"turns":4},{"damage":31,"enemies":"Shelled Parasite and Fungi","floor":26,"turns":5},{"damage":43,"enemies":"Snecko","floor":28,"turns":6},{"damage":23,"enemies":"Centurion and Healer","floor":30,"turns":4},{"damage":32,"enemies":"Gremlin Leader","floor":31,"turns":4},{"damage":40,"enemies":"3 Cultists","floor":32,"turns":4}],"seed_played":"3004084918229871842","potions_obtained":[{"floor":9,"key":"Slimebound:SlimedPotion"},{"floor":10,"key":"SneckoOil"},{"floor":14,"key":"ColorlessPotion"},{"floor":15,"key":"hexamod:EctoCoolerPotion"},{"floor":17,"key":"Ancient Potion"},{"floor":19,"key":"Guardian:BlockOnCardUsePotion"},{"floor":28,"key":"Energy Potion"},{"floor":30,"key":"hexamod:EctoCoolerPotion"},{"floor":31,"key":"champ:CounterPotion"}],"is_trial":false,"path_per_floor":["R","M","M","?","$","E","T","$","?","M","R","M","R","M","M","B",null,"R","M","T","?","M","?","T","$","M","T","M","?","M","E","M"],"character_chosen":"SLIMEBOUND","items_purchased":["Slimebound:SplitBruiser","Slimebound:Gluttony","Slimebound:LevelUp","Eternal Feather"],"campfire_rested":1,"item_purchase_floors":[5,5,25,25],"current_hp_per_floor":[60,60,60,60,60,39,39,45,41,40,58,58,58,58,60,56,65,65,62,62,62,65,65,65,65,52,52,27,33,32,26,0,0,0],"gold":109,"neow_bonus":"THREE_ENEMY_KILL","is_daily":false,"chose_seed":false,"campfire_upgraded":3,"win_rate":0.0,"timestamp":1610013224,"path_taken":["R","M","M","?","$","E","T","?","?","?","R","M","R","M","M","BOSS","R","M","?","?","M","?","T","$","M","?","M","?","M","E","M"],"items_purchased_type":["Card","Card","Card","Relic"],"build_version":"2020-12-22","purchased_purges":0,"victory":false,"max_hp_per_floor":[60,60,60,60,60,60,60,60,60,60,60,60,60,60,60,60,65,65,65,65,65,65,65,65,65,65,65,65,71,71,71,71,71,71],"card_choices":[{"not_picked":["Slimebound:GrowthPunch","Slimebound:ComboTackle"],"picked":"Slimebound:SplitBruiser","floor":2},{"not_picked":["Slimebound:FlameTackle","Slimebound:FormOfPuddle"],"picked":"Slimebound:PressTheAttack","floor":3},{"not_picked":["Slimebound:RollThrough","Slimebound:LeechEnergy"],"picked":"Slimebound:ProtectTheBoss","floor":5},{"not_picked":["Slimebound:GoopTackle","Slimebound:Prepare"],"picked":"Slimebound:OneTwoCombo","floor":6},{"not_picked":["Slimebound:SplitAcid","Slimebound:GoopSpray"],"picked":"Slimebound:SlimeBarrage","floor":8},{"not_picked":["Slimebound:MegaLick","Slimebound:TongueLash"],"picked":"Slimebound:SplitLeeching","floor":9},{"not_picked":["Slimebound:ItLooksTasty","Slimebound:SplitMire"],"picked":"Slimebound:ServeAndProtect","floor":10},{"not_picked":["Slimebound:SlimeSpikes","Slimebound:SplitAcid"],"picked":"Slimebound:ServeAndProtect","floor":12},{"not_picked":["Slimebound:SplitBruiser","Slimebound:ViciousTackle"],"picked":"Slimebound:SlimeTap","floor":14},{"not_picked":["Slimebound:SplitMire","Slimebound:TongueLash"],"picked":"Slimebound:LevelUp","floor":15},{"not_picked":["Slimebound:MassFeed","Slimebound:Teamwork"],"picked":"Slimebound:Overexert","floor":16},{"not_picked":["Slimebound:PressTheAttack","Slimebound:Grow"],"picked":"Slimebound:LeadByExample","floor":17},{"not_picked":["Slimebound:SplitAcid","Slimebound:SlimeSpikes"],"picked":"Slimebound:DivideAndConquer","floor":19},{"not_picked":["Slimebound:DisruptingSlam","Slimebound:FlameTackle"],"picked":"Slimebound:Repurpose","floor":22},{"not_picked":["Slimebound:LeadByExample+1","Slimebound:FirmFortitude"],"picked":"Slimebound:LevelUp","floor":25},{"not_picked":["Slimebound:SplitLeeching","Slimebound:ComboTackle"],"picked":"Slimebound:SlimeBrawl+1","floor":26},{"not_picked":["Slimebound:SplitAcid+1","Slimebound:SplitLeeching"],"picked":"Slimebound:DivideAndConquer+1","floor":28},{"not_picked":["Slimebound:ComboTackle+1","Slimebound:Grow","Slimebound:SplitAcid"],"picked":"SKIP","floor":30},{"not_picked":["Slimebound:GoopSpray+1","Slimebound:PressTheAttack"],"picked":"Slimebound:LeechLife","floor":31}],"player_experience":197229,"relics_obtained":[{"floor":6,"key":"HornCleat"},{"floor":7,"key":"Darkstone Periapt"},{"floor":20,"key":"Boot"},{"floor":27,"key":"InkBottle"},{"floor":31,"key":"Bag of Marbles"}],"event_choices":[{"cards_removed":["Slimebound:PressTheAttack"],"damage_healed":5,"gold_gain":0,"player_choice":"Offered Common","damage_taken":0,"max_hp_gain":0,"max_hp_loss":0,"event_name":"Bonfire Elementals","floor":4,"gold_loss":0},{"cards_removed":["Slimebound:PressTheAttack"],"damage_healed":5,"gold_gain":0,"player_choice":"Offered Special","damage_taken":0,"max_hp_gain":0,"max_hp_loss":0,"event_name":"Bonfire Elementals","floor":4,"gold_loss":0},{"damage_healed":0,"gold_gain":0,"player_choice":"Ignored","damage_taken":0,"max_hp_gain":0,"max_hp_loss":0,"event_name":"Ghosts","floor":23,"gold_loss":0},{"damage_healed":0,"gold_gain":0,"player_choice":"Stole Relic","damage_taken":0,"relics_obtained":["Kunai"],"max_hp_gain":0,"max_hp_loss":0,"event_name":"Addict","floor":29,"gold_loss":0,"cards_obtained":["Shame"]}],"is_beta":false,"boss_relics":[{"not_picked":["Philosopher\u0027s Stone","SacredBark"],"picked":"Tiny House"}],"items_purged_floors":[],"is_endless":false,"potions_floor_spawned":[9,10,14,15,19,28,30,31],"killed_by":"3 Cultists","ascension_level":0}}