{"host":"wj90f2q0h2omert0","time":1610052556,"event":{"mods":["BaseMod","Beaked The Cultist","Better Third Choice","ChefMod","Clawfect","Colored Map","DeckTracker","Downfall","Hubris","JesterMod","Minty Spire (QoL Compilation)","Relic Stats","Robot Space Explorer","Shade Mod","StSLib","The Blackbeard","The Caster","The Dragon Tamer","The Druid"],"gold_per_floor":[118,38,38,56,56,56,56],"floor_reached":6,"playtime":244,"items_purged":[],"score":34,"play_id":"34a2a543-799d-4352-8a08-cb60a82cb637","local_time":"20210107154916","is_ascension_mode":false,"campfire_choices":[],"circlet_count":0,"master_deck":["caster:Meteor","caster:DivertFocus","caster:strike","caster:strike","caster:strike","caster:defend","caster:defend","caster:defend","caster:defend","caster:defend","caster:QuickCast","caster:Grimoire","caster:MagicResonance","Burn"],"relics":["caster:MagicBook","Bird Faced Urn"],"acts_visited":["Exordium"],"potions_floor_usage":[],"damage_taken":[{"damage":0,"enemies":"2 Louse","floor":1,"turns":4},{"damage":0,"enemies":"Cultist","floor":4,"turns":5},{"damage":59,"enemies":"Lagavulin","floor":6,"turns":11}],"seed_played":"-522761033333356861","potions_obtained":[],"is_trial":false,"path_per_floor":["M","$","?","M","?","E"],"character_chosen":"THE_CASTER","items_purchased":["caster:Grimoire"],"campfire_rested":0,"item_purchase_floors":[2],"current_hp_per_floor":[46,46,46,48,48,0,0],"gold":56,"neow_bonus":"ONE_RARE_RELIC","is_daily":false,"chose_seed":false,"campfire_upgraded":0,"win_rate":0.0,"timestamp":1610052556,"path_taken":["M","$","?","?","?","E"],"items_purchased_type":["Card"],"build_version":"2020-12-22","purchased_purges":0,"victory":false,"max_hp_per_floor":[64,64,64,64,64,64,64],"relic_stats":{"counters":[3,20],"Bird Faced Urn":[4],"obtain_stats":[{"Bird Faced Urn":0,"caster:MagicBook":0},{"Bird Faced Urn":0,"caster:MagicBook":0},{"Bird Faced Urn":0,"caster:MagicBook":0}]},"card_choices":[{"not_picked":["caster:MagicWeapon","caster:FlashSpeed"],"picked":"caster:QuickCast","floor":1},{"not_picked":["caster:Charge","caster:FrigidBeam"],"picked":"caster:MagicResonance","floor":4}],"player_experience":686638,"relics_obtained":[],"event_choices":[{"cards_removed":["caster:strike"],"damage_healed":0,"gold_gain":0,"player_choice":"Purged","damage_taken":0,"max_hp_gain":0,"max_hp_loss":0,"event_name":"Purifier","floor":3,"gold_loss":0},{"damage_healed":48,"gold_gain":0,"player_choice":"Embrace Burn","damage_taken":0,"max_hp_gain":0,"max_hp_loss":64,"event_name":"betterThird:BetterShining","floor":5,"gold_loss":0}],"is_beta":false,"boss_relics":[],"items_purged_floors":[],"is_endless":false,"potions_floor_spawned":[],"killed_by":"Lagavulin","ascension_level":0}}