{"host":"l84l8xigz5v5foa2","time":1610024460,"event":{"mods":["2.2 Compatiblity","AchievementEnabler","BaseMod","Better Note","Better Vampires","Card Filter","Colored Map","DeckTracker","Downfall","Gremlin Skip","Highlight Path","Keyboard Shortcuts","Minty Spire (QoL Compilation)","Permanent Neow","Quick Restart","Relic Filter","Relic Stats","StSLib","SuperFastMode","Transform Curses","Unknown Chances"],"gold_per_floor":[99,118,132,144,10,42,93,118,118,143,143,143,143,154,165,240,240,165,179,195,105,205,205,205,205,233,250,250,250,267,299,310,381,381,381,400,128,128,128,141,167,204,223,223,249,99,117,117,136,136,136,165,15,15,15],"floor_reached":56,"playtime":5515,"items_purged":["Guardian:Strike_Guardian","Guardian:Defend_Guardian","Guardian:CrystalBeam","Guardian:Defend_Guardian"],"score":2250,"play_id":"11a8f992-993f-4cbe-b33c-4e6fea8de8f5","local_time":"20210107220100","is_ascension_mode":true,"campfire_choices":[{"data":"Guardian:TwinSlam","floor":1.0,"key":"SMITH"},{"data":"Guardian:FuturePlans","floor":9.0,"key":"SMITH"},{"data":"Guardian:MultiBeam","floor":18.0,"key":"SMITH"},{"data":"Guardian:CurlUp","floor":23.0,"key":"SMITH"},{"data":"Guardian:DecasProtection","floor":29.0,"key":"SMITH"},{"floor":35.0,"key":"RECALL"},{"data":"Guardian:EvasiveProtocol","floor":46,"key":"SMITH"},{"data":"Guardian:StasisEngine","floor":54,"key":"SMITH"}],"circlet_count":0,"master_deck":["AscendersBane","Guardian:Defend_Guardian","Guardian:Defend_Guardian","Guardian:CurlUp+1","Guardian:TwinSlam+1","Guardian:StasisStrike","Guardian:PrimingBeam","Guardian:EvasiveProtocol+1","Guardian:Incinerate","Guardian:MultiBeam+1","Guardian:FuturePlans+1","Guardian:TimeSifter","Guardian:SentryBeam","Guardian:Recover","Guardian:StasisEngine+1","Guardian:DecasProtection+1","Guardian:PiercingHide","Guardian:TimeCapacitor","Guardian:CompilePackage+1","Guardian:TemporalShield+1","Guardian:CompilePackage+1","Guardian:Recover+1","Guardian:FloatingOrbs+1","Guardian:TemporalShield+1","Guardian:Suspension+1"],"relics":["Guardian:ModeShifter","Eternal Feather","Potion Belt","Toy Ornithopter","Art of War","SlaversCollar","downfall:HeartBlessingGreen","Pantograph","Red Mask","Toxic Egg 2","sneckomod:SneckoTalon","Guardian:BottledStasis","Nunchaku","PreservedInsect","downfall:HeartBlessingRed","downfall:HeartBlessingBlue","InkBottle"],"acts_visited":["Exordium","TheCity","TheBeyond","TheEnding"],"potions_floor_usage":[47],"damage_taken":[{"damage":1.0,"enemies":"Cultist","floor":2.0,"turns":4.0},{"damage":0.0,"enemies":"Small Slimes","floor":3.0,"turns":3.0},{"damage":8.0,"enemies":"2 Louse","floor":4.0,"turns":3.0},{"damage":0.0,"enemies":"downfall:FleeingMerchant","floor":5.0,"turns":4.0},{"damage":15.0,"enemies":"Lagavulin","floor":6.0,"turns":5.0},{"damage":17.0,"enemies":"Gremlin Nob","floor":8.0,"turns":4.0},{"damage":0.0,"enemies":"Lots of Slimes","floor":14.0,"turns":1.0},{"damage":3.0,"enemies":"3 Louse","floor":15.0,"turns":3.0},{"damage":11.0,"enemies":"downfall:Ironclad","floor":16.0,"turns":10.0},{"damage":10.0,"enemies":"Chosen","floor":19.0,"turns":5.0},{"damage":2.0,"enemies":"3 Byrds","floor":20.0,"turns":5.0},{"damage":0.0,"enemies":"downfall:FleeingMerchant","floor":21.0,"turns":4.0},{"damage":5.0,"enemies":"downfall:Augmenter","floor":22.0,"turns":7.0},{"damage":10.0,"enemies":"Masked Bandits","floor":26.0,"turns":4.0},{"damage":14.0,"enemies":"Snake Plant","floor":27.0,"turns":5.0},{"damage":2.0,"enemies":"Centurion and Healer","floor":30.0,"turns":5.0},{"damage":11.0,"enemies":"Book of Stabbing","floor":31.0,"turns":5.0},{"damage":13.0,"enemies":"Cultist and Chosen","floor":32.0,"turns":7.0},{"damage":14.0,"enemies":"downfall:Watcher","floor":33.0,"turns":8.0},{"damage":6,"enemies":"3 Shapes","floor":36,"turns":4},{"damage":0,"enemies":"downfall:FleeingMerchant","floor":37,"turns":4},{"damage":0,"enemies":"3 Darklings","floor":40,"turns":4},{"damage":0,"enemies":"downfall:FleeingMerchant","floor":42,"turns":2},{"damage":0,"enemies":"Maw","floor":43,"turns":5},{"damage":0,"enemies":"Transient","floor":47,"turns":6},{"damage":7,"enemies":"Jaw Worm Horde","floor":49,"turns":3},{"damage":0,"enemies":"downfall:Defect","floor":50,"turns":9},{"damage":24,"enemies":"downfall:CharBossMerchant","floor":52,"turns":5},{"damage":0,"enemies":"downfall:NeowBoss","floor":55,"turns":11}],"seed_played":"-2764871769863530502","potions_obtained":[{"floor":3.0,"key":"AttackPotion"},{"floor":6.0,"key":"Weak Potion"},{"floor":8.0,"key":"FearPotion"},{"floor":14.0,"key":"SkillPotion"},{"floor":16.0,"key":"ColorlessPotion"},{"floor":19.0,"key":"Strength Potion"},{"floor":20.0,"key":"SpeedPotion"},{"floor":26.0,"key":"FearPotion"},{"floor":32.0,"key":"Explosive Potion"},{"floor":33.0,"key":"FearPotion"},{"floor":47,"key":"sneckomod:MuddlingPotion"},{"floor":49,"key":"Ancient Potion"}],"is_trial":false,"path_per_floor":["R","M","M","M","$","E","T","E","R","T","?","?","?","M","M","B",null,"R","M","M","$","?","R","T","?","?","M","?","R","M","E","M","B",null,"R","M","?","?","?","M","T","$","M","$","T","R","M","?","M","B",null,"E","$","R","B",null],"character_chosen":"GUARDIAN","items_purchased":["Guardian:MultiBeam","Guardian:FuturePlans","Guardian:BottledStasis","Nunchaku","Guardian:TemporalShield+1"],"campfire_rested":0,"item_purchase_floors":[5,5,37,42,42],"current_hp_per_floor":[47,46,46,38,38,23,23,6,15,15,15,15,15,15,17,11,57,66,56,59,59,59,71,71,71,61,47,27,39,42,31,23,34,66,77,71,71,61,61,61,61,61,61,61,61,86,87,87,80,87,87,63,63,78,87],"gold":15,"neow_bonus":"THREE_RARE_CARDS","is_daily":false,"chose_seed":false,"campfire_upgraded":7,"win_rate":0.0,"timestamp":1610024460,"path_taken":["R","M","M","M","$","E","T","E","R","?","?","?","?","?","M","BOSS","R","M","M","$","?","R","T","?","?","M","?","R","M","E","M","BOSS","R","M","?","?","?","M","T","$","?","?","?","R","M","?","M","BOSS","E","$","R","BOSS"],"items_purchased_type":["Card","Card","Relic","Relic","Card"],"build_version":"2020-12-22","purchased_purges":4,"victory":true,"max_hp_per_floor":[72,72,72,72,72,72,72,72,72,72,72,72,72,72,72,72,72,72,72,72,72,72,72,72,72,72,72,77,77,77,77,77,77,77,77,77,77,77,77,77,77,77,77,77,77,87,87,87,87,87,87,87,87,87,87],"relic_stats":{"Nunchaku":[23],"counters":[29,145],"Pantograph":41,"Eternal Feather":83,"PreservedInsect":105,"Art of War":[20],"obtain_stats":[{"Potion Belt":7,"Guardian:BottledStasis":37,"downfall:HeartBlessingRed":46,"Guardian:ModeShifter":0,"Eternal Feather":6,"downfall:HeartBlessingGreen":18,"PreservedInsect":45,"sneckomod:SneckoTalon":34,"SlaversCollar":17,"Nunchaku":42,"downfall:HeartBlessingBlue":46,"Pantograph":24,"Art of War":10,"Red Mask":26,"Toxic Egg 2":31,"Toy Ornithopter":8,"InkBottle":52},{"Potion Belt":5,"Guardian:BottledStasis":21,"downfall:HeartBlessingRed":24,"Guardian:ModeShifter":0,"Eternal Feather":5,"downfall:HeartBlessingGreen":9,"PreservedInsect":24,"sneckomod:SneckoTalon":19,"SlaversCollar":9,"Nunchaku":23,"downfall:HeartBlessingBlue":24,"Pantograph":13,"Art of War":6,"Red Mask":14,"Toxic Egg 2":17,"Toy Ornithopter":6,"InkBottle":28},{"Potion Belt":19,"Guardian:BottledStasis":100,"downfall:HeartBlessingRed":111,"Guardian:ModeShifter":0,"Eternal Feather":19,"downfall:HeartBlessingGreen":37,"PreservedInsect":111,"sneckomod:SneckoTalon":92,"SlaversCollar":37,"Nunchaku":106,"downfall:HeartBlessingBlue":111,"Pantograph":58,"Art of War":23,"Red Mask":62,"Toxic Egg 2":77,"Toy Ornithopter":23,"InkBottle":134}],"Toy Ornithopter":31,"InkBottle":[22]},"card_choices":[{"not_picked":["Guardian:BaubleBeam","Guardian:FastForward"],"picked":"Guardian:StasisStrike","floor":0.0},{"not_picked":["Guardian:WalkerClaw","Guardian:TimeBomb"],"picked":"Guardian:PrimingBeam","floor":2.0},{"not_picked":["Guardian:TimeCapacitor","Guardian:TemporalStrike"],"picked":"Guardian:EvasiveProtocol","floor":3.0},{"not_picked":["Guardian:CrystalBeam","Guardian:Gem_Yellow"],"picked":"Guardian:Incinerate","floor":4.0},{"not_picked":["Guardian:PrismaticBeam","Guardian:Gem_Crimson","Guardian:VentSteam"],"picked":"SKIP","floor":5.0},{"not_picked":["Guardian:ChargeCore","Guardian:BronzeArmor"],"picked":"Guardian:TimeSifter","floor":6.0},{"not_picked":["Guardian:VentSteam","Guardian:SentryBeam"],"picked":"Guardian:Gem_Cyan","floor":8.0},{"not_picked":["Guardian:CrystalBeam","Guardian:ShieldCharger"],"picked":"Guardian:SentryBeam","floor":14.0},{"not_picked":["Guardian:Reroute","Guardian:DonusPower"],"picked":"Guardian:Recover","floor":15.0},{"not_picked":["Guardian:StasisStrike","Guardian:TimeSifter"],"picked":"Guardian:StasisEngine","floor":16.0},{"not_picked":["Guardian:SentryBeam","Guardian:Incinerate"],"picked":"Guardian:Gem_Cyan","floor":19.0},{"not_picked":["Guardian:VentSteam","Guardian:ShieldSpikes"],"picked":"Guardian:DecasProtection","floor":20.0},{"not_picked":["Guardian:ShieldCharger","Guardian:DecasProtection"],"picked":"Guardian:PiercingHide","floor":21.0},{"not_picked":["Guardian:EvasiveProtocol","Guardian:Recover"],"picked":"Guardian:TimeCapacitor","floor":26.0},{"not_picked":["Guardian:Gem_Blue","Guardian:RollAttack"],"picked":"Guardian:Gem_Cyan","floor":27.0},{"not_picked":["Guardian:DonusPower","Guardian:Gem_Red","Guardian:FuturePlans"],"picked":"SKIP","floor":30.0},{"not_picked":["Guardian:Gem_Purple","Guardian:TemporalStrike"],"picked":"Guardian:Gem_Cyan","floor":31.0},{"not_picked":["Guardian:SentryBeam","Guardian:Repulse","Guardian:ShieldCharger+1"],"picked":"SKIP","floor":32.0},{"not_picked":["Guardian:ExploitGems+1","Guardian:AncientConstruct"],"picked":"Guardian:CompilePackage+1","floor":33.0},{"not_picked":["Guardian:Gem_Green","Guardian:Gem_Red"],"picked":"Guardian:TemporalShield+1","floor":36},{"not_picked":["Guardian:CrystalBeam","Guardian:TimeCapacitor+1","Guardian:FastForward+1"],"picked":"SKIP","floor":37},{"not_picked":["Guardian:PrimingBeam","Guardian:TemporalShield+1"],"picked":"Guardian:Recover+1","floor":40},{"not_picked":["Guardian:ConstructionForm","Guardian:Incinerate"],"picked":"Guardian:FloatingOrbs+1","floor":42},{"not_picked":["Guardian:PiercingHide+1","Guardian:Recover+1"],"picked":"Guardian:Gem_Cyan","floor":43},{"not_picked":["Guardian:Reroute","Guardian:VentSteam+1","Guardian:ShieldCharger+1"],"picked":"SKIP","floor":47},{"not_picked":["Guardian:Gem_Cyan","Guardian:PiercingHide+1"],"picked":"Guardian:Suspension+1","floor":49},{"not_picked":["Guardian:TemporalShield+1","Guardian:RollAttack"],"picked":"Guardian:Gem_White","floor":52}],"player_experience":2958086,"relics_obtained":[{"floor":6.0,"key":"Eternal Feather"},{"floor":7.0,"key":"Potion Belt"},{"floor":8.0,"key":"Toy Ornithopter"},{"floor":10.0,"key":"Art of War"},{"floor":24.0,"key":"Pantograph"},{"floor":26.0,"key":"Red Mask"},{"floor":31.0,"key":"Toxic Egg 2"},{"floor":45,"key":"PreservedInsect"},{"floor":52,"key":"InkBottle"}],"event_choices":[{"damage_healed":0.0,"max_hp_gain":0.0,"max_hp_loss":0.0,"gold_gain":0.0,"event_name":"Scrap Ooze","player_choice":"Fled","floor":12.0,"gold_loss":0.0,"damage_taken":0.0},{"cards_removed":["Guardian:Strike_Guardian"],"damage_healed":0.0,"max_hp_gain":0.0,"max_hp_loss":0.0,"gold_gain":0.0,"event_name":"Wheel of Change","player_choice":"Card Removal","floor":13.0,"gold_loss":0.0,"damage_taken":0.0},{"damage_healed":0.0,"max_hp_gain":0.0,"max_hp_loss":0.0,"gold_gain":0.0,"event_name":"Masked Bandits","player_choice":"Fought Bandits","floor":26.0,"gold_loss":0.0,"damage_taken":0.0},{"damage_healed":0,"gold_gain":0,"player_choice":"Copied","damage_taken":0,"max_hp_gain":0,"max_hp_loss":0,"event_name":"Duplicator","floor":39,"gold_loss":0,"cards_obtained":["Guardian:CompilePackage"]}],"is_beta":false,"boss_relics":[{"not_picked":["Busted Crown","Cursed Key"],"picked":"SlaversCollar"},{"not_picked":["Guardian:ModeShifterPlus","expansioncontent:StudyCardRelic"],"picked":"sneckomod:SneckoTalon"}],"items_purged_floors":[21,37,42,53],"is_endless":false,"potions_floor_spawned":[3,6,8,14,16,19,20,26,32,33,47,49],"ascension_level":20}}