{"host":"gkp57zoegrd3f2ij","time":1610018533,"event":{"mods":["BaseMod","Colored Map","Colored Powertips","Minty Spire (QoL Compilation)","StSLib"],"gold_per_floor":[115,115,129,129,182,212,212,245,245,245,259,279,279,15,15,110,110,110,35,35,35,35,35,35,35,35,35,35,35,35,35,35,35,35,35,35,35,35,35,35,35,35,35,35,35,35,35,35,35,35],"floor_reached":51,"playtime":3325,"items_purged":[],"score":914,"play_id":"258bd576-7a26-4738-abdb-5e03072670eb","local_time":"20210107122213","is_ascension_mode":true,"campfire_choices":[{"floor":7,"key":"REST"},{"data":"1","floor":10,"key":"LIFT"},{"data":"2","floor":13,"key":"LIFT"},{"floor":15,"key":"REST"},{"data":"3","floor":23,"key":"LIFT"},{"data":"Dagger Spray","floor":29,"key":"SMITH"},{"data":"Wraith Form v2","floor":32,"key":"SMITH"},{"data":"Dash","floor":40,"key":"SMITH"},{"floor":46,"key":"REST"},{"floor":49,"key":"REST"}],"circlet_count":0,"master_deck":["Strike_G","Strike_G","Strike_G","Defend_G","Defend_G","Defend_G","Defend_G","Survivor","Neutralize","Dagger Throw","Slice","Footwork","Dagger Spray+1","Deflect","Terror","Bandage Up","Wraith Form v2+1","Backflip+1","Prepared","Dash+1","Setup+1","Envenom","Masterful Stab+1","Leg Sweep","Bullet Time","Slice+1","Backstab+1","Pain","Backstab+1","Footwork+1","Dark Shackles","Quick Slash+1"],"relics":["Ring of the Serpent","PreservedInsect","Meat on the Bone","Potion Belt","The Courier","Girya","Mango","HornCleat","Ectoplasm","Pear","Smiling Mask","Letter Opener","Shuriken","Bird Faced Urn","Nunchaku","WarpedTongs","Molten Egg 2","Paper Crane"],"acts_visited":["Exordium","TheCity","TheBeyond"],"potions_floor_usage":[8,8,18,25,28,31,33,38,38,48,50,50],"damage_taken":[{"damage":0,"enemies":"2 Louse","floor":1,"turns":2},{"damage":0,"enemies":"Jaw Worm","floor":3,"turns":5},{"damage":17,"enemies":"3 Sentries","floor":6,"turns":10},{"damage":20,"enemies":"Lagavulin","floor":8,"turns":8},{"damage":0,"enemies":"Cultist","floor":11,"turns":3},{"damage":0,"enemies":"3 Louse","floor":12,"turns":3},{"damage":39,"enemies":"The Guardian","floor":16,"turns":11},{"damage":0,"enemies":"3 Byrds","floor":18,"turns":5},{"damage":1,"enemies":"Chosen","floor":21,"turns":5},{"damage":7,"enemies":"Shelled Parasite and Fungi","floor":22,"turns":7},{"damage":1,"enemies":"Slavers","floor":24,"turns":5},{"damage":4,"enemies":"Snecko","floor":25,"turns":5},{"damage":17,"enemies":"Book of Stabbing","floor":28,"turns":4},{"damage":0,"enemies":"Gremlin Leader","floor":30,"turns":5},{"damage":9,"enemies":"Centurion and Healer","floor":31,"turns":4},{"damage":34,"enemies":"Automaton","floor":33,"turns":11},{"damage":1,"enemies":"Orb Walker","floor":35,"turns":5},{"damage":9,"enemies":"Mind Bloom Boss Battle","floor":36,"turns":6},{"damage":15,"enemies":"3 Darklings","floor":38,"turns":4},{"damage":33,"enemies":"Reptomancer","floor":41,"turns":6},{"damage":30,"enemies":"Sphere and 2 Shapes","floor":42,"turns":5},{"damage":14,"enemies":"Transient","floor":44,"turns":5},{"damage":12,"enemies":"Spire Growth","floor":47,"turns":4},{"damage":9,"enemies":"Jaw Worm Horde","floor":48,"turns":5},{"damage":67,"enemies":"Time Eater","floor":50,"turns":14}],"seed_played":"-1042110965394918437","potions_obtained":[{"floor":1,"key":"DuplicationPotion"},{"floor":3,"key":"Energy Potion"},{"floor":16,"key":"Energy Potion"},{"floor":21,"key":"SteroidPotion"},{"floor":22,"key":"AttackPotion"},{"floor":25,"key":"Strength Potion"},{"floor":30,"key":"Strength Potion"},{"floor":31,"key":"LiquidMemories"},{"floor":36,"key":"SteroidPotion"},{"floor":42,"key":"Weak Potion"},{"floor":44,"key":"GamblersBrew"},{"floor":47,"key":"DuplicationPotion"}],"is_trial":false,"path_per_floor":["M","?","M","?","T","E","R","E","T","R","M","M","R","$","R","B",null,"M","?","?","M","M","R","E","M","T","?","E","R","E","M","R","B",null,"M","?","T","M","?","R","E","M","T","M","?","R","M","M","R","B",null],"character_chosen":"THE_SILENT","items_purchased":["HornCleat","Bandage Up"],"campfire_rested":4,"item_purchase_floors":[14,14],"current_hp_per_floor":[70,63,63,60,60,43,64,44,58,58,58,58,58,58,83,47,84,84,84,84,83,79,79,92,88,88,88,75,75,79,74,74,56,94,93,88,88,79,79,79,54,42,42,48,48,76,74,75,94,51],"gold":35,"neow_bonus":"RANDOM_COMMON_RELIC","is_daily":false,"chose_seed":false,"campfire_upgraded":3,"win_rate":0.0,"timestamp":1610018533,"path_taken":["M","?","M","?","?","E","R","E","T","R","M","?","R","$","R","BOSS","M","?","?","M","M","R","E","M","T","?","E","R","E","M","R","BOSS","M","?","?","?","?","R","E","M","T","?","?","R","M","M","R","BOSS"],"items_purchased_type":["Relic","Card"],"build_version":"2020-12-22","purchased_purges":0,"victory":true,"max_hp_per_floor":[70,70,70,70,70,70,70,70,84,84,84,84,84,84,84,84,84,84,84,84,84,84,84,94,94,94,94,94,94,94,94,94,94,94,94,94,94,94,94,94,94,94,94,94,94,94,94,94,94,94],"card_choices":[{"not_picked":["Flechettes","Choke"],"picked":"Dagger Throw","floor":1},{"not_picked":["Prepared","Deflect"],"picked":"Slice","floor":3},{"not_picked":["Concentrate","Night Terror"],"picked":"Footwork","floor":6},{"not_picked":["Infinite Blades","Sucker Punch"],"picked":"Dagger Spray","floor":8},{"not_picked":["Bouncing Flask","Flechettes"],"picked":"Deflect","floor":11},{"not_picked":["Bane","Accuracy"],"picked":"Terror","floor":12},{"not_picked":["Phantasmal Killer","A Thousand Cuts"],"picked":"Wraith Form v2","floor":16},{"not_picked":["Expertise","Sucker Punch"],"picked":"Backflip+1","floor":18},{"not_picked":["Deadly Poison","Riddle With Holes"],"picked":"Prepared","floor":21},{"not_picked":["PiercingWail+1","Calculated Gamble"],"picked":"Dash","floor":22},{"not_picked":["Poisoned Stab+1","Tools of the Trade","Dagger Throw"],"picked":"SKIP","floor":24},{"not_picked":["Acrobatics","Prepared+1"],"picked":"Setup+1","floor":25},{"not_picked":["Prepared","Night Terror"],"picked":"Masterful Stab+1","floor":28},{"not_picked":["Cloak And Dagger","Dagger Spray"],"picked":"Leg Sweep","floor":30},{"not_picked":["Slice","Dagger Throw","Quick Slash+1"],"picked":"SKIP","floor":31},{"not_picked":["A Thousand Cuts","Glass Knife"],"picked":"Bullet Time","floor":33},{"not_picked":["Distraction","Terror"],"picked":"Slice+1","floor":35},{"not_picked":["Acrobatics","Flechettes"],"picked":"Backstab+1","floor":38},{"not_picked":["Terror+1","Cloak And Dagger"],"picked":"Backstab+1","floor":41},{"not_picked":["Prepared","Expertise+1","Infinite Blades"],"picked":"SKIP","floor":42},{"not_picked":["Quick Slash+1","Dodge and Roll"],"picked":"Footwork+1","floor":44},{"not_picked":["Dramatic Entrance+1","Discovery"],"picked":"Dark Shackles","floor":45},{"not_picked":["Expertise+1","Well Laid Plans"],"picked":"Quick Slash+1","floor":47},{"not_picked":["Reflex","Leg Sweep","Eviscerate+1"],"picked":"SKIP","floor":48}],"player_experience":298510,"relics_obtained":[{"floor":5,"key":"Potion Belt"},{"floor":6,"key":"The Courier"},{"floor":8,"key":"Girya"},{"floor":9,"key":"Mango"},{"floor":24,"key":"Pear"},{"floor":26,"key":"Smiling Mask"},{"floor":28,"key":"Letter Opener"},{"floor":30,"key":"Shuriken"},{"floor":36,"key":"Bird Faced Urn"},{"floor":37,"key":"Nunchaku"},{"floor":41,"key":"Molten Egg 2"},{"floor":43,"key":"Paper Crane"}],"event_choices":[{"cards_removed":["Strike_G"],"damage_healed":0,"gold_gain":0,"player_choice":"Card Removal","damage_taken":7,"max_hp_gain":0,"max_hp_loss":0,"event_name":"Golden Wing","floor":2,"gold_loss":0},{"damage_healed":0,"gold_gain":0,"player_choice":"Success","damage_taken":3,"relics_obtained":["Meat on the Bone"],"max_hp_gain":0,"max_hp_loss":0,"event_name":"Scrap Ooze","floor":4,"gold_loss":0},{"cards_removed":["Strike_G"],"damage_healed":0,"gold_gain":0,"player_choice":"Gave Gold","damage_taken":0,"max_hp_gain":0,"max_hp_loss":0,"event_name":"Beggar","floor":19,"gold_loss":75},{"damage_healed":0,"gold_gain":0,"player_choice":"Ignored","damage_taken":0,"max_hp_gain":0,"max_hp_loss":0,"event_name":"Vampires","floor":20,"gold_loss":0},{"damage_healed":0,"gold_gain":0,"cards_transformed":["Defend_G"],"player_choice":"Transformed","damage_taken":0,"max_hp_gain":0,"max_hp_loss":0,"event_name":"Transmorgrifier","floor":27,"gold_loss":0,"cards_obtained":["Envenom"]},{"damage_healed":0,"gold_gain":0,"player_choice":"Fight","damage_taken":0,"max_hp_gain":0,"max_hp_loss":0,"event_name":"MindBloom","floor":36,"gold_loss":0},{"damage_healed":0,"gold_gain":0,"player_choice":"Rummage","damage_taken":0,"relics_obtained":["WarpedTongs"],"max_hp_gain":0,"max_hp_loss":0,"event_name":"Accursed Blacksmith","floor":39,"gold_loss":0,"cards_obtained":["Pain"]},{"damage_healed":0,"gold_gain":0,"player_choice":"Memory 1","damage_taken":0,"max_hp_gain":0,"max_hp_loss":0,"event_name":"SensoryStone","floor":45,"gold_loss":0}],"is_beta":false,"boss_relics":[{"not_picked":["Cursed Key","Tiny House"],"picked":"Ectoplasm"},{"not_picked":["Coffee Dripper","Fusion Hammer"],"picked":"Ring of the Serpent"}],"items_purged_floors":[],"is_endless":false,"potions_floor_spawned":[1,3,16,21,22,25,30,31,36,42,44,47],"ascension_level":4}}