{"host":"8anlmvy5ylhozj27","time":1610056798,"event":{"mods":["2.2 Compatiblity","Act Like it!","Aspiration","BaseMod","Best Route Mod","Better Match","Better Note","Better Sensory Stone","Better Skull","Better Third Choice","BetterRewards","Block Reminder","Colored Map","Colored Powertips","Conspire","Curses Come First","Duelist Mod","Energized Spire","GifTheSpireLib","Gold Saver","Halation","Hermit","Highlight Path","Hubris","Infinite Spire","Ironclad Rager","Minty Spire (QoL Compilation)","Permanent Neow","Quick Restart","Rare Cards Sparkle","Replay The Spire","Spicy Shops","StSLib","Stuff the Spire","The Bladedancer","The Blue Laboratory","The Disciple","The Exalted","The Necromancer","The Sage","Transform Curses","Wandering Minibosses","vexMod"],"gold_per_floor":[111,61,73,73,73,73,107,107,134,134,134,153,187,187,187,187,187],"floor_reached":16,"playtime":1112,"items_purged":["Writhe"],"score":131,"play_id":"873a9c91-c90b-4c8e-9755-27f44930b36f","local_time":"20210107225958","is_ascension_mode":false,"campfire_choices":[{"data":"Bromod:BloodRush","floor":6,"key":"SMITH"},{"data":"Bromod:LethalTorrent","floor":11,"key":"SMITH"},{"data":"infinitespire:OneForAll","floor":15,"key":"SMITH"}],"circlet_count":0,"master_deck":["Bromod:Strike_Bro","Bromod:Strike_Bro","Bromod:Strike_Bro","Bromod:Defend_Bro","Bromod:SlashDash","Bromod:SlashDash","Bromod:SlashDash","Bromod:NorthWind","Bromod:Stormbringer","Bromod:BloodRush+1","Bromod:LethalTorrent+1","Regret","Bromod:Reflection","Bromod:SlipMagazine","infinitespire:OneForAll+1"],"relics":["Bromod:Ordis","Bromod:AscarisDevice","Membership Card","Strange Spoon","Replay:Ringing Soul","halation:BlackBeret","aspiration:FrozenJewel","Counterbalance","Juzu Bracelet","hubris:TinFlute","StuffTheSpire:RedRose","aspiration:ChemicalBlood","Quantum Egg"],"acts_visited":["Exordium"],"potions_floor_usage":[13,16],"damage_taken":[{"damage":0,"enemies":"2 Louse","floor":1,"turns":2},{"damage":0,"enemies":"Small Slimes","floor":3,"turns":3},{"damage":6,"enemies":"Lagavulin","floor":7,"turns":4},{"damage":5,"enemies":"Cultist","floor":12,"turns":3},{"damage":27,"enemies":"3 Sentries","floor":13,"turns":7},{"damage":23,"enemies":"Fading Forest","floor":16,"turns":7}],"seed_played":"2604598095422935465","potions_obtained":[{"floor":1,"key":"Bromod:Kuva"}],"is_trial":false,"path_per_floor":["M","?","M","?","?","R","E","?","T","?","R","M","E","?","R","B"],"character_chosen":"THE_EXALTED","items_purchased":["Membership Card","Strange Spoon","Replay:Ringing Soul","halation:BlackBeret","aspiration:FrozenJewel","Juzu Bracelet"],"campfire_rested":0,"item_purchase_floors":[0,0,0,0,0,0],"current_hp_per_floor":[35,35,38,41,41,41,38,41,41,41,41,39,15,13,13,0,0],"gold":187,"neow_bonus":"","is_daily":false,"chose_seed":false,"campfire_upgraded":3,"win_rate":0.0,"timestamp":1610056798,"path_taken":["M","?","M","?","?","R","E","?","T","?","R","M","E","?","R","BOSS"],"items_purchased_type":["Relic","Relic","Relic","Relic","Relic","Relic"],"build_version":"2020-12-22","purchased_purges":1,"victory":false,"max_hp_per_floor":[78,78,81,84,84,84,87,90,90,90,90,93,96,99,99,99,99],"card_choices":[{"not_picked":["Bromod:SteelFiber","Bromod:PointStrike"],"picked":"Bromod:NorthWind","floor":1},{"not_picked":["Bromod:SeismicWave","Bromod:SlashDash"],"picked":"Bromod:Stormbringer","floor":3},{"not_picked":["Bromod:Flow","Bromod:BulletJump"],"picked":"Bromod:LethalTorrent","floor":7},{"not_picked":["Bromod:ShatteringImpact","Bromod:QuickDraw"],"picked":"Bromod:Reflection","floor":12},{"not_picked":["Bromod:Redirection","Bromod:RelentlessCombination"],"picked":"Bromod:SlipMagazine","floor":13}],"player_experience":139513,"relics_obtained":[{"floor":7,"key":"hubris:TinFlute"},{"floor":9,"key":"aspiration:ChemicalBlood"},{"floor":13,"key":"Quantum Egg"}],"event_choices":[{"cards_removed":["Bromod:Defend_Bro"],"damage_healed":0,"gold_gain":0,"player_choice":"Card Removal","damage_taken":0,"max_hp_gain":0,"max_hp_loss":0,"event_name":"The Cleric","floor":2,"gold_loss":50},{"damage_healed":0,"gold_gain":0,"cards_transformed":["Bromod:Defend_Bro"],"player_choice":"Transformed","damage_taken":0,"max_hp_gain":0,"max_hp_loss":0,"event_name":"Transmorgrifier","floor":4,"gold_loss":0,"cards_obtained":["Bromod:BloodRush"]},{"damage_healed":0,"gold_gain":1,"player_choice":"Card ","damage_taken":5,"max_hp_gain":0,"max_hp_loss":0,"event_name":"betterThird:BetterScrap","floor":14,"gold_loss":0,"cards_obtained":["infinitespire:OneForAll","ReplayTheSpireMod:From All Sides"]}],"is_beta":false,"boss_relics":[],"items_purged_floors":[0],"is_endless":false,"potions_floor_spawned":[1],"killed_by":"Fading Forest","ascension_level":0}}