{"host":"1a3cjta80tad0aqj","time":1610062337,"event":{"mods":["2.2 Compatiblity","AchievementEnabler","BaseMod","Colored Map","DeckTracker","KOR Keyword Fix","Keyboard Shortcuts","Minty Spire (QoL Compilation)","Permanent Neow","Quick Restart","Random Character Button","StSLib","SuperFastMode","everything is the same but u backflip on backflip"],"gold_per_floor":[115,290,215,235,87,87,87,87,87,117,136,147,162,176,176,276,276,289,302,315,334,209,209,222,222,222,222,72,72,72,88,88,189,189,203,203,218,72,72,72],"floor_reached":39,"playtime":2052,"items_purged":["Doubt","Defend_P","Strike_P","Defend_P"],"score":383,"play_id":"b17f2035-9b9f-4131-bf01-6c04d523b24c","local_time":"20210108083217","is_ascension_mode":false,"campfire_choices":[{"data":"Eruption","floor":6.0,"key":"SMITH"},{"data":"FollowUp","floor":8.0,"key":"SMITH"},{"data":"CrushJoints","floor":15.0,"key":"SMITH"},{"data":"Blasphemy","floor":23,"key":"SMITH"},{"data":"EmptyFist","floor":25,"key":"SMITH"},{"floor":32,"key":"REST"}],"circlet_count":0,"master_deck":["Strike_P","Strike_P","Defend_P","Defend_P","Eruption+1","Vigilance","FollowUp+1","Vengeance","CrushJoints+1","EmptyFist+1","ClearTheMind","Blasphemy+1","FollowUp+1","Tantrum+1","SpiritShield"],"relics":["Cursed Key"],"acts_visited":["Exordium","TheCity","TheBeyond"],"potions_floor_usage":[39],"damage_taken":[{"damage":0.0,"enemies":"Jaw Worm","floor":1.0,"turns":4.0},{"damage":2.0,"enemies":"Small Slimes","floor":4.0,"turns":3.0},{"damage":22.0,"enemies":"3 Sentries","floor":10.0,"turns":7.0},{"damage":0.0,"enemies":"Cultist","floor":11.0,"turns":2.0},{"damage":0.0,"enemies":"3 Louse","floor":12.0,"turns":2.0},{"damage":0.0,"enemies":"2 Fungi Beasts","floor":13.0,"turns":2.0},{"damage":9.0,"enemies":"Exordium Wildlife","floor":14.0,"turns":3.0},{"damage":11.0,"enemies":"Slime Boss","floor":16.0,"turns":7.0},{"damage":5.0,"enemies":"Shell Parasite","floor":18.0,"turns":2.0},{"damage":7.0,"enemies":"2 Thieves","floor":19.0,"turns":2.0},{"damage":5,"enemies":"Centurion and Healer","floor":20,"turns":4},{"damage":8,"enemies":"Cultist and Chosen","floor":21,"turns":5},{"damage":0,"enemies":"Snake Plant","floor":24,"turns":2},{"damage":0,"enemies":"3 Cultists","floor":31,"turns":3},{"damage":42,"enemies":"Collector","floor":33,"turns":4},{"damage":17,"enemies":"3 Darklings","floor":35,"turns":4},{"damage":7,"enemies":"Orb Walker","floor":37,"turns":2},{"damage":9,"enemies":"Jaw Worm Horde","floor":39,"turns":2}],"seed_played":"5307346780381883643","potions_obtained":[{"floor":4.0,"key":"Dexterity Potion"},{"floor":12.0,"key":"Energy Potion"},{"floor":13.0,"key":"BlessingOfTheForge"},{"floor":16.0,"key":"Ambrosia"},{"floor":20,"key":"LiquidMemories"},{"floor":31,"key":"Energy Potion"},{"floor":35,"key":"SkillPotion"}],"is_trial":false,"path_per_floor":["M","?","$","M","$","R","?","R","T","E","M","M","M","M","R","B",null,"M","M","M","M","$","R","M","R","T","?","$","?","$","M","R","B",null,"M","?","M","$","M"],"character_chosen":"WATCHER","items_purchased":["SteroidPotion","SpiritShield"],"campfire_rested":1,"item_purchase_floors":[5,38],"current_hp_per_floor":[72,72,72,70,70,70,70,70,70,48,48,48,48,39,39,28,72,67,60,55,47,47,47,47,47,47,34,34,34,34,34,57,15,77,60,60,53,53,44,44],"gold":72,"neow_bonus":"BOSS_RELIC","is_daily":false,"chose_seed":true,"campfire_upgraded":5,"win_rate":0.0,"timestamp":1610062337,"path_taken":["M","?","$","M","$","R","?","R","T","E","?","M","M","M","R","BOSS","M","M","M","M","$","R","M","R","T","?","$","?","?","M","R","BOSS","M","?","M","$","M"],"items_purchased_type":["Potion","Card"],"build_version":"2020-12-22","purchased_purges":4,"victory":false,"max_hp_per_floor":[72,72,72,72,72,72,72,72,72,72,72,72,72,72,72,72,72,72,72,72,72,72,72,72,72,72,77,77,77,77,77,77,77,77,77,77,77,77,77,77],"card_choices":[{"not_picked":["ForeignInfluence","FlurryOfBlows"],"picked":"FollowUp","floor":1.0},{"not_picked":["SashWhip","Prostrate","FlyingSleeves"],"picked":"SKIP","floor":4.0},{"not_picked":["Swivel","Indignation"],"picked":"Vengeance","floor":10.0},{"not_picked":["FearNoEvil","Halt"],"picked":"CrushJoints","floor":11.0},{"not_picked":["Perseverance","WheelKick"],"picked":"EmptyFist","floor":12.0},{"not_picked":["Fasting2","Sanctity","FlurryOfBlows"],"picked":"SKIP","floor":13.0},{"not_picked":["Halt","Prostrate"],"picked":"ClearTheMind","floor":14.0},{"not_picked":["Judgement","Brilliance"],"picked":"Blasphemy","floor":16.0},{"not_picked":["Halt","FlyingSleeves","ForeignInfluence+1"],"picked":"SKIP","floor":18.0},{"not_picked":["Halt","FlyingSleeves","ForeignInfluence+1"],"picked":"SKIP","floor":18.0},{"not_picked":["Crescendo+1","CrushJoints","Collect"],"picked":"SKIP","floor":19.0},{"not_picked":["Halt","SandsOfTime+1","Evaluate"],"picked":"SKIP","floor":20},{"not_picked":["Sanctity","ClearTheMind","Indignation"],"picked":"SKIP","floor":21},{"not_picked":["BowlingBash","SashWhip"],"picked":"FollowUp+1","floor":24},{"not_picked":["JustLucky","Halt","Protect"],"picked":"SKIP","floor":31},{"not_picked":["Pray+1","MentalFortress+1","DeceiveReality+1"],"picked":"SKIP","floor":35},{"not_picked":["Evaluate+1","Consecrate"],"picked":"Tantrum+1","floor":37}],"player_experience":189003,"relics_obtained":[],"event_choices":[{"damage_healed":0.0,"max_hp_gain":0.0,"max_hp_loss":0.0,"gold_gain":175.0,"event_name":"Liars Game","player_choice":"AGREE","floor":2.0,"gold_loss":0.0,"damage_taken":0.0,"cards_obtained":["Doubt"]},{"damage_healed":0.0,"max_hp_gain":0.0,"max_hp_loss":0.0,"gold_gain":0.0,"event_name":"Match and Keep!","player_choice":"0 cards matched","floor":7.0,"gold_loss":0.0,"damage_taken":0.0,"cards_obtained":[]},{"damage_healed":0,"gold_gain":0,"player_choice":"Shed Blood","damage_taken":18,"max_hp_gain":5,"max_hp_loss":0,"event_name":"Forgotten Altar","floor":27,"gold_loss":0},{"cards_removed":["Strike_P"],"damage_healed":0,"gold_gain":0,"player_choice":"Elegance","damage_taken":0,"max_hp_gain":0,"max_hp_loss":0,"event_name":"Back to Basics","floor":29,"gold_loss":0},{"damage_healed":0,"gold_gain":0,"player_choice":"Ignored","damage_taken":0,"max_hp_gain":0,"max_hp_loss":0,"event_name":"Tomb of Lord Red Mask","floor":36,"gold_loss":0}],"is_beta":false,"boss_relics":[{"not_picked":["Runic Pyramid","Busted Crown","Tiny House"]},{"not_picked":[]}],"items_purged_floors":[3,5,22,28],"is_endless":false,"potions_floor_spawned":[4,12,13,16,20,31,33,35],"killed_by":"Jaw Worm Horde","ascension_level":0}}