{"host":"iyvjjqtjrywxqc57","time":1610016224,"event":{"mods":["AchievementEnabler","BaseMod","Bestiary","Better Altar","Better Match","Better Note","Better Sensory Stone","Better Skull","Better Third Choice","BetterRewards","Colored Map","Colored Powertips","Dark Map","Defuse TimeMaze Blight","Displayed Cursed Tome","Downfall","Faster Ascension Climbing","Jorbs\u0027s Wanderer Trilogy","Minty Spire (QoL Compilation)","Permanent Neow","Quick Restart","Rare Cards Sparkle","Relic Stats","StSLib"],"gold_per_floor":[119,119,119,139,151,151,151,151,178,195,195,215,277,22,22,127,127,147,147,167,16,16,16,48,48,48,48,63,83,83,101,101,196,196,214,561,576,576,536,564,584,598,598,608,608,608],"floor_reached":45,"playtime":5353,"items_purged":[],"score":505,"play_id":"51a2fd0a-693f-41d0-ab13-ad4b0883dd6f","local_time":"20210107044344","is_ascension_mode":false,"campfire_choices":[{"data":"Bash","floor":6.0,"key":"SMITH"},{"data":"expansioncontent:DarkVoid","floor":8.0,"key":"SMITH"},{"data":"Heavy Blade","floor":11.0,"key":"SMITH"},{"data":"Rage","floor":15.0,"key":"SMITH"},{"floor":23.0,"key":"REST"},{"floor":32.0,"key":"REST"}],"circlet_count":0,"master_deck":["Strike_R","Strike_R","Strike_R","Defend_R+1","Defend_R","Defend_R","Defend_R","Bash+1","Feel No Pain","Armaments+1","Pommel Strike","Reprogram+1","Rampage","Heavy Blade+1","expansioncontent:DarkVoid+1","Rage+1","Intimidate","Bludgeon+1","Cleave+1","Spot Weakness+1","Metallicize","Seeing Red","Battle Trance+1","Blood for Blood","Cleave+1","Berserk","Iron Wave","Power Through+1","Sword Boomerang+1","Ghostly Armor","Flex+1"],"relics":["Burning Blood","Calipers","Letter Opener","Pear","Eternal Feather","Champion Belt","Pen Nib","Mercury Hourglass","Fusion Hammer","Meat on the Bone","MealTicket","Ancient Tea Set","Blood Vial","GremlinMask","Empty Cage","Old Coin","Shuriken","War Paint"],"acts_visited":["Exordium","TheCity","TheBeyond"],"potions_floor_usage":[41,45],"damage_taken":[{"damage":1.0,"enemies":"Jaw Worm","floor":1.0,"turns":6.0},{"damage":0.0,"enemies":"2 Louse","floor":4.0,"turns":2.0},{"damage":0.0,"enemies":"Small Slimes","floor":5.0,"turns":3.0},{"damage":9.0,"enemies":"2 Fungi Beasts","floor":10.0,"turns":2.0},{"damage":6.0,"enemies":"Red Slaver","floor":12.0,"turns":4.0},{"damage":44.0,"enemies":"Hexaghost","floor":16.0,"turns":8.0},{"damage":0.0,"enemies":"Chosen","floor":18.0,"turns":4.0},{"damage":1.0,"enemies":"Spheric Guardian","floor":20.0,"turns":5.0},{"damage":67.0,"enemies":"Gremlin Leader","floor":24.0,"turns":6.0},{"damage":9.0,"enemies":"Cultist and Chosen","floor":28.0,"turns":6.0},{"damage":13.0,"enemies":"Centurion and Healer","floor":29.0,"turns":4.0},{"damage":1.0,"enemies":"Chosen and Byrds","floor":31.0,"turns":3.0},{"damage":28.0,"enemies":"Automaton","floor":33.0,"turns":7.0},{"damage":23.0,"enemies":"3 Darklings","floor":35.0,"turns":4.0},{"damage":65.0,"enemies":"2 Orb Walkers","floor":36.0,"turns":5.0},{"damage":23.0,"enemies":"3 Shapes","floor":37.0,"turns":2.0},{"damage":38.0,"enemies":"Nemesis","floor":40.0,"turns":9.0},{"damage":24,"enemies":"Writhing Mass","floor":41,"turns":5},{"damage":13,"enemies":"3 Darklings","floor":42,"turns":4},{"damage":16,"enemies":"Jaw Worm Horde","floor":44,"turns":4},{"damage":34,"enemies":"Spire Growth","floor":45,"turns":3}],"seed_played":"5191514834755648410","potions_obtained":[{"floor":1.0,"key":"AttackPotion"},{"floor":4.0,"key":"EntropicBrew"},{"floor":16.0,"key":"Swift Potion"},{"floor":29.0,"key":"Block Potion"},{"floor":33.0,"key":"GamblersBrew"},{"floor":37.0,"key":"Dexterity Potion"},{"floor":40.0,"key":"FearPotion"},{"floor":44,"key":"Strength Potion"}],"is_trial":false,"path_per_floor":["M","?","?","M","M","R","?","R","T","M","R","M","?","$","R","B",null,"M","?","M","$","T","R","E","?","T","?","M","M","?","M","R","B",null,"M","?","M","?","?","E","M","M","T","M","M"],"character_chosen":"IRONCLAD","items_purchased":["Eternal Feather","Armaments","Mercury Hourglass","Metallicize","FearPotion","Seeing Red"],"campfire_rested":2,"item_purchase_floors":[0,0,14,21,21,21],"current_hp_per_floor":[59,32,32,38,44,53,53,62,62,59,68,68,68,68,77,39,90,90,90,90,90,90,90,41,41,41,41,52,59,59,66,90,68,90,73,46,43,43,43,25,21,28,28,32,0,0],"gold":608,"neow_bonus":"","is_daily":false,"chose_seed":false,"campfire_upgraded":4,"win_rate":0.0,"timestamp":1610016224,"path_taken":["M","?","?","M","M","R","?","R","T","M","R","?","?","$","R","BOSS","M","?","M","$","?","R","E","?","T","?","?","M","?","M","R","BOSS","M","?","M","?","?","E","M","M","T","M","?"],"items_purchased_type":["Relic","Card","Relic","Card","Potion","Card"],"build_version":"2020-12-22","purchased_purges":0,"victory":false,"max_hp_per_floor":[90,90,90,90,90,90,90,90,90,90,90,90,90,90,90,90,90,90,90,90,90,90,90,90,90,90,90,90,90,90,90,90,90,90,90,90,90,90,90,90,90,90,90,90,90,90],"relic_stats":{"counters":[21,95],"Eternal Feather":51,"Pen Nib":[12],"Letter Opener":[162],"War Paint":["Defend_R","Spot Weakness"],"Burning Blood":109,"Mercury Hourglass":[299],"Blood Vial":20,"Shuriken":[2],"MealTicket":0,"Champion Belt":[9],"obtain_stats":[{"Calipers":0,"Pear":0,"Eternal Feather":0,"GremlinMask":27,"Pen Nib":9,"Letter Opener":0,"War Paint":43,"Ancient Tea Set":25,"Empty Cage":34,"Burning Blood":0,"Mercury Hourglass":14,"Old Coin":36,"Blood Vial":26,"Shuriken":40,"Philosopher\u0027s Stone":0,"MealTicket":24,"Fusion Hammer":17,"Champion Belt":2,"Meat on the Bone":22},{"Calipers":0,"Pear":0,"Eternal Feather":0,"GremlinMask":9,"Pen Nib":3,"Letter Opener":0,"War Paint":19,"Ancient Tea Set":9,"Empty Cage":13,"Burning Blood":0,"Mercury Hourglass":5,"Old Coin":15,"Blood Vial":9,"Shuriken":17,"Philosopher\u0027s Stone":0,"MealTicket":9,"Fusion Hammer":6,"Champion Belt":1,"Meat on the Bone":8},{"Calipers":0,"Pear":0,"Eternal Feather":0,"GremlinMask":40,"Pen Nib":11,"Letter Opener":0,"War Paint":88,"Ancient Tea Set":40,"Empty Cage":60,"Burning Blood":0,"Mercury Hourglass":17,"Old Coin":69,"Blood Vial":40,"Shuriken":79,"Philosopher\u0027s Stone":0,"MealTicket":40,"Fusion Hammer":25,"Champion Belt":6,"Meat on the Bone":34}],"Meat on the Bone":108},"card_choices":[{"not_picked":["Clash","Perfected Strike"],"picked":"Pommel Strike","floor":1.0},{"not_picked":["Warcry","Dropkick"],"picked":"Rampage","floor":4.0},{"not_picked":["Disarm","Combust"],"picked":"Heavy Blade","floor":5.0},{"not_picked":["Magnetism","Apotheosis"],"picked":"expansioncontent:DarkVoid","floor":7.0},{"not_picked":["Battle Trance","Uppercut"],"picked":"Rage","floor":10.0},{"not_picked":["Perfected Strike","Armaments"],"picked":"Intimidate","floor":12.0},{"not_picked":["Fiend Fire","Reaper"],"picked":"Bludgeon","floor":16.0},{"not_picked":["Twin Strike","Armaments"],"picked":"Cleave+1","floor":18.0},{"not_picked":["Twin Strike","Perfected Strike"],"picked":"Spot Weakness","floor":20.0},{"not_picked":["True Grit+1","Body Slam"],"picked":"Battle Trance+1","floor":24.0},{"not_picked":["Rampage","True Grit","Cleave"],"picked":"SKIP","floor":28.0},{"not_picked":["Warcry","Clash"],"picked":"Blood for Blood","floor":29.0},{"not_picked":["Sword Boomerang","Disarm"],"picked":"Cleave+1","floor":31.0},{"not_picked":["Fiend Fire","Corruption"],"picked":"Berserk","floor":33.0},{"not_picked":["Dropkick","Whirlwind+1"],"picked":"Iron Wave","floor":35.0},{"not_picked":["Searing Blow","Bloodletting+1"],"picked":"Power Through+1","floor":36.0},{"not_picked":["Body Slam","Disarm","Second Wind+1"],"picked":"SKIP","floor":37.0},{"not_picked":["Iron Wave","Spot Weakness","Pummel"],"picked":"SKIP","floor":40.0},{"not_picked":["Hemokinesis","Iron Wave"],"picked":"Sword Boomerang+1","floor":41},{"not_picked":["Sword Boomerang","Heavy Blade+1"],"picked":"Ghostly Armor","floor":42},{"not_picked":["Iron Wave+1","Searing Blow+1"],"picked":"Flex+1","floor":44}],"player_experience":104525,"relics_obtained":[{"floor":9.0,"key":"Pen Nib"},{"floor":22.0,"key":"Meat on the Bone"},{"floor":24.0,"key":"MealTicket"},{"floor":26.0,"key":"Blood Vial"},{"floor":36.0,"key":"Old Coin"},{"floor":40.0,"key":"Shuriken"},{"floor":43,"key":"War Paint"}],"event_choices":[{"damage_healed":0.0,"max_hp_gain":0.0,"max_hp_loss":0.0,"gold_gain":0.0,"event_name":"Living Wall","player_choice":"Grow","floor":3.0,"gold_loss":0.0,"damage_taken":0.0,"cards_upgraded":["Armaments"]},{"damage_healed":0.0,"max_hp_gain":0.0,"max_hp_loss":0.0,"gold_gain":1.0,"event_name":"betterStone:BetterStone","player_choice":"1","floor":7.0,"gold_loss":0.0,"damage_taken":0.0},{"damage_healed":0.0,"max_hp_gain":0.0,"max_hp_loss":0.0,"gold_gain":62.0,"event_name":"Golden Wing","player_choice":"Gained Gold","floor":13.0,"gold_loss":0.0,"damage_taken":0.0},{"cards_removed":["Strike_R"],"damage_healed":0.0,"max_hp_gain":0.0,"max_hp_loss":0.0,"gold_gain":0.0,"event_name":"betterNote:BetterNote","player_choice":"Give","floor":19.0,"gold_loss":0.0,"damage_taken":0.0,"cards_obtained":["Strike_R"]},{"damage_healed":0.0,"max_hp_gain":0.0,"max_hp_loss":0.0,"gold_gain":0.0,"event_name":"The Mausoleum","player_choice":"Opened","floor":25.0,"gold_loss":0.0,"damage_taken":0.0,"relics_obtained":["Ancient Tea Set"]},{"damage_healed":0.0,"max_hp_gain":0.0,"max_hp_loss":0.0,"gold_gain":0.0,"event_name":"FaceTrader","player_choice":"Trade","floor":27.0,"gold_loss":0.0,"damage_taken":0.0,"relics_obtained":["GremlinMask"]},{"damage_healed":0.0,"max_hp_gain":0.0,"max_hp_loss":0.0,"gold_gain":0.0,"event_name":"Beggar","player_choice":"Ignored","floor":30.0,"gold_loss":0.0,"damage_taken":0.0},{"damage_healed":0.0,"max_hp_gain":0.0,"max_hp_loss":0.0,"gold_gain":0.0,"event_name":"Mysterious Sphere","player_choice":"Fight","floor":36.0,"gold_loss":0.0,"damage_taken":0.0},{"damage_healed":0.0,"max_hp_gain":0.0,"max_hp_loss":0.0,"gold_gain":0.0,"event_name":"Tomb of Lord Red Mask","player_choice":"Ignored","floor":38.0,"gold_loss":0.0,"damage_taken":0.0},{"damage_healed":0.0,"max_hp_gain":0.0,"max_hp_loss":0.0,"gold_gain":0.0,"event_name":"Designer","player_choice":"Upgrade","floor":39.0,"gold_loss":40.0,"damage_taken":0.0,"cards_upgraded":["Bludgeon"]}],"is_beta":false,"boss_relics":[{"not_picked":["Astrolabe","Calling Bell"],"picked":"Fusion Hammer"},{"not_picked":["Snecko Eye","Philosopher\u0027s Stone"],"picked":"Empty Cage"}],"items_purged_floors":[],"is_endless":false,"potions_floor_spawned":[1,4,16,29,33,37,40,44],"killed_by":"Spire Growth","ascension_level":0}}