{"host":"sav7uxregyirlf69","time":1610036241,"event":{"mods":["AchievementEnabler","BaseMod","Colored Map","DeckTracker","Keyboard Shortcuts","Minty Spire (QoL Compilation)","READ ME - Guardian Mod","StSLib","SuperFastMode"],"gold_per_floor":[114,114,13,13,23,23,54,54,107,123,139,139,173,189,189,189,189],"floor_reached":16,"playtime":303,"items_purged":["Strike_B"],"score":270,"play_id":"c92687e4-095e-4f38-80bf-3613feb7da8c","local_time":"20210108011721","is_ascension_mode":true,"campfire_choices":[{"data":"Zap","floor":6,"key":"SMITH"},{"data":"Fusion","floor":8,"key":"SMITH"},{"floor":12,"key":"REST"},{"data":"Hologram","floor":15,"key":"SMITH"}],"circlet_count":0,"master_deck":["AscendersBane","Strike_B","Strike_B+1","Strike_B+1","Defend_B","Defend_B","Defend_B","Defend_B","Zap+1","Dualcast","Chill","Cold Snap","Glacier","Fusion+1","Chaos","Cold Snap","Multi-Cast","Hologram+1"],"relics":["Cracked Core","NeowsBlessing","Pear","Omamori","Lantern","StoneCalendar"],"acts_visited":["Exordium"],"potions_floor_usage":[16,16],"damage_taken":[{"damage":0,"enemies":"Jaw Worm","floor":1,"turns":1},{"damage":0,"enemies":"Small Slimes","floor":5,"turns":1},{"damage":0,"enemies":"Gremlin Nob","floor":7,"turns":1},{"damage":3,"enemies":"2 Louse","floor":10,"turns":3},{"damage":10,"enemies":"Exordium Thugs","floor":11,"turns":7},{"damage":10,"enemies":"3 Sentries","floor":13,"turns":15},{"damage":4,"enemies":"Exordium Wildlife","floor":14,"turns":4},{"damage":40,"enemies":"The Guardian","floor":16,"turns":12}],"seed_played":"6474144578227357183","potions_obtained":[{"floor":7,"key":"Energy Potion"},{"floor":10,"key":"FearPotion"},{"floor":13,"key":"SkillPotion"}],"is_trial":false,"path_per_floor":["M","?","$","?","M","R","E","R","T","M","M","R","E","M","R","B"],"character_chosen":"DEFECT","items_purchased":["Cold Snap"],"campfire_rested":1,"item_purchase_floors":[3],"current_hp_per_floor":[64,63,63,39,39,39,39,39,39,36,26,50,40,36,36,0,0],"gold":189,"neow_bonus":"THREE_ENEMY_KILL","is_daily":false,"chose_seed":false,"campfire_upgraded":3,"win_rate":0.0,"timestamp":1610036241,"path_taken":["M","?","$","?","M","R","E","R","T","M","M","R","E","M","R","BOSS"],"items_purchased_type":["Card"],"build_version":"2020-12-22","purchased_purges":1,"victory":false,"max_hp_per_floor":[71,81,81,81,81,81,81,81,81,81,81,81,81,81,81,81,81],"card_choices":[{"not_picked":["Coolheaded","Reinforced Body"],"picked":"Chill","floor":1},{"not_picked":["Steam Power","Genetic Algorithm"],"picked":"Glacier","floor":5},{"not_picked":["Steam","Sunder"],"picked":"Fusion","floor":7},{"not_picked":["Sweeping Beam","Compile Driver"],"picked":"Chaos","floor":10},{"not_picked":["Genetic Algorithm","Reinforced Body"],"picked":"Cold Snap","floor":11},{"not_picked":["White Noise","Streamline"],"picked":"Multi-Cast","floor":13},{"not_picked":["Sweeping Beam","Gash"],"picked":"Hologram","floor":14}],"player_experience":1186832,"relics_obtained":[{"floor":7,"key":"Omamori"},{"floor":9,"key":"Lantern"},{"floor":13,"key":"StoneCalendar"}],"event_choices":[{"damage_healed":0,"gold_gain":0,"player_choice":"Success","damage_taken":11,"relics_obtained":["Pear"],"max_hp_gain":0,"max_hp_loss":0,"event_name":"Scrap Ooze","floor":2,"gold_loss":0},{"damage_healed":0,"gold_gain":0,"player_choice":"Entered Light","damage_taken":24,"max_hp_gain":0,"max_hp_loss":0,"event_name":"Shining Light","floor":4,"gold_loss":0,"cards_upgraded":["Strike_B","Strike_B"]}],"is_beta":false,"boss_relics":[],"items_purged_floors":[3],"is_endless":false,"potions_floor_spawned":[7,10,13,14],"killed_by":"The Guardian","ascension_level":20}}