{"host":"28wx1s78lfgm5n5a","time":1610007222,"event":{"mods":["BaseMod","Energized Spire","Gold Saver","Highlight Path","Minty Spire (QoL Compilation)","Replay The Spire","StSLib","TestMod","Waifu the Spire","【遗物卡牌】REMEMod"],"gold_per_floor":[4999,4999,5012,5030,4192,4192,4226,3562,3562,3562,3580,3580,3595,3545,3545,3641,3641,3653,2910,2928,2142,2142,2142,2169,2188,2188,2215,2215,2251,2272,2292,2292,2394,2394,2411,1734,1734,1084,1099,1131,1131,1131,1157,1200,1231,1266,771,771,771,781,781],"floor_reached":50,"playtime":2103,"items_purged":["Strike_B","Strike_B","Zap","Self Repair","Melter"],"score":802,"play_id":"226bdc51-b461-426f-b29d-378481833927","local_time":"20210107161342","is_ascension_mode":true,"campfire_choices":[{"data":"Dualcast","floor":6,"key":"SMITH"},{"data":"Defragment","floor":15,"key":"SMITH"},{"floor":23,"key":"RECALL"},{"data":"Discovery","floor":32,"key":"SMITH"},{"data":"ReplayTheSpireMod:Calculation Training","floor":41,"key":"SMITH"},{"data":"Heatsinks","floor":49,"key":"SMITH"}],"circlet_count":0,"master_deck":["Defend_B+1","Defend_B+1","Defend_B+1","Defend_B+1","Dualcast+1","Hologram","Ball Lightning+1","Defragment+1","ReplayTheSpireMod:System Scan+1","Coolheaded+1","Core Surge","Streamline+1","Electrodynamics","Turbo","Discovery+1","REME_Flogging","Creative AI","ReplayTheSpireMod:Calculation Training+1","Pommel Strike+1","Heatsinks+1","White Noise"],"relics":["Cracked Core","testmod-TestBox","REME_ComplimentaryCards","testmod-CrystalShield","testmod-ArcanaOfDestiny","Frozen Eye","Replay:Bottled Eggs","Matryoshka","Boot","DataDisk","Orrery","Ancient Tea Set","Strawberry","testmod-Fanaticism","REME_HourglassOfDeath","testmod-Acrobat","HandDrill","Pear","ReplayTheSpireMod:Ninjato","ReplayTheSpireMod:ShopPack","Enchiridion","Turnip","PreservedInsect","Darkstone Periapt","Inserter","testmod-Fortitude","PrismaticShard","Whetstone","Replay:Antivirus Software","REME_PuzzleBoxRelic","Replay:Frozen Program","Mirror","War Paint","Prayer Wheel","Iron Hammer","Bronze Scales","Runic Capacitor"],"acts_visited":["Exordium","TheCity","TheBeyond"],"potions_floor_usage":[33,33,38,39,47],"damage_taken":[{"damage":7,"enemies":"Jaw Worm","floor":1,"turns":4},{"damage":14,"enemies":"Cultist","floor":3,"turns":5},{"damage":10,"enemies":"Small Slimes","floor":4,"turns":3},{"damage":7,"enemies":"Replay:BlueRogue","floor":7,"turns":5},{"damage":4,"enemies":"Blue Slaver","floor":11,"turns":2},{"damage":8,"enemies":"Gremlin Gang","floor":13,"turns":3},{"damage":5,"enemies":"Hexaghost","floor":16,"turns":8},{"damage":13,"enemies":"Shell Parasite","floor":18,"turns":2},{"damage":12,"enemies":"3 Byrds","floor":20,"turns":2},{"damage":4,"enemies":"REME_1_Revenger","floor":24,"turns":3},{"damage":0,"enemies":"Cultist and Chosen","floor":25,"turns":3},{"damage":30,"enemies":"Replay:Snechameleon","floor":27,"turns":2},{"damage":0,"enemies":"REME_1_Revenger","floor":29,"turns":2},{"damage":38,"enemies":"Shelled Parasite and Fungi","floor":30,"turns":4},{"damage":0,"enemies":"3 Cultists","floor":31,"turns":4},{"damage":26,"enemies":"Collector","floor":33,"turns":5},{"damage":33,"enemies":"3 Shapes","floor":35,"turns":3},{"damage":13,"enemies":"Orb Walker","floor":39,"turns":3},{"damage":22,"enemies":"Nemesis","floor":40,"turns":3},{"damage":0,"enemies":"R_Hoarder","floor":44,"turns":4},{"damage":0,"enemies":"Transient","floor":45,"turns":5},{"damage":0,"enemies":"Giant Head","floor":46,"turns":3},{"damage":78,"enemies":"Time Eater","floor":50,"turns":3}],"seed_played":"178541245395246139","potions_obtained":[{"floor":1,"key":"Block Potion"},{"floor":3,"key":"Swift Potion"},{"floor":16,"key":"Energy Potion"},{"floor":27,"key":"FocusPotion"},{"floor":39,"key":"testmod-SpacePotion"},{"floor":44,"key":"Strength Potion"}],"is_trial":false,"path_per_floor":["M","?","M","M","$","R","E","$","T","?","M","?","M","?","R","B",null,"M","$","M","$","?","R","E","M","T","E","?","E","M","M","R","B",null,"M","$","?","$","M","E","R","?","T","E","M","E","$","?","R","B"],"character_chosen":"DEFECT","items_purchased":["testmod-ArcanaOfDestiny","Defragment","Frozen Eye","Replay:Bottled Eggs","Melter","Boot","DataDisk","Coolheaded","SkillPotion","Orrery","REME_HourglassOfDeath","testmod-Acrobat","HandDrill","Turbo","Pear","ReplayTheSpireMod:Ninjato","ReplayTheSpireMod:ShopPack","testmod-Fortitude","Swift Potion","PrismaticShard","Replay:Antivirus Software","REME_PuzzleBoxRelic","Replay:Frozen Program","testmod-SpacePotion","LiquidBronze","Fire Potion","testmod-SpacePotion","Runic Capacitor","Ancient Potion","Weak Potion","Heatsinks","White Noise"],"campfire_rested":0,"item_purchase_floors":[5,5,5,5,5,8,8,8,8,8,19,19,19,19,21,21,21,36,36,36,38,38,38,38,38,38,47,47,47,47,47,47],"current_hp_per_floor":[75,75,68,65,65,65,65,65,72,65,68,68,67,67,67,69,82,79,79,70,80,64,64,60,60,60,50,50,50,39,39,39,65,92,92,92,92,92,82,63,63,63,63,63,63,63,63,63,63,0,0],"gold":781,"neow_bonus":"ONE_RANDOM_RARE_CARD","is_daily":false,"chose_seed":false,"campfire_upgraded":5,"win_rate":0.0,"timestamp":1610007222,"path_taken":["M","?","M","?","$","R","E","$","T","?","M","?","?","?","R","BOSS","M","$","M","$","?","R","E","M","T","E","?","E","M","M","R","BOSS","M","$","?","$","M","E","R","?","T","E","M","E","$","?","R","BOSS"],"items_purchased_type":["Relic","Card","Relic","Relic","Card","Relic","Relic","Card","Potion","Relic","Relic","Relic","Relic","Card","Relic","Relic","Relic","Relic","Potion","Relic","Relic","Relic","Relic","Potion","Potion","Potion","Potion","Relic","Potion","Potion","Card","Card"],"build_version":"2020-12-22","purchased_purges":5,"victory":false,"max_hp_per_floor":[75,75,75,75,75,75,75,75,82,82,82,82,82,82,82,82,82,82,82,82,92,92,92,92,92,92,92,92,92,92,92,92,92,92,92,92,92,92,92,92,92,92,92,92,92,92,92,92,92,92,92],"card_choices":[{"not_picked":["BasicCrystalCard","Sweeping Beam"],"picked":"Hologram","floor":1},{"not_picked":["Beam Cell","Go for the Eyes","Lockon"],"picked":"SKIP","floor":3},{"not_picked":["Crystallizer","Genetic Algorithm"],"picked":"Ball Lightning","floor":4},{"not_picked":["Beam Cell","Sweeping Beam"],"picked":"ReplayTheSpireMod:System Scan","floor":7},{"not_picked":["Conserve Battery","Coolheaded"],"picked":"Core Surge","floor":8},{"not_picked":["Blizzard","Panic Button"],"picked":"Streamline","floor":11},{"not_picked":["Steam","Hello World","Go for the Eyes"],"picked":"SKIP","floor":13},{"not_picked":["Machine Learning","Creative AI"],"picked":"Electrodynamics","floor":16},{"not_picked":["Gash","Beam Cell","Blizzard"],"picked":"SKIP","floor":18},{"not_picked":["Go for the Eyes+1","BasicCrystalCard+1","White Noise"],"picked":"SKIP","floor":20},{"not_picked":["testmod-CardIndex","ReplayTheSpireMod:Trickstab"],"picked":"Discovery","floor":21},{"not_picked":["testmod-Mystery","Midas Touch"],"picked":"REME_Flogging","floor":21},{"not_picked":["REME_DataAnalysis","Ball Lightning","Amplify"],"picked":"SKIP","floor":24},{"not_picked":["Tempest","Go for the Eyes","Sweeping Beam","Rebound"],"picked":"SKIP","floor":25},{"not_picked":["Auto Shields","Chill","Turbo+1"],"picked":"SKIP","floor":27},{"not_picked":["Gash","Cold Snap","Rebound"],"picked":"SKIP","floor":29},{"not_picked":["Gash","Reprogram+1","Self Repair"],"picked":"Creative AI","floor":30},{"not_picked":["Ball Lightning","Turbo","Stack"],"picked":"SKIP","floor":31},{"not_picked":["Panic Button","Crystallizer+1"],"picked":"ReplayTheSpireMod:Calculation Training","floor":35},{"not_picked":["Self Repair","BowlingBash","BootSequence+1","Blind+1"],"picked":"SKIP","floor":39},{"not_picked":["Consecrate+1","Noxious Fumes+1","BasicCrystalCard"],"picked":"SKIP","floor":40},{"not_picked":["Replay:BasicMightCard","ReplayTheSpireMod:Exploit Weakness+1","Rage"],"picked":"SKIP","floor":44},{"not_picked":["Panic Button","Beam Cell+1","Chill"],"picked":"Pommel Strike+1","floor":45},{"not_picked":["Infinite Blades","testmod-ComboMaster","PathToVictory","Beam Cell"],"picked":"SKIP","floor":45},{"not_picked":["Ghostly Armor","Multi-Cast","Replay:Battleflow"],"picked":"SKIP","floor":46}],"player_experience":114750,"relics_obtained":[{"floor":7,"key":"Matryoshka"},{"floor":9,"key":"Ancient Tea Set"},{"floor":9,"key":"Strawberry"},{"floor":22,"key":"Enchiridion"},{"floor":24,"key":"Turnip"},{"floor":26,"key":"PreservedInsect"},{"floor":27,"key":"Darkstone Periapt"},{"floor":29,"key":"testmod-HeartOfStrike"},{"floor":40,"key":"Mirror"},{"floor":43,"key":"War Paint"},{"floor":44,"key":"Iron Hammer"},{"floor":46,"key":"Bronze Scales"}],"event_choices":[{"cards_removed":["Strike_B"],"damage_healed":0,"gold_gain":0,"player_choice":"Purged","damage_taken":0,"max_hp_gain":0,"max_hp_loss":0,"event_name":"Purifier","floor":2,"gold_loss":0},{"cards_removed":["Strike_B"],"damage_healed":0,"gold_gain":0,"player_choice":"Card Removal","damage_taken":7,"max_hp_gain":0,"max_hp_loss":0,"event_name":"Golden Wing","floor":10,"gold_loss":0},{"damage_healed":0,"gold_gain":0,"player_choice":"Cursed","damage_taken":0,"max_hp_gain":0,"max_hp_loss":0,"event_name":"Wheel of Change","floor":12,"gold_loss":0,"cards_obtained":["Decay"]},{"cards_removed":["Decay"],"damage_healed":0,"gold_gain":0,"player_choice":"Card Removal","damage_taken":0,"max_hp_gain":0,"max_hp_loss":0,"event_name":"The Cleric","floor":14,"gold_loss":50},{"damage_healed":0,"gold_gain":0,"player_choice":"Obtained Book","damage_taken":16,"max_hp_gain":0,"max_hp_loss":0,"event_name":"Cursed Tome","floor":22,"gold_loss":0},{"damage_healed":0,"gold_gain":0,"player_choice":"Ignored","damage_taken":0,"max_hp_gain":0,"max_hp_loss":0,"event_name":"Vampires","floor":28,"gold_loss":0},{"damage_healed":0,"gold_gain":0,"player_choice":"Swap Relic","damage_taken":0,"relics_obtained":["Whetstone"],"max_hp_gain":0,"max_hp_loss":0,"event_name":"给自己的盒子","floor":37,"relics_lost":["testmod-HeartOfStrike"],"gold_loss":0},{"damage_healed":0,"gold_gain":0,"player_choice":"Memory 1","damage_taken":0,"max_hp_gain":0,"max_hp_loss":0,"event_name":"SensoryStone","floor":42,"gold_loss":0},{"cards_removed":["Buffer"],"damage_healed":0,"gold_gain":0,"player_choice":"Removed Power","damage_taken":0,"max_hp_gain":0,"max_hp_loss":0,"event_name":"Falling","floor":48,"gold_loss":0}],"is_beta":false,"boss_relics":[{"not_picked":["REME_DemonsWealth","Sozu"],"picked":"testmod-Fanaticism"},{"not_picked":["energizedSpire:DeadBattery","Coffee Dripper"],"picked":"Inserter"}],"items_purged_floors":[5,8,19,21,36],"is_endless":false,"potions_floor_spawned":[1,3,11,16,18,24,27,29,30,39,44],"killed_by":"Time Eater","ascension_level":2}}