{"host":"dk10vuzdqf3wivcv","time":1610031077,"event":{"mods":["Aspiration","Astrologer","BaseMod","Colored Map","Conspire","Friendly Minions","Hubris","Minty Spire (QoL Compilation)","Replay The Spire","StSLib","SuperFastMode","Td1madao Mod","The Animator","The Cursed","The Gatherer","The Hierophant","The Jungle","The Marked","The Servant 0.9.4"],"gold_per_floor":[112,135,135,146,126,170,18,65,114,132,146,182,182,204,204,299,299,311,236,335,361,380,406,406,432,432,432,432],"floor_reached":27,"playtime":2322,"items_purged":[],"score":287,"play_id":"cff4ad9b-29d7-44ec-b689-816f3bef4e06","local_time":"20210107155117","is_ascension_mode":true,"campfire_choices":[{"floor":13,"key":"REST"},{"floor":15,"key":"RECALL"},{"floor":24,"key":"REST"}],"circlet_count":0,"master_deck":["animator:Strike_GoblinSlayer","animator:Defend_GoblinSlayer","animator:Strike","animator:Defend","animator:Defend","animator:Defend+1","animator:LizardPriest","animator:DwarfShaman","animator:NarberalGamma","animator:KrulTepes","animator:Priestess","animator:Tatsumaki","animator:GuildGirl","animator:Ainz","animator:Caster","animator:Aisha","animator:LeleiLaLalena","animator:Bozes+1","animator:Evileye","animator:Caster","animator:Saber","animator:DolaSchwi+1","animator:CowGirl","animator:RinTohsaka+1","animator:Shalltear"],"relics":["animator:LivingPicture","animator:TheMissingPiece","animator:PurgingStone","Blood Vial","Gremlin Food","Blue Candle","Pondfish Scales","hubris:TerracottaHorce","Replay:Mystery Machine","Pocketwatch","aspiration:FetidBarrel"],"acts_visited":["Exordium","TheCity"],"potions_floor_usage":[6,8,12,12,12,16,27],"damage_taken":[{"damage":0,"enemies":"Jaw Worm","floor":1,"turns":4},{"damage":9,"enemies":"Cultist","floor":2,"turns":3},{"damage":0,"enemies":"Small Slimes","floor":4,"turns":4},{"damage":6,"enemies":"Lagavulin","floor":6,"turns":7},{"damage":31,"enemies":"Gremlin Nob","floor":8,"turns":5},{"damage":11,"enemies":"Red Slaver","floor":10,"turns":4},{"damage":12,"enemies":"3 Louse","floor":11,"turns":4},{"damage":1,"enemies":"Lagavulin","floor":12,"turns":7},{"damage":0,"enemies":"Blue Slaver","floor":14,"turns":5},{"damage":29,"enemies":"Fading Forest","floor":16,"turns":11},{"damage":7,"enemies":"Shell Parasite","floor":18,"turns":7},{"damage":5,"enemies":"conspire:FuzzyDice","floor":21,"turns":5},{"damage":25,"enemies":"Cultist and Chosen","floor":22,"turns":6},{"damage":28,"enemies":"Book of Stabbing","floor":23,"turns":4},{"damage":24,"enemies":"animator:HornedBat","floor":25,"turns":6},{"damage":4,"enemies":"conspire:Head Lice","floor":27,"turns":1}],"seed_played":"2422122568498633235","potions_obtained":[{"floor":1,"key":"Energy Potion"},{"floor":5,"key":"EssenceOfSteel"},{"floor":6,"key":"Block Potion"},{"floor":8,"key":"Adrenaline Potion"},{"floor":10,"key":"Cursed Concoction"},{"floor":12,"key":"PowerPotion"},{"floor":23,"key":"FearPotion"},{"floor":25,"key":"Dexterity Potion"}],"is_trial":false,"path_per_floor":["M","M","?","M","?","E","$","E","T","M","M","E","R","M","R_BF","B",null,"M","?","?","M","M","E","R","E","T","E"],"character_chosen":"THE_ANIMATOR","items_purchased":["animator:Ainz","animator:Caster"],"campfire_rested":2,"item_purchase_floors":[7,7],"current_hp_per_floor":[72,63,63,63,63,57,57,28,28,19,9,10,31,33,33,16,58,53,53,53,50,28,2,23,1,1,0,0],"gold":432,"neow_bonus":"TEN_PERCENT_HP_BONUS","is_daily":false,"chose_seed":false,"campfire_upgraded":0,"win_rate":0.0,"timestamp":1610031077,"path_taken":["M","M","?","?","?","E","?","E","T","M","?","E","R","M","R_BF","BOSS","M","?","?","M","M","E","R","E","T","E"],"items_purchased_type":["Card","Card"],"build_version":"2020-12-22","purchased_purges":0,"victory":false,"max_hp_per_floor":[72,72,72,72,72,72,72,72,72,72,72,72,72,72,72,72,72,72,72,72,72,73,73,73,73,73,73,73],"card_choices":[{"not_picked":["animator:Lancer","animator:Tatsumaki"],"picked":"animator:NarberalGamma","floor":1},{"not_picked":["animator:Priestess","animator:RoryMercury"],"picked":"animator:KrulTepes","floor":2},{"not_picked":["animator:DolaSchwi","animator:Lu"],"picked":"animator:Tatsumaki","floor":4},{"not_picked":["animator:Priestess","animator:LizardPriest"],"picked":"animator:GuildGirl","floor":6},{"not_picked":["animator:Verdia","animator:Lu"],"picked":"animator:Aisha","floor":8},{"not_picked":["animator:DwarfShaman","animator:Aqua"],"picked":"animator:LeleiLaLalena","floor":10},{"not_picked":["animator:Yoichi","animator:DwarfShaman"],"picked":"animator:Bozes","floor":11},{"not_picked":["animator:Cocytus","animator:NarberalGamma"],"picked":"animator:Evileye","floor":12},{"not_picked":["animator:DwarfShaman","animator:Saitama"],"picked":"animator:Caster","floor":14},{"not_picked":["animator:FeridBathory","animator:Albedo"],"picked":"animator:Saber","floor":16},{"not_picked":["animator:Shinoa","animator:SakuraMatou"],"picked":"animator:DolaSchwi+1","floor":18},{"not_picked":["animator:ShinjiMatou+1","animator:Rider+1","animator:Mitsuba"],"picked":"SKIP","floor":21},{"not_picked":["animator:LizardPriest","animator:DwarfShaman"],"picked":"animator:CowGirl","floor":22},{"not_picked":["animator:Chris","animator:Spearman+1"],"picked":"animator:RinTohsaka+1","floor":23},{"not_picked":["animator:LizardPriest","animator:HighElfArcher"],"picked":"animator:Shalltear","floor":25}],"player_experience":143121,"relics_obtained":[{"floor":6,"key":"Blood Vial"},{"floor":6,"key":"Gremlin Food"},{"floor":8,"key":"Blue Candle"},{"floor":12,"key":"Pondfish Scales"},{"floor":23,"key":"Replay:Mystery Machine"},{"floor":25,"key":"Pocketwatch"},{"floor":26,"key":"aspiration:FetidBarrel"}],"event_choices":[{"damage_healed":0,"gold_gain":0,"cards_transformed":["animator:Strike"],"player_choice":"Transformed","damage_taken":0,"max_hp_gain":0,"max_hp_loss":0,"event_name":"Transmorgrifier","floor":3,"gold_loss":0,"cards_obtained":["animator:Priestess"]},{"damage_healed":0,"gold_gain":0,"player_choice":"Bought 1 Potion","damage_taken":0,"max_hp_gain":0,"max_hp_loss":0,"event_name":"The Woman in Blue","floor":5,"gold_loss":0},{"cards_removed":["animator:Strike"],"damage_healed":0,"gold_gain":0,"player_choice":"Gave Gold","damage_taken":0,"max_hp_gain":0,"max_hp_loss":0,"event_name":"Beggar","floor":19,"gold_loss":75},{"damage_healed":0,"gold_gain":99,"player_choice":"Stole From Cult","damage_taken":0,"max_hp_gain":0,"max_hp_loss":0,"event_name":"Nest","floor":20,"gold_loss":0}],"is_beta":false,"boss_relics":[{"not_picked":["Velvet Choker","Mark of Pain"],"picked":"hubris:TerracottaHorce"}],"items_purged_floors":[],"is_endless":false,"potions_floor_spawned":[1,6,8,10,12,23,25],"killed_by":"conspire:Head Lice","ascension_level":1}}