{"host":"6r341r9cz00j2qc1","time":1610060702,"event":{"mods":["BaseMod","Better Third Choice","Downfall","GungeonMod","Hermit","Lobotomy","LobotomyExtend","Minty Spire (QoL Compilation)","Replay The Spire","Shop Mod","StSLib"],"gold_per_floor":[114,128,128,128,91,120,120,133,157,157,170,181,181,191,191,191,191],"floor_reached":16,"playtime":791,"items_purged":[],"score":127,"play_id":"7ad80909-2fb5-4480-ae4d-eb6018bfd09a","local_time":"20210108000502","is_ascension_mode":false,"campfire_choices":[{"data":"DemoMod:BlackBlade","floor":7,"key":"SMITH"},{"data":"DemoMod:WhiteBlade","floor":10,"key":"SMITH"},{"floor":15,"key":"DIG"}],"circlet_count":0,"master_deck":["Strike_R","Strike_R+1","Strike_R","Strike_R","Strike_R","Defend_R","Defend_R","Defend_R","Defend_R","Bash","Anger","DemoMod:BlackBlade+1","DemoMod:WhiteBlade+1","Regret","Cleave+1","Intimidate","Anger","ReplayTheSpireMod:Strike From Hell","Armaments","Flex"],"relics":["Burning Blood","NeowsBlessing","LetterFromLob","Replay:Accelerometer","Kunai","Oddly Smooth Stone","PreservedInsect"],"acts_visited":["Exordium"],"potions_floor_usage":[16,16,16],"damage_taken":[{"damage":0,"enemies":"2 Louse","floor":1,"turns":1},{"damage":0,"enemies":"Jaw Worm","floor":2,"turns":1},{"damage":0,"enemies":"Lagavulin","floor":6,"turns":1},{"damage":2,"enemies":"Small Slimes","floor":8,"turns":2},{"damage":0,"enemies":"2 Fungi Beasts","floor":11,"turns":2},{"damage":4,"enemies":"Large Slime","floor":12,"turns":5},{"damage":21,"enemies":"Gremlin Gang","floor":14,"turns":5},{"damage":83,"enemies":"Fading Forest","floor":16,"turns":8}],"seed_played":"6303246873143689988","potions_obtained":[{"floor":6,"key":"FearPotion"},{"floor":11,"key":"Energy Potion"},{"floor":12,"key":"SpeedPotion"}],"is_trial":false,"path_per_floor":["M","M","?","?","$","E","R","M","T","R","M","M","?","M","R","B"],"character_chosen":"IRONCLAD","items_purchased":["Cleave+1"],"campfire_rested":0,"item_purchase_floors":[5],"current_hp_per_floor":[80,80,80,80,80,80,80,80,80,80,80,80,80,65,65,0,0],"gold":191,"neow_bonus":"THREE_ENEMY_KILL","is_daily":false,"chose_seed":false,"campfire_upgraded":2,"win_rate":0.0,"timestamp":1610060702,"path_taken":["M","M","?","?","?","E","R","?","T","R","M","M","?","M","R","BOSS"],"items_purchased_type":["Card"],"build_version":"2020-12-22","purchased_purges":0,"victory":false,"max_hp_per_floor":[80,80,80,80,80,80,80,80,80,80,80,80,80,80,80,80,80],"card_choices":[{"not_picked":["Evolve","Havoc"],"picked":"Anger","floor":1},{"not_picked":["Shrug It Off","Defy Death"],"picked":"DemoMod:BlackBlade","floor":2},{"not_picked":["Hemokinesis","Feed"],"picked":"Intimidate","floor":6},{"not_picked":["Cleave","Heavy Blade"],"picked":"Anger","floor":8},{"not_picked":["ReplayTheSpireMod:Stacked","Clash"],"picked":"ReplayTheSpireMod:Strike From Hell","floor":11},{"not_picked":["True Grit","Pommel Strike"],"picked":"Armaments","floor":12},{"not_picked":["Fire Breathing","Twin Strike"],"picked":"Flex","floor":14}],"player_experience":478641,"relics_obtained":[{"floor":1,"key":"LetterFromLob"},{"floor":6,"key":"Kunai"},{"floor":9,"key":"Oddly Smooth Stone"},{"floor":15,"key":"PreservedInsect"}],"event_choices":[{"damage_healed":0,"gold_gain":0,"player_choice":"Box","damage_taken":0,"relics_obtained":["Replay:Accelerometer"],"max_hp_gain":0,"max_hp_loss":0,"event_name":"Big Fish","floor":3,"gold_loss":0,"cards_obtained":["Regret"]}],"is_beta":false,"boss_relics":[],"items_purged_floors":[],"is_endless":false,"potions_floor_spawned":[6,11,12,14],"killed_by":"Fading Forest","ascension_level":0}}