{"host":"97feeoqujgl2pi7v","time":1610035224,"event":{"mods":["AchievementEnabler","Act Like it!","Aspiration","Bard","BaseMod","Better Third Choice","Colored Map","Colored Powertips","Conspire","DeckTracker","Downfall","Duelist Mod","Gensokyo","GifTheSpireLib","Gremlin Mod","Halation","Hallownest","Hermit","Hubris","Infinite Spire","Jorbs\u0027s Wanderer Trilogy","Koishi","Mad Scientist","Marisa（霧雨　魔理沙）","Minty Spire (QoL Compilation)","Rare Cards Sparkle","Reimu（博丽灵梦）","Replay The Spire","Robot Space Explorer","Shop Mod","StSLib","Td1madao Mod","The Administrix","The Animator","The Blackbeard","The Bladedancer","The Bug Knight","The Construct","The Cursed","The Disciple","The Dragon Tamer","The Marked","The Mystic","The Necromancer","The Runesmith","The Saiyan","The Senshi","The Servant 0.9.4","TheBandit","Yuri Mod"],"gold_per_floor":[109,125,140,140,140,158,191,191,265,265,276,286,327,128,128,254,254,277,277,277,295,334,594,607,607,607,607,624,624,624,552,635,763,763,788,788,788],"floor_reached":35,"playtime":3719,"items_purged":[],"score":429,"play_id":"a49c0896-1c7b-4f67-a9e8-8cc75bffe3b9","local_time":"20210107110024","is_ascension_mode":false,"campfire_choices":[{"floor":10,"key":"REST"},{"data":"infinitespire:Execution","floor":15,"key":"SMITH"},{"floor":25,"key":"REST"},{"floor":27,"key":"REST"}],"circlet_count":0,"master_deck":["blackbeard:BlackbeardStrike","blackbeard:BlackbeardStrike","blackbeard:BlackbeardStrike","blackbeard:BlackbeardStrike","blackbeard:IntimidatingStrike","blackbeard:BlackbeardDefend","blackbeard:BlackbeardDefend","blackbeard:BlackbeardDefend","blackbeard:BlackbeardDefend","blackbeard:Cutlass","blackbeard:GoldenGuillotine","blackbeard:RearmingStrike","blackbeard:GoldenCannonball","blackbeard:Spear","infinitespire:Execution+1","blackbeard:Toast","blackbeard:Sword","blackbeard:Salvager+1","blackbeard:Bandana","blackbeard:GoldenDefense","blackbeard:ReapersScythe","blackbeard:GoldenStrike","infinitespire:SevenWalls","blackbeard:WeaponProficiency","blackbeard:GoldenStrike","blackbeard:WiseDefense+1","blackbeard:FieryDefense","blackbeard:CannonballSupply","Hallucinations","blackbeard:Parrot"],"relics":["blackbeard:LoadTheCannons","Runesmith:AutoHammer","Mercury Hourglass","Black Star","Replay:Mystery Machine","conspire:Boomerang","infinitespire:Beetle Shell","aspiration:HatOfInfinitePower","HollowMod:PaleOreRelic","Replay:Baseball","infinitespire:PuzzleCube","CaptainsWheel","ReplayTheSpireMod:Ring of Collecting","Ring of Fangs","hubris:RunicObelisk"],"acts_visited":["Gensokyo:Gensokyo","TheCity","TheBeyond"],"potions_floor_usage":[7,18,24,33],"damage_taken":[{"damage":0,"enemies":"Gensokyo:2_Kodama","floor":1,"turns":3},{"damage":0,"enemies":"Gensokyo:3_Fairies","floor":2,"turns":3},{"damage":6,"enemies":"Gensokyo:Python","floor":3,"turns":3},{"damage":6,"enemies":"Gensokyo:VengefulSpirit","floor":6,"turns":3},{"damage":13,"enemies":"Gensokyo:Mamizou","floor":7,"turns":7},{"damage":10,"enemies":"Gensokyo:CorruptedTreant","floor":11,"turns":3},{"damage":0,"enemies":"Gensokyo:LivingMonolith","floor":12,"turns":3},{"damage":7,"enemies":"Gensokyo:2_Rabbits","floor":13,"turns":5},{"damage":18,"enemies":"Gensokyo:Yukari","floor":16,"turns":7},{"damage":22,"enemies":"3 Byrds","floor":18,"turns":5},{"damage":10,"enemies":"Spheric Guardian","floor":21,"turns":3},{"damage":14,"enemies":"Chosen and Byrds","floor":22,"turns":5},{"damage":0,"enemies":"Gremlin Leader","floor":23,"turns":6},{"damage":15,"enemies":"Snecko","floor":24,"turns":3},{"damage":0,"enemies":"Snake Plant","floor":28,"turns":3},{"damage":64,"enemies":"hubris:MusketHawk","floor":33,"turns":7},{"damage":18,"enemies":"Orb Walker","floor":35,"turns":2}],"seed_played":"6219355586855011556","potions_obtained":[{"floor":3,"key":"Flashbang"},{"floor":12,"key":"sneckomod:MuddlingPotion"},{"floor":22,"key":"GrandPatriotsElixir:ReiMu"},{"floor":28,"key":"Adrenaline Potion"}],"is_trial":false,"path_per_floor":["M","M","M","?","T","M","E","?","T","R","M","M","M","COS","R","B",null,"M","AVR","?","M","M","E","M","R","T","R","M","?","?","?","R_BF","B",null,"M"],"character_chosen":"BLACKBEARD_CLASS","items_purchased":[],"campfire_rested":3,"item_purchase_floors":[],"current_hp_per_floor":[75,75,69,51,51,45,32,32,32,54,44,44,37,37,37,19,75,53,53,53,43,29,29,14,36,36,58,58,51,51,71,71,7,75,57,57,57],"gold":788,"neow_bonus":"ONE_RANDOM_RARE_CARD","is_daily":false,"chose_seed":false,"campfire_upgraded":1,"win_rate":0.0,"timestamp":1610035224,"path_taken":["M","M","M","?","?","?","E","?","T","R","M","M","M","COS","R","BOSS","M","AVR","?","?","M","E","M","R","T","R","M","?","?","?","R_BF","BOSS","M"],"items_purchased_type":[],"build_version":"2020-12-22","purchased_purges":0,"victory":false,"max_hp_per_floor":[75,75,75,75,75,75,75,75,75,75,75,75,75,75,75,75,75,75,75,75,75,75,75,75,75,75,75,75,75,75,75,75,75,75,75,75,75],"card_choices":[{"not_picked":["blackbeard:Sharpening","blackbeard:Fencing"],"picked":"blackbeard:RearmingStrike","floor":1},{"not_picked":["blackbeard:Scrap","blackbeard:WiseDefense"],"picked":"blackbeard:GoldenCannonball","floor":2},{"not_picked":["blackbeard:Sharpening","blackbeard:RearmingStrike"],"picked":"blackbeard:Spear","floor":3},{"not_picked":["infinitespire:SealOfDarkness+","infinitespire:DeathsTouch"],"picked":"infinitespire:Execution","floor":4},{"not_picked":["blackbeard:RearmingStrike","blackbeard:ArmorUp"],"picked":"blackbeard:Toast","floor":6},{"not_picked":["blackbeard:TacticalRetreat","blackbeard:VengefulSpirit"],"picked":"blackbeard:Sword","floor":7},{"not_picked":["blackbeard:VengefulSpirit","blackbeard:Recklessness"],"picked":"blackbeard:Salvager","floor":11},{"not_picked":["blackbeard:DeadlyArsenal","blackbeard:TacticalRetreat"],"picked":"blackbeard:Bandana","floor":12},{"not_picked":["blackbeard:Spear","blackbeard:RearmingStrike"],"picked":"blackbeard:GoldenDefense","floor":13},{"not_picked":["blackbeard:PirateStrength","blackbeard:FinalBarrage"],"picked":"blackbeard:ReapersScythe","floor":16},{"not_picked":["blackbeard:PowderKeg","blackbeard:Eyepatch+1"],"picked":"blackbeard:GoldenStrike","floor":18},{"not_picked":["blackbeard:FieryDefense","blackbeard:Provisioning"],"picked":"blackbeard:WeaponProficiency","floor":21},{"not_picked":["blackbeard:Spear","blackbeard:PiratesWill"],"picked":"blackbeard:GoldenStrike","floor":22},{"not_picked":["blackbeard:Spear+1","blackbeard:DelayedPain"],"picked":"blackbeard:WiseDefense+1","floor":23},{"not_picked":["blackbeard:Sword","blackbeard:WiseDefense"],"picked":"blackbeard:FieryDefense","floor":24},{"not_picked":["blackbeard:SwordDance","blackbeard:BlindAttacks+1"],"picked":"blackbeard:CannonballSupply","floor":28},{"not_picked":["blackbeard:FinalBarrage","blackbeard:MegaUpgrade"],"picked":"blackbeard:Parrot","floor":33}],"player_experience":459491,"relics_obtained":[{"floor":7,"key":"Runesmith:AutoHammer"},{"floor":9,"key":"Mercury Hourglass"},{"floor":23,"key":"HollowMod:PaleOreRelic"},{"floor":23,"key":"Replay:Baseball"},{"floor":26,"key":"infinitespire:PuzzleCube"},{"floor":30,"key":"ReplayTheSpireMod:Ring of Collecting"},{"floor":30,"key":"Ring of Fangs"}],"event_choices":[{"damage_healed":0,"gold_gain":0,"player_choice":"Upgraded","damage_taken":0,"max_hp_gain":0,"max_hp_loss":0,"event_name":"Upgrade Shrine","floor":20,"gold_loss":0,"cards_upgraded":["blackbeard:Salvager"]},{"damage_healed":0,"gold_gain":0,"player_choice":"CaptainsWheel","damage_taken":0,"relics_obtained":["CaptainsWheel"],"max_hp_gain":0,"max_hp_loss":0,"event_name":"blackbeard:ShipwreckEvent","floor":29,"gold_loss":0}],"is_beta":false,"boss_relics":[{"not_picked":["Honey Jar","SacredBark"],"picked":"Black Star"},{"not_picked":["halation:LoveArrow","Runesmith:UraniumAnvil"],"picked":"hubris:RunicObelisk"}],"items_purged_floors":[],"is_endless":false,"potions_floor_spawned":[3,12,22,28],"killed_by":"Orb Walker","ascension_level":0}}