{"host":"ig7tc0uedzltt2sr","time":1610062072,"event":{"mods":["BaseMod","Better Twitch Integration","Block Reminder","Colored Map","Colored Powertips","Communication Mod","Current Relic Mod","GifTheSpireLib","HexUI Lib","Minty Spire (QoL Compilation)","Quick Restart","Random Character Button","Rare Cards Sparkle","Relic Sorter","Relic Stats","Slay the Relics Exporter","StSLib","SuperFastMode","Synergy Search","Twitch Decklist","Twitch Utils","everything is the same but u backflip on backflip","slay the spire mod where everything is the same but ironclad has a cowboy hat"],"gold_per_floor":[110,129,149,149,149,149,161,175,199,169,169,29,48,0,0,0,0],"floor_reached":16,"playtime":94,"items_purged":[],"score":92,"play_id":"fc5671ef-a180-45f9-b5cd-f902ba85ba5e","local_time":"20210107152752","is_ascension_mode":false,"campfire_choices":[{"floor":6,"key":"RECALL"},{"data":"Flame Barrier","floor":11,"key":"SMITH"},{"data":"Juggernaut","floor":15,"key":"SMITH"}],"circlet_count":0,"master_deck":["Bash+1","Juggernaut+1","Metallicize","Spot Weakness","Fire Breathing","Juggernaut","Power Through","Blood for Blood","Perfected Strike","Perfected Strike","Seeing Red","Sever Soul","Havoc","Body Slam","Flame Barrier+1","Wild Strike","Dramatic Entrance","Armaments"],"relics":["Pandora\u0027s Box"],"acts_visited":["Exordium"],"potions_floor_usage":[],"damage_taken":[{"damage":12,"enemies":"2 Louse","floor":1,"turns":4},{"damage":8,"enemies":"Small Slimes","floor":2,"turns":5},{"damage":14,"enemies":"Jaw Worm","floor":3,"turns":4},{"damage":12,"enemies":"Exordium Thugs","floor":7,"turns":5},{"damage":15,"enemies":"Red Slaver","floor":8,"turns":4},{"damage":14,"enemies":"Looter","floor":10,"turns":4},{"damage":13,"enemies":"Lots of Slimes","floor":13,"turns":4},{"damage":22,"enemies":"Hexaghost","floor":16,"turns":8}],"seed_played":"-1503476130192847793","potions_obtained":[{"floor":2,"key":"GamblersBrew"},{"floor":7,"key":"Regen Potion"},{"floor":8,"key":"Weak Potion"}],"is_trial":false,"path_per_floor":["M","M","M","?","?","R","M","M","T","M","R","$","M","$","R","B"],"character_chosen":"IRONCLAD","items_purchased":["BloodPotion","Dramatic Entrance","Swift Potion"],"campfire_rested":0,"item_purchase_floors":[12,12,14],"current_hp_per_floor":[68,60,46,46,46,46,34,31,31,17,17,17,20,20,20,0,0],"gold":0,"neow_bonus":"BOSS_RELIC","is_daily":false,"chose_seed":false,"campfire_upgraded":2,"win_rate":0.0,"timestamp":1610062072,"path_taken":["M","M","M","?","?","R","M","M","T","M","R","$","?","?","R","BOSS"],"items_purchased_type":["Potion","Card","Potion"],"build_version":"2020-12-22","purchased_purges":0,"victory":false,"max_hp_per_floor":[80,80,80,80,80,80,80,80,80,80,80,80,80,80,80,80,80],"relic_stats":{"counters":[8,38],"Pandora\u0027s Box":["Juggernaut","Metallicize","Spot Weakness","Fire Breathing","Juggernaut","Power Through","Blood for Blood","Perfected Strike","Perfected Strike"],"obtain_stats":[{"Pandora\u0027s Box":0,"Burning Blood":0},{"Pandora\u0027s Box":0,"Burning Blood":0},{"Pandora\u0027s Box":0,"Burning Blood":0}]},"card_choices":[{"not_picked":["Heavy Blade","Warcry"],"picked":"Seeing Red","floor":1},{"not_picked":["Flex","Body Slam"],"picked":"Sever Soul","floor":2},{"not_picked":["Cleave","Metallicize"],"picked":"Havoc","floor":3},{"not_picked":["True Grit","Sword Boomerang"],"picked":"Body Slam","floor":7},{"not_picked":["Dual Wield","Twin Strike"],"picked":"Flame Barrier","floor":8},{"not_picked":["Body Slam","Havoc"],"picked":"Wild Strike","floor":10},{"not_picked":["Clothesline","Shrug It Off"],"picked":"Armaments","floor":13}],"player_experience":1460983,"relics_obtained":[],"event_choices":[{"damage_healed":0,"gold_gain":0,"player_choice":"Ignored","damage_taken":0,"max_hp_gain":0,"max_hp_loss":0,"event_name":"Golden Idol","floor":4,"gold_loss":0},{"damage_healed":0,"gold_gain":0,"player_choice":"Grow","damage_taken":0,"max_hp_gain":0,"max_hp_loss":0,"event_name":"Living Wall","floor":5,"gold_loss":0,"cards_upgraded":["Bash"]}],"is_beta":false,"boss_relics":[],"items_purged_floors":[],"is_endless":false,"potions_floor_spawned":[2,7,8],"killed_by":"Hexaghost","ascension_level":0}}