{"host":"ig7tc0uedzltt2sr","time":1610057427,"event":{"mods":["BaseMod","Better Twitch Integration","Block Reminder","Colored Map","Colored Powertips","Communication Mod","Current Relic Mod","GifTheSpireLib","HexUI Lib","Minty Spire (QoL Compilation)","Quick Restart","Random Character Button","Rare Cards Sparkle","Relic Sorter","Relic Stats","Slay the Relics Exporter","StSLib","SuperFastMode","Synergy Search","Twitch Decklist","Twitch Utils","everything is the same but u backflip on backflip","slay the spire mod where everything is the same but ironclad has a cowboy hat"],"gold_per_floor":[116,132,150,160,176,176,176],"floor_reached":6,"playtime":53,"items_purged":[],"score":40,"play_id":"533f094b-069a-43b5-8a78-bd62cddbe4aa","local_time":"20210107141027","is_ascension_mode":false,"campfire_choices":[],"circlet_count":0,"master_deck":["Strike_R","Strike_R","Strike_R","Strike_R","Strike_R","Defend_R","Defend_R","Defend_R","Defend_R","Bash","Sword Boomerang","Battle Trance","Whirlwind","Bludgeon","Heavy Blade"],"relics":["Burning Blood","NeowsBlessing"],"acts_visited":["Exordium"],"potions_floor_usage":[],"damage_taken":[{"damage":0,"enemies":"Small Slimes","floor":1,"turns":2},{"damage":0,"enemies":"Jaw Worm","floor":2,"turns":2},{"damage":0,"enemies":"Cultist","floor":3,"turns":1},{"damage":60,"enemies":"Exordium Thugs","floor":4,"turns":9},{"damage":10,"enemies":"3 Louse","floor":5,"turns":4},{"damage":41,"enemies":"Lagavulin","floor":6,"turns":6}],"seed_played":"927713221285191704","potions_obtained":[{"floor":2,"key":"Fruit Juice"},{"floor":3,"key":"Regen Potion"}],"is_trial":false,"path_per_floor":["M","M","M","M","M","E"],"character_chosen":"IRONCLAD","items_purchased":[],"campfire_rested":0,"item_purchase_floors":[],"current_hp_per_floor":[80,80,80,40,36,0,0],"gold":176,"neow_bonus":"THREE_ENEMY_KILL","is_daily":false,"chose_seed":false,"campfire_upgraded":0,"win_rate":0.0,"timestamp":1610057427,"path_taken":["M","M","M","M","M","E"],"items_purchased_type":[],"build_version":"2020-12-22","purchased_purges":0,"victory":false,"max_hp_per_floor":[80,80,80,85,85,85,85],"relic_stats":{"counters":[6,24],"obtain_stats":[{"NeowsBlessing":0,"Burning Blood":0},{"NeowsBlessing":0,"Burning Blood":0},{"NeowsBlessing":0,"Burning Blood":0}],"Burning Blood":12},"card_choices":[{"not_picked":["Thunderclap","Perfected Strike"],"picked":"Sword Boomerang","floor":1},{"not_picked":["Warcry","Flex"],"picked":"Battle Trance","floor":2},{"not_picked":["Anger","Second Wind"],"picked":"Whirlwind","floor":3},{"not_picked":["Dark Embrace","Warcry"],"picked":"Bludgeon","floor":4},{"not_picked":["Second Wind","Cleave"],"picked":"Heavy Blade","floor":5}],"player_experience":1457287,"relics_obtained":[],"event_choices":[],"is_beta":false,"boss_relics":[],"items_purged_floors":[],"is_endless":false,"potions_floor_spawned":[2,3],"killed_by":"Lagavulin","ascension_level":0}}