{"host":"vrsxkkch9ccrec7k","time":1610026528,"event":{"mods":["BaseMod","Bestiary","Downfall","Minty Spire (QoL Compilation)","Relic Stats","Spicy Shops","StSLib"],"gold_per_floor":[199,216,231,231,241,691,767,767,782,809,809,821,10,26,37,132,132,132,151,170,189,189,220,220,220,251,176,191,209,209,37,54,155,155,155,165,165,183,203,203,203,237,87,116,127,155,155,20,39,39],"floor_reached":51,"playtime":5779,"items_purged":["Guardian:Strike_Guardian"],"score":819,"play_id":"8785eac6-3890-49c4-9e9e-f15eb40310d5","local_time":"20210107083528","is_ascension_mode":true,"campfire_choices":[{"data":"Guardian:TwinSlam","floor":1,"key":"SMITH"},{"data":"Guardian:CurlUp","floor":8,"key":"SMITH"},{"data":"Guardian:DecasProtection","floor":11,"key":"SMITH"},{"data":"Guardian:HyperBeam_Guardian","floor":18,"key":"SMITH"},{"floor":25,"key":"REST"},{"data":"expansioncontent:YouAreMine","floor":27,"key":"SMITH"},{"data":"Guardian:AncientConstruct","floor":35,"key":"SMITH"},{"floor":40,"key":"RECALL"},{"data":"Guardian:SphericShield","floor":43,"key":"SMITH"}],"circlet_count":0,"master_deck":["Guardian:Defend_Guardian","Guardian:Defend_Guardian","Guardian:Defend_Guardian","Guardian:Defend_Guardian","Guardian:CurlUp+1","Guardian:TwinSlam+1","Guardian:Incinerate","Guardian:PiercingHide","Slimebound:Icky","Slimebound:Icky","Guardian:DecasProtection+1","Guardian:Repulse","expansioncontent:YouAreMine+1","Guardian:ArmoredProtocol","Guardian:PrismaticBarrier","Guardian:HyperBeam_Guardian+1","Guardian:FloatingOrbs+1","Guardian:TimeBomb+1","Guardian:AncientConstruct+1","Guardian:RevengeProtocol","Guardian:SphericShield+1","Guardian:AncientConstruct","Guardian:Reroute+1","Guardian:EvasiveProtocol+1","Guardian:PiercingHide","Guardian:Gem_Red"],"relics":["Guardian:ModeShifter","Darkstone Periapt","Bottled Flame","Regal Pillow","Potion Belt","Pocketwatch","Astrolabe","Juzu Bracelet","Molten Egg 2","Bronze Scales","downfall:HeartBlessingGreen","Guardian:BottledStasis","SlaversCollar","Letter Opener","downfall:HeartBlessingBlue","downfall:HeartBlessingRed","Dead Branch","Frozen Egg 2"],"acts_visited":["Exordium","TheCity","TheBeyond"],"potions_floor_usage":[10,16,21,23,26,33,36,39,42,44,46,50,50],"damage_taken":[{"damage":0,"enemies":"2 Louse","floor":2,"turns":2},{"damage":5,"enemies":"Cultist","floor":3,"turns":4},{"damage":7,"enemies":"Small Slimes","floor":5,"turns":3},{"damage":8,"enemies":"Blue Slaver","floor":9,"turns":3},{"damage":15,"enemies":"Lagavulin","floor":10,"turns":8},{"damage":7,"enemies":"2 Fungi Beasts","floor":12,"turns":4},{"damage":0,"enemies":"downfall:FleeingMerchant","floor":13,"turns":4},{"damage":0,"enemies":"Large Slime","floor":14,"turns":6},{"damage":0,"enemies":"2 Fungi Beasts","floor":15,"turns":3},{"damage":16,"enemies":"downfall:Defect","floor":16,"turns":7},{"damage":12,"enemies":"Shell Parasite","floor":19,"turns":5},{"damage":0,"enemies":"3 Byrds","floor":20,"turns":3},{"damage":0,"enemies":"3 Cultists","floor":21,"turns":1},{"damage":24,"enemies":"Slavers","floor":23,"turns":7},{"damage":16,"enemies":"Book of Stabbing","floor":26,"turns":6},{"damage":0,"enemies":"Centurion and Healer","floor":28,"turns":6},{"damage":0,"enemies":"Chosen and Byrds","floor":29,"turns":6},{"damage":0,"enemies":"downfall:FleeingMerchant","floor":31,"turns":4},{"damage":0,"enemies":"Snake Plant","floor":32,"turns":4},{"damage":9,"enemies":"downfall:Ironclad","floor":33,"turns":7},{"damage":0,"enemies":"3 Darklings","floor":36,"turns":6},{"damage":0,"enemies":"3 Shapes","floor":38,"turns":10},{"damage":3,"enemies":"3 Darklings","floor":39,"turns":4},{"damage":11,"enemies":"Giant Head","floor":42,"turns":11},{"damage":32,"enemies":"Nemesis","floor":44,"turns":7},{"damage":30,"enemies":"Spire Growth","floor":45,"turns":8},{"damage":6,"enemies":"Giant Head","floor":46,"turns":9},{"damage":0,"enemies":"downfall:FleeingMerchant","floor":48,"turns":4},{"damage":11,"enemies":"Jaw Worm Horde","floor":49,"turns":4},{"damage":3,"enemies":"downfall:Watcher","floor":50,"turns":6}],"seed_played":"4392652210745591155","potions_obtained":[{"floor":3,"key":"Strength Potion"},{"floor":9,"key":"Energy Potion"},{"floor":12,"key":"DuplicationPotion"},{"floor":15,"key":"CultistPotion"},{"floor":19,"key":"SpeedPotion"},{"floor":23,"key":"Block Potion"},{"floor":29,"key":"Weak Potion"},{"floor":30,"key":"CultistPotion"},{"floor":33,"key":"Swift Potion"},{"floor":38,"key":"ColorlessPotion"},{"floor":42,"key":"Regen Potion"},{"floor":44,"key":"LiquidBronze"},{"floor":49,"key":"SteroidPotion"}],"is_trial":false,"path_per_floor":["R","M","M","?","M","?","T","R","M","E","R","M","$","M","M","B",null,"R","M","M","M","?","E","T","R","E","R","M","M","?","$","M","B",null,"R","M","?","M","M","R","T","E","R","E","M","E","?","$","M","B",null],"character_chosen":"GUARDIAN","items_purchased":["Regal Pillow","Potion Belt","Pocketwatch","expansioncontent:YouAreMine","Guardian:ArmoredProtocol","Guardian:Gem_Red","Guardian:BottledStasis","Guardian:PiercingHide"],"campfire_rested":1,"item_purchase_floors":[13,13,13,13,13,13,31,48],"current_hp_per_floor":[80,80,75,75,68,68,68,68,60,45,45,38,38,38,38,22,80,80,68,68,68,68,44,44,80,64,64,64,64,64,64,64,55,80,80,80,80,80,77,77,77,66,76,58,28,22,79,79,68,65],"gold":39,"neow_bonus":"HUNDRED_GOLD","is_daily":false,"chose_seed":false,"campfire_upgraded":7,"win_rate":0.0,"timestamp":1610026528,"path_taken":["R","M","M","?","?","?","T","R","M","E","R","M","$","M","M","BOSS","R","M","M","M","?","E","T","R","E","R","M","M","?","$","M","BOSS","R","M","?","M","M","R","T","E","R","E","M","E","?","$","M","BOSS"],"items_purchased_type":["Relic","Relic","Relic","Card","Card","Card","Relic","Card"],"build_version":"2020-12-22","purchased_purges":1,"victory":true,"max_hp_per_floor":[80,80,80,80,80,80,80,80,80,80,80,80,80,80,80,80,80,80,80,80,80,80,80,80,80,80,80,80,80,80,80,80,80,80,80,80,80,80,80,80,80,80,90,90,90,90,79,79,79,79],"relic_stats":{"Darkstone Periapt":0,"Regal Pillow":12,"counters":[30,161],"Astrolabe":["Guardian:FloatingOrbs","Guardian:TimeBomb","Guardian:Gem_Orange"],"Bronze Scales":[276],"Dead Branch":[53],"Juzu Bracelet":0,"Letter Opener":[77],"obtain_stats":[{"Darkstone Periapt":7,"Potion Belt":13,"Guardian:BottledStasis":31,"Regal Pillow":13,"downfall:HeartBlessingRed":43,"Astrolabe":17,"Dead Branch":44,"Guardian:ModeShifter":0,"downfall:HeartBlessingGreen":27,"Juzu Bracelet":23,"Letter Opener":42,"Frozen Egg 2":46,"SlaversCollar":34,"Bottled Flame":10,"downfall:HeartBlessingBlue":43,"Bronze Scales":26,"Molten Egg 2":24,"Pocketwatch":13},{"Darkstone Periapt":3,"Potion Belt":7,"Guardian:BottledStasis":18,"Regal Pillow":7,"downfall:HeartBlessingRed":24,"Astrolabe":10,"Dead Branch":25,"Guardian:ModeShifter":0,"downfall:HeartBlessingGreen":15,"Juzu Bracelet":14,"Letter Opener":24,"Frozen Egg 2":27,"SlaversCollar":20,"Bottled Flame":5,"downfall:HeartBlessingBlue":24,"Bronze Scales":15,"Molten Egg 2":14,"Pocketwatch":7},{"Darkstone Periapt":9,"Potion Belt":28,"Guardian:BottledStasis":82,"Regal Pillow":28,"downfall:HeartBlessingRed":123,"Astrolabe":44,"Dead Branch":130,"Guardian:ModeShifter":0,"downfall:HeartBlessingGreen":66,"Juzu Bracelet":60,"Letter Opener":123,"Frozen Egg 2":147,"SlaversCollar":93,"Bottled Flame":20,"downfall:HeartBlessingBlue":123,"Bronze Scales":66,"Molten Egg 2":60,"Pocketwatch":28}],"Pocketwatch":[209]},"card_choices":[{"not_picked":["Guardian:Planning","Guardian:PiercingHide"],"picked":"Guardian:Gem_White","floor":2},{"not_picked":["Guardian:VentSteam","Guardian:TemporalStrike"],"picked":"Guardian:Incinerate","floor":3},{"not_picked":["Guardian:Gem_Crimson","Guardian:ChargeCore"],"picked":"Guardian:PiercingHide","floor":5},{"not_picked":["Guardian:TimeCapacitor","Guardian:ShieldSpikes"],"picked":"Guardian:Gem_Blue","floor":9},{"not_picked":["Guardian:Suspension","Guardian:WalkerClaw"],"picked":"Guardian:DecasProtection","floor":10},{"not_picked":["Guardian:PiercingHide","Guardian:PrimingBeam"],"picked":"Guardian:Gem_Cyan","floor":12},{"not_picked":["Guardian:PrimingBeam","Guardian:BaubleBeam"],"picked":"Guardian:Repulse","floor":13},{"not_picked":["Guardian:Planning","Guardian:PrimingBeam","Guardian:Reroute"],"picked":"SKIP","floor":14},{"not_picked":["Guardian:ChargeUp","Guardian:PrimingBeam"],"picked":"Guardian:PrismaticBarrier","floor":15},{"not_picked":["Guardian:StasisField","Guardian:AncientConstruct"],"picked":"Guardian:HyperBeam_Guardian","floor":16},{"not_picked":["Guardian:VentSteam","Guardian:Recover","Guardian:PrimingBeam"],"picked":"SKIP","floor":19},{"not_picked":["Guardian:RollAttack","Guardian:TemporalShield","Guardian:VentSteam+1"],"picked":"SKIP","floor":20},{"not_picked":["Guardian:CrystalBeam","Guardian:SentryBeam"],"picked":"Guardian:AncientConstruct","floor":21},{"not_picked":["Guardian:TemporalShield","Guardian:TimeBomb"],"picked":"Guardian:Gem_Lightblue","floor":23},{"not_picked":["Guardian:Recover","Guardian:Clone","Guardian:ShieldCharger+1"],"picked":"SKIP","floor":26},{"not_picked":["Guardian:CrystalBeam+1","Guardian:Gem_Blue","Guardian:VentSteam+1"],"picked":"SKIP","floor":28},{"not_picked":["Guardian:Incinerate+1","Guardian:Emergency"],"picked":"Guardian:RevengeProtocol","floor":29},{"not_picked":["Guardian:PrismaticBarrier","Guardian:Reroute+1"],"picked":"Guardian:Gem_Purple","floor":31},{"not_picked":["Guardian:PiercingHide","Guardian:RollAttack+1","Guardian:ShieldCharger+1"],"picked":"SKIP","floor":32},{"not_picked":["Guardian:ExploitGems","Guardian:Gem_Orange"],"picked":"Guardian:SphericShield","floor":33},{"not_picked":["Guardian:Gem_Crimson","Guardian:Gem_Green","Guardian:Planning+1"],"picked":"SKIP","floor":36},{"not_picked":["Guardian:PrimingBeam+1","Guardian:RollAttack+1","Guardian:Gem_Cyan"],"picked":"SKIP","floor":38},{"not_picked":["Guardian:ChargeCore+1","Guardian:Emergency+1"],"picked":"Guardian:AncientConstruct","floor":39},{"not_picked":["Guardian:ChargeCore+1","Guardian:CrystalBeam+1"],"picked":"Guardian:Reroute+1","floor":42},{"not_picked":["Guardian:SpikerProtocol+1","Guardian:PrimingBeam+1","Guardian:PiercingHide"],"picked":"SKIP","floor":44},{"not_picked":["Guardian:Preprogram","Guardian:PolyBeam+1","Guardian:ChargeUp+1"],"picked":"SKIP","floor":45},{"not_picked":["Guardian:PolyBeam+1","Guardian:RollAttack+1","Guardian:Planning"],"picked":"SKIP","floor":46},{"not_picked":["Guardian:TemporalStrike+1","Guardian:ChargeCore+1"],"picked":"Guardian:EvasiveProtocol+1","floor":48},{"not_picked":["Guardian:Gem_Fragmented","Guardian:TemporalStrike+1"],"picked":"Guardian:Gem_Red","floor":49}],"player_experience":1381552,"relics_obtained":[{"floor":7,"key":"Darkstone Periapt"},{"floor":10,"key":"Bottled Flame"},{"floor":23,"key":"Juzu Bracelet"},{"floor":24,"key":"Molten Egg 2"},{"floor":26,"key":"Bronze Scales"},{"floor":42,"key":"Letter Opener"},{"floor":44,"key":"Dead Branch"},{"floor":46,"key":"Frozen Egg 2"}],"event_choices":[],"is_beta":false,"boss_relics":[{"not_picked":["Runic Dome","Calling Bell"],"picked":"Astrolabe"},{"not_picked":["SacredBark","Coffee Dripper"],"picked":"SlaversCollar"}],"items_purged_floors":[48],"is_endless":false,"potions_floor_spawned":[3,9,12,15,19,23,29,33,38,42,44,49],"ascension_level":1}}