{"host":"Timothy","time":1610055689,"event":{"mods":["AchievementEnabler","BaseMod","Bestiary","Highlight Path","Minty Spire (QoL Compilation)","Quick Restart","Slay-I"],"gold_per_floor":[111,131,181,195,205,205,220,220,243,254,273,291,306,306,306],"floor_reached":14,"playtime":633,"items_purged":[],"score":172,"play_id":"d344468a-0bd6-45ce-b9bb-e6ffb78dcc5e","local_time":"20210107134129","is_ascension_mode":true,"campfire_choices":[{"floor":6,"key":"REST"},{"floor":8,"key":"REST"}],"circlet_count":0,"master_deck":["AscendersBane","Strike_G","Strike_G","Strike_G","Strike_G","Strike_G","Defend_G","Defend_G","Defend_G","Defend_G","Defend_G","Survivor","Neutralize","PiercingWail","Cloak And Dagger","Cloak And Dagger","Noxious Fumes","Backflip","Poisoned Stab"],"relics":["Ring of the Snake","NeowsBlessing","Happy Flower"],"acts_visited":["Exordium"],"potions_floor_usage":[5,14,14],"damage_taken":[{"damage":0.0,"enemies":"Cultist","floor":1.0,"turns":1.0},{"damage":0.0,"enemies":"Small Slimes","floor":2.0,"turns":1.0},{"damage":0,"enemies":"2 Louse","floor":4,"turns":1},{"damage":48,"enemies":"Exordium Wildlife","floor":5,"turns":10},{"damage":16,"enemies":"Lots of Slimes","floor":7,"turns":6},{"damage":5,"enemies":"Red Slaver","floor":10,"turns":5},{"damage":4,"enemies":"Looter","floor":11,"turns":4},{"damage":0,"enemies":"Blue Slaver","floor":12,"turns":6},{"damage":13,"enemies":"Exordium Wildlife","floor":13,"turns":6},{"damage":21,"enemies":"Gremlin Nob","floor":14,"turns":3}],"seed_played":"7707780915016803671","potions_obtained":[{"floor":2.0,"key":"FearPotion"},{"floor":4,"key":"SkillPotion"},{"floor":7,"key":"EssenceOfSteel"},{"floor":11,"key":"Strength Potion"}],"is_trial":false,"path_per_floor":["M","M","?","M","M","R","M","R","T","M","M","M","M","E"],"character_chosen":"THE_SILENT","items_purchased":[],"campfire_rested":2,"item_purchase_floors":[],"current_hp_per_floor":[59,59,53,53,5,24,8,27,27,22,18,18,5,0,0],"gold":306,"neow_bonus":"THREE_ENEMY_KILL","is_daily":false,"chose_seed":false,"campfire_upgraded":0,"win_rate":0.0,"timestamp":1610055689,"path_taken":["M","?","?","M","?","R","M","R","T","M","M","M","M","E"],"items_purchased_type":[],"build_version":"2020-12-18","purchased_purges":0,"victory":false,"max_hp_per_floor":[66,66,66,66,66,66,66,66,66,66,66,66,66,66,66],"card_choices":[{"not_picked":["Prepared","Setup"],"picked":"PiercingWail","floor":1.0},{"not_picked":["Dagger Throw","Dagger Spray"],"picked":"Cloak And Dagger","floor":2.0},{"not_picked":["Backstab","Tools of the Trade"],"picked":"Cloak And Dagger","floor":4},{"not_picked":["Sucker Punch","Prepared"],"picked":"Noxious Fumes","floor":5},{"not_picked":["Bane","Tactician"],"picked":"Backflip","floor":7},{"not_picked":["Outmaneuver","Sucker Punch","Prepared"],"picked":"SKIP","floor":10},{"not_picked":["Dodge and Roll","Acrobatics","Sucker Punch"],"picked":"SKIP","floor":11},{"not_picked":["Cloak And Dagger","Backstab"],"picked":"Poisoned Stab","floor":12},{"not_picked":["Calculated Gamble","Dagger Spray","Quick Slash"],"picked":"SKIP","floor":13}],"player_experience":776552,"relics_obtained":[{"floor":9,"key":"Happy Flower"}],"event_choices":[{"damage_healed":0,"gold_gain":50,"player_choice":"Touch","damage_taken":6,"max_hp_gain":0,"max_hp_loss":0,"event_name":"FaceTrader","floor":3,"gold_loss":0}],"is_beta":true,"boss_relics":[],"items_purged_floors":[],"is_endless":false,"potions_floor_spawned":[2,4,7,11],"killed_by":"Gremlin Nob","ascension_level":19}}