{"host":"u7lm8z2rvb4dg2oo","time":1610053455,"event":{"mods":["AchievementEnabler","BaseMod","Colored Map","Colored Powertips","Curses Come First","Googly Eyes","Highlight Path","Minty Spire (QoL Compilation)","Quick Restart","StSLib"],"gold_per_floor":[109,127,52,71,85,120,120,153,178,178,178,158,177,190,190,288,288,308,326,326,37,37,63,63,98,149,149,166,166,184,215,215,313,313,332,343,362,415,434,434,444,471,471,12,12,46,46,62,62,62,62],"floor_reached":50,"playtime":5756,"items_purged":["Clumsy","Strike_P"],"score":1035,"play_id":"11bf2242-a610-475a-ab3e-b56bcc2ea0e9","local_time":"20210107160415","is_ascension_mode":true,"campfire_choices":[{"data":"Eruption","floor":7.0,"key":"SMITH"},{"data":"BattleHymn","floor":11.0,"key":"SMITH"},{"data":"MasterReality","floor":15.0,"key":"SMITH"},{"data":"Vault","floor":24.0,"key":"SMITH"},{"data":"LessonLearned","floor":27.0,"key":"SMITH"},{"floor":29.0,"key":"REST"},{"data":"TalkToTheHand","floor":32.0,"key":"SMITH"},{"data":"1","floor":40.0,"key":"LIFT"},{"floor":45.0,"key":"REST"},{"floor":49.0,"key":"REST"}],"circlet_count":0,"master_deck":["AscendersBane","Strike_P+1","Strike_P+1","Defend_P","Defend_P+1","Defend_P","Defend_P","Eruption+1","Vigilance+1","CutThroughFate+1","BattleHymn+1","Wallop","Protect+1","Wallop","MasterReality+1","Vault+1","ThirdEye+1","LikeWater","LessonLearned+1","TalkToTheHand+1","Vault+1","WaveOfTheHand","Nirvana+1","Nirvana","Conclude","Tantrum","Nirvana","TalkToTheHand+1"],"relics":["PureWater","Mummified Hand","Ancient Tea Set","Boot","Smiling Mask","Velvet Choker","Kunai","StrikeDummy","Omamori","Art of War","Whetstone","VioletLotus","Girya","White Beast Statue","Yang","Ginger","Question Card"],"acts_visited":["Exordium","TheCity","TheBeyond"],"potions_floor_usage":[50],"damage_taken":[{"damage":0.0,"enemies":"Small Slimes","floor":1.0,"turns":3.0},{"damage":1.0,"enemies":"Jaw Worm","floor":2.0,"turns":5.0},{"damage":0.0,"enemies":"Cultist","floor":4.0,"turns":2.0},{"damage":0.0,"enemies":"Looter","floor":5.0,"turns":5.0},{"damage":0.0,"enemies":"Lagavulin","floor":6.0,"turns":3.0},{"damage":5.0,"enemies":"3 Sentries","floor":8.0,"turns":4.0},{"damage":1.0,"enemies":"Lots of Slimes","floor":13.0,"turns":3.0},{"damage":4.0,"enemies":"Exordium Thugs","floor":14.0,"turns":2.0},{"damage":0.0,"enemies":"Slime Boss","floor":16.0,"turns":5.0},{"damage":0.0,"enemies":"Spheric Guardian","floor":18.0,"turns":2.0},{"damage":7.0,"enemies":"2 Thieves","floor":19.0,"turns":4.0},{"damage":6.0,"enemies":"Gremlin Leader","floor":23.0,"turns":5.0},{"damage":35.0,"enemies":"Slavers","floor":25.0,"turns":9.0},{"damage":0.0,"enemies":"Chosen and Byrds","floor":28.0,"turns":4.0},{"damage":4.0,"enemies":"Centurion and Healer","floor":30.0,"turns":4.0},{"damage":21.0,"enemies":"Book of Stabbing","floor":31.0,"turns":7.0},{"damage":31.0,"enemies":"Automaton","floor":33.0,"turns":11.0},{"damage":11.0,"enemies":"3 Shapes","floor":35.0,"turns":5.0},{"damage":0.0,"enemies":"Orb Walker","floor":36.0,"turns":4.0},{"damage":9.0,"enemies":"3 Darklings","floor":37.0,"turns":5.0},{"damage":11.0,"enemies":"2 Orb Walkers","floor":38.0,"turns":5.0},{"damage":7.0,"enemies":"Jaw Worm Horde","floor":39.0,"turns":4.0},{"damage":9.0,"enemies":"Transient","floor":41.0,"turns":6.0},{"damage":12.0,"enemies":"Giant Head","floor":42.0,"turns":12.0},{"damage":23.0,"enemies":"Reptomancer","floor":46.0,"turns":7.0},{"damage":4.0,"enemies":"Writhing Mass","floor":48.0,"turns":7.0},{"damage":79,"enemies":"Donu and Deca","floor":50,"turns":9}],"seed_played":"2418492928153224235","potions_obtained":[{"floor":1.0,"key":"PowerPotion"},{"floor":4.0,"key":"AttackPotion"},{"floor":8.0,"key":"Ancient Potion"},{"floor":12.0,"key":"Weak Potion"},{"floor":13.0,"key":"DistilledChaos"},{"floor":23.0,"key":"Regen Potion"},{"floor":25.0,"key":"PowerPotion"},{"floor":30.0,"key":"SkillPotion"},{"floor":36.0,"key":"FearPotion"},{"floor":38.0,"key":"Dexterity Potion"},{"floor":41.0,"key":"Dexterity Potion"},{"floor":46.0,"key":"FairyPotion"},{"floor":48.0,"key":"Regen Potion"}],"is_trial":false,"path_per_floor":["M","M","$","M","M","E","R","E","T","?","R","?","M","M","R","B",null,"M","M","?","$","?","E","R","E","T","R","M","R","M","E","R","B",null,"M","M","M","?","M","R","M","E","T","$","R","E","?","M","R","B"],"character_chosen":"WATCHER","items_purchased":["Kunai","Ginger","StancePotion","Tantrum"],"campfire_rested":3,"item_purchase_floors":[21,44,44,44],"current_hp_per_floor":[79,78,78,78,78,78,78,73,73,70,70,70,69,65,65,65,81,81,74,74,74,74,68,68,48,48,48,48,73,69,48,48,17,69,58,58,49,38,31,31,22,10,10,10,35,12,12,8,33,0,0],"gold":62,"neow_bonus":"TWENTY_PERCENT_HP_BONUS","is_daily":false,"chose_seed":false,"campfire_upgraded":6,"win_rate":0.0,"timestamp":1610053455,"path_taken":["M","M","$","M","M","E","R","E","T","?","R","?","M","M","R","BOSS","M","M","?","$","?","E","R","E","T","R","M","R","M","E","R","BOSS","M","?","M","?","M","R","M","E","T","$","R","E","?","M","R","BOSS"],"items_purchased_type":["Relic","Relic","Potion","Card"],"build_version":"2020-12-22","purchased_purges":2,"victory":false,"max_hp_per_floor":[86,86,86,86,86,86,86,86,86,86,86,86,86,86,86,86,86,86,86,86,86,86,86,86,86,86,86,86,86,86,86,86,86,86,86,86,86,86,86,86,86,86,86,86,86,86,86,86,86,86,86],"card_choices":[{"not_picked":["SignatureMove","ClearTheMind"],"picked":"CutThroughFate","floor":1.0},{"not_picked":["FollowUp","ClearTheMind"],"picked":"BattleHymn","floor":2.0},{"not_picked":["Protect","ThirdEye"],"picked":"Wallop","floor":4.0},{"not_picked":["FollowUp","Crescendo"],"picked":"Protect","floor":5.0},{"not_picked":["Meditate","EmptyFist"],"picked":"Wallop","floor":6.0},{"not_picked":["Consecrate","SignatureMove","EmptyFist"],"picked":"SKIP","floor":8.0},{"not_picked":["CrushJoints","EmptyBody","Indignation"],"picked":"SKIP","floor":13.0},{"not_picked":["LikeWater","ClearTheMind"],"picked":"MasterReality","floor":14.0},{"not_picked":["Judgement","Devotion"],"picked":"Vault","floor":16.0},{"not_picked":["BowlingBash","CarveReality","Worship"],"picked":"SKIP","floor":18.0},{"not_picked":["Consecrate","Swivel"],"picked":"ThirdEye","floor":19.0},{"not_picked":["Vengeance","Prostrate"],"picked":"LikeWater","floor":23.0},{"not_picked":["FearNoEvil+1","Nirvana"],"picked":"LessonLearned","floor":25.0},{"not_picked":["Collect","Swivel","ThirdEye"],"picked":"SKIP","floor":28.0},{"not_picked":["BowlingBash","CrushJoints","WreathOfFlame"],"picked":"SKIP","floor":30.0},{"not_picked":["ThirdEye","Fasting2"],"picked":"TalkToTheHand","floor":31.0},{"not_picked":["LessonLearned","DevaForm"],"picked":"Vault","floor":33.0},{"not_picked":["Evaluate+1","JustLucky+1","Vengeance"],"picked":"SKIP","floor":35.0},{"not_picked":["FlurryOfBlows","WindmillStrike","MentalFortress"],"picked":"SKIP","floor":36.0},{"not_picked":["BowlingBash","ThirdEye+1"],"picked":"WaveOfTheHand","floor":37.0},{"not_picked":["Swivel","JustLucky"],"picked":"Nirvana","floor":38.0},{"not_picked":["ClearTheMind+1","Pray"],"picked":"Nirvana","floor":39.0},{"not_picked":["Evaluate+1","FlyingSleeves+1"],"picked":"Conclude","floor":41.0},{"not_picked":["Wallop","WindmillStrike","BowlingBash"],"picked":"SKIP","floor":42.0},{"not_picked":["JustLucky","Perseverance"],"picked":"Nirvana","floor":46.0},{"not_picked":["ConjureBlade","Halt","SashWhip"],"picked":"TalkToTheHand+1","floor":48.0}],"player_experience":1112908,"relics_obtained":[{"floor":6.0,"key":"Mummified Hand"},{"floor":8.0,"key":"Ancient Tea Set"},{"floor":9.0,"key":"Boot"},{"floor":23.0,"key":"StrikeDummy"},{"floor":25.0,"key":"Omamori"},{"floor":26.0,"key":"Art of War"},{"floor":31.0,"key":"Whetstone"},{"floor":38.0,"key":"Girya"},{"floor":42.0,"key":"White Beast Statue"},{"floor":43.0,"key":"Yang"},{"floor":46.0,"key":"Question Card"}],"event_choices":[{"damage_healed":0.0,"max_hp_gain":0.0,"max_hp_loss":0.0,"gold_gain":0.0,"event_name":"Scrap Ooze","player_choice":"Success","floor":10.0,"gold_loss":0.0,"damage_taken":3.0,"relics_obtained":["Smiling Mask"]},{"damage_healed":0.0,"max_hp_gain":0.0,"max_hp_loss":0.0,"gold_gain":0.0,"event_name":"The Woman in Blue","player_choice":"Bought 1 Potion","floor":12.0,"gold_loss":0.0,"damage_taken":0.0},{"damage_healed":0.0,"max_hp_gain":0.0,"max_hp_loss":0.0,"gold_gain":0.0,"event_name":"Ghosts","player_choice":"Ignored","floor":20.0,"gold_loss":0.0,"damage_taken":0.0},{"cards_removed":["Strike_P"],"damage_healed":0.0,"max_hp_gain":0.0,"max_hp_loss":0.0,"gold_gain":0.0,"event_name":"Bonfire Elementals","player_choice":"Offered Basic","floor":22.0,"gold_loss":0.0,"damage_taken":0.0},{"damage_healed":0.0,"max_hp_gain":0.0,"max_hp_loss":0.0,"gold_gain":0.0,"event_name":"Mysterious Sphere","player_choice":"Fight","floor":38.0,"gold_loss":0.0,"damage_taken":0.0},{"damage_healed":0.0,"max_hp_gain":0.0,"max_hp_loss":0.0,"gold_gain":0.0,"event_name":"SecretPortal","player_choice":"Ignored","floor":47.0,"gold_loss":0.0,"damage_taken":0.0}],"is_beta":false,"boss_relics":[{"not_picked":["Busted Crown","Cursed Key"],"picked":"Velvet Choker"},{"not_picked":["Tiny House","HolyWater"],"picked":"VioletLotus"}],"items_purged_floors":[3,21],"is_endless":false,"potions_floor_spawned":[1,4,8,13,16,23,25,30,36,38,41,46,48],"killed_by":"Donu and Deca","ascension_level":12}}