{"host":"684z1xpuwaoqmmh1","time":1610059734,"event":{"mods":["BaseMod","Downfall","Hermit","Jorbs\u0027s Wanderer Trilogy","Marisa????????","Minty Spire (QoL Compilation)","StSLib","The Hierophant","The Mystic"],"gold_per_floor":[109,109,121,86,11,42,42,62,85,85,120,120,150,23,23,120,120,133,148,159,159,170,204,204,239,239,255,288,303,303,303],"floor_reached":30,"playtime":1138,"items_purged":["hermit:Defend_Hermit","hermit:Strike_Hermit"],"score":533,"play_id":"c12e9c30-673b-4a9f-aea4-09c8383b4850","local_time":"20210108004854","is_ascension_mode":true,"campfire_choices":[{"data":"hermit:FromBeyond","floor":7,"key":"SMITH"},{"data":"hermit:EyeOfTheStorm","floor":10,"key":"SMITH"},{"data":"hermit:BlackWind","floor":15,"key":"SMITH"},{"floor":24,"key":"REST"}],"circlet_count":0,"master_deck":["AscendersBane","hermit:Strike_Hermit","hermit:Defend_Hermit","hermit:Defend_Hermit+1","hermit:Defend_Hermit","hermit:Snapshot","hermit:Covet+1","hermit:GoldenBullet","hermit:LowProfile","hermit:EyeOfTheStorm+1","hermit:FromBeyond+1","hermit:Ricochet","hermit:BlackWind+1","hermit:Quickdraw","hermit:Misfire","hermit:FromBeyond+1","hermit:Maintenance+1","hermit:Vantage+1","hermit:Dive+1"],"relics":["hermit:Momento","NeowsBlessing","Art of War","hexamod:BolsterEngine","War Paint","Ornamental Fan","Toxic Egg 2","Busted Crown","Gremlin Horn","Meat on the Bone","Boot","Frozen Egg 2"],"acts_visited":["Exordium","TheCity"],"potions_floor_usage":[11,16,19,23,25,27,30],"damage_taken":[{"damage":0,"enemies":"Cultist","floor":1,"turns":1},{"damage":2,"enemies":"Jaw Worm","floor":3,"turns":3},{"damage":0,"enemies":"3 Sentries","floor":6,"turns":2},{"damage":0,"enemies":"2 Louse","floor":8,"turns":3},{"damage":13,"enemies":"Lagavulin","floor":11,"turns":6},{"damage":13,"enemies":"Gremlin Nob","floor":13,"turns":3},{"damage":8,"enemies":"The Guardian","floor":16,"turns":8},{"damage":3,"enemies":"Spheric Guardian","floor":18,"turns":3},{"damage":7,"enemies":"3 Byrds","floor":19,"turns":5},{"damage":6,"enemies":"Snake Plant","floor":20,"turns":4},{"damage":0,"enemies":"Cultist and Chosen","floor":22,"turns":4},{"damage":16,"enemies":"Book of Stabbing","floor":23,"turns":3},{"damage":26,"enemies":"Slavers","floor":25,"turns":4},{"damage":0,"enemies":"Snecko","floor":27,"turns":3},{"damage":29,"enemies":"Gremlin Leader","floor":28,"turns":6},{"damage":0,"enemies":"Snake Plant","floor":29,"turns":2},{"damage":35,"enemies":"Book of Stabbing","floor":30,"turns":4}],"seed_played":"-4643366078304240162","potions_obtained":[{"floor":3,"key":"ColorlessPotion"},{"floor":11,"key":"champ:CounterPotion"},{"floor":13,"key":"Swift Potion"},{"floor":18,"key":"AttackPotion"},{"floor":19,"key":"GamblersBrew"},{"floor":23,"key":"sneckomod:MuddlingPotion"},{"floor":29,"key":"Strength Potion"}],"is_trial":false,"path_per_floor":["M","?","M","$","$","E","R","M","T","R","E","?","E","$","R","B",null,"M","M","M","?","M","E","R","E","T","M","E","M","E"],"character_chosen":"HERMIT","items_purchased":["hermit:EyeOfTheStorm","hermit:Misfire"],"campfire_rested":1,"item_purchase_floors":[4,14],"current_hp_per_floor":[68,68,66,66,66,66,66,66,66,66,53,46,33,33,33,25,63,60,53,47,47,47,31,53,27,27,39,22,34,0,0],"gold":303,"neow_bonus":"THREE_ENEMY_KILL","is_daily":false,"chose_seed":false,"campfire_upgraded":3,"win_rate":0.0,"timestamp":1610059734,"path_taken":["M","?","?","?","$","E","R","?","T","R","E","?","E","$","R","BOSS","M","M","M","?","M","E","R","E","T","M","E","M","E"],"items_purchased_type":["Card","Card"],"build_version":"2020-12-22","purchased_purges":2,"victory":false,"max_hp_per_floor":[75,75,75,75,75,75,75,75,75,75,75,75,75,75,75,75,75,75,75,75,75,75,75,75,75,75,75,75,75,75,75],"card_choices":[{"not_picked":["hermit:HighCaliber","hermit:Gestalt"],"picked":"hermit:GoldenBullet","floor":1},{"not_picked":["hermit:Roulette","hermit:Desperado"],"picked":"hermit:LowProfile","floor":3},{"not_picked":["hermit:Desperado","hermit:EyeOfTheStorm"],"picked":"hermit:FromBeyond","floor":6},{"not_picked":["hermit:HoleUp","hermit:Roulette"],"picked":"hermit:Ricochet","floor":8},{"not_picked":["hermit:TakeAim","hermit:Snipe"],"picked":"hermit:BlackWind","floor":11},{"not_picked":["hermit:HighCaliber","hermit:Feint+1"],"picked":"hermit:Quickdraw","floor":13},{"not_picked":["hermit:OverwhelmingPower","hermit:Purgatory"],"picked":"hermit:FromBeyond+1","floor":16},{"not_picked":["hermit:Coalescence+1"],"picked":"SKIP","floor":18},{"not_picked":["hermit:PistolWhip"],"picked":"SKIP","floor":19},{"not_picked":[],"picked":"hermit:Maintenance+1","floor":20},{"not_picked":["hermit:Feint+1"],"picked":"SKIP","floor":22},{"not_picked":[],"picked":"hermit:Vantage+1","floor":23},{"not_picked":[],"picked":"hermit:Dive+1","floor":25},{"not_picked":["hermit:Vantage+1"],"picked":"SKIP","floor":27},{"not_picked":["hermit:PistolWhip"],"picked":"SKIP","floor":28},{"not_picked":["hermit:Ricochet"],"picked":"SKIP","floor":29}],"player_experience":2425160,"relics_obtained":[{"floor":6,"key":"Art of War"},{"floor":9,"key":"hexamod:BolsterEngine"},{"floor":11,"key":"War Paint"},{"floor":13,"key":"Toxic Egg 2"},{"floor":23,"key":"Gremlin Horn"},{"floor":25,"key":"Meat on the Bone"},{"floor":26,"key":"Boot"},{"floor":28,"key":"Frozen Egg 2"}],"event_choices":[{"cards_removed":["hermit:Strike_Hermit"],"damage_healed":0,"gold_gain":0,"player_choice":"Purged","damage_taken":0,"max_hp_gain":0,"max_hp_loss":0,"event_name":"Purifier","floor":2,"gold_loss":0},{"damage_healed":0,"gold_gain":0,"player_choice":"Success","damage_taken":7,"relics_obtained":["Ornamental Fan"],"max_hp_gain":0,"max_hp_loss":0,"event_name":"Scrap Ooze","floor":12,"gold_loss":0},{"cards_removed":["hermit:Strike_Hermit"],"damage_healed":0,"gold_gain":0,"player_choice":"Purged","damage_taken":0,"max_hp_gain":0,"max_hp_loss":0,"event_name":"Purifier","floor":21,"gold_loss":0}],"is_beta":false,"boss_relics":[{"not_picked":["Astrolabe","Calling Bell"],"picked":"Busted Crown"}],"items_purged_floors":[5,14],"is_endless":false,"potions_floor_spawned":[3,11,13,18,19,23,29],"killed_by":"Book of Stabbing","ascension_level":12}}