{"host":"ox77rn1xcurm2t5a","time":1610037072,"event":{"mods":["2.2 Compatiblity","AchievementEnabler","Act Like it!","Aspiration","BaseMod","Best Route Mod","Better Match","Better Note","Better Sensory Stone","Block Reminder","Colored Map","Colored Powertips","Conjunction","Conspire","Custom Start","Energized Spire","GifTheSpireLib","Gold Saver","Gremlin Skip","Halation","Highlight Path","Hubris","Infinite Spire","Minty Spire (QoL Compilation)","Pale of the Ancients","Quick Restart","Replay The Spire","Reworked Bosses","ShortenTheSpire","Spire Exporter","StSLib","Stuff the Spire","Wandering Minibosses","vexMod"],"gold_per_floor":[945,945,963,109,109,134,134,148,171,171,1438,1438,1438,1457,1457,1559,1559,1576,788,788,151,171,171,171,171],"floor_reached":24,"playtime":516,"items_purged":["hubris:Wrath","Strike_B","Strike_B"],"score":347,"play_id":"e75fb4a5-5a77-4672-a809-7473d5d95cdb","local_time":"20210107183112","is_ascension_mode":true,"campfire_choices":[{"floor":7,"key":"RECALL"},{"data":"StuffTheSpire:BrainWave","floor":13,"key":"SMITH"},{"data":"Buffer","floor":15,"key":"SMITH"},{"floor":23,"key":"REST"}],"circlet_count":0,"master_deck":["Strike_B","Strike_B","Defend_B","Defend_B","Defend_B","Defend_B","Zap+1","Dualcast+1","Gash","FIFO Queue","Ball Lightning","Buffer+1","Injury","StuffTheSpire:BrainWave+1","Creative AI+1","Capacitor+1","StuffTheSpire:Brawn","Capacitor+1"],"relics":["Cracked Core","NeowsBlessing","Replay:WaspNest","vexMod:HeadHunter","StuffTheSpire:Saxophone","Art of War","infinitespire:Lucky Rock","War Paint","Frozen Egg 2","Black Star","Chemical X","infinitespire:Satchel","Pen Nib"],"acts_visited":["Exordium","TheCity"],"potions_floor_usage":[14,16,16,18,24],"damage_taken":[{"damage":0,"enemies":"2 Louse","floor":1,"turns":1},{"damage":0,"enemies":"Small Slimes","floor":3,"turns":1},{"damage":0,"enemies":"3 Sentries","floor":6,"turns":1},{"damage":1,"enemies":"Cultist","floor":8,"turns":4},{"damage":1,"enemies":"Red Slaver","floor":14,"turns":3},{"damage":25,"enemies":"Hexaghost","floor":16,"turns":9},{"damage":11,"enemies":"Spheric Guardian","floor":18,"turns":4},{"damage":37,"enemies":"3 Byrds","floor":22,"turns":3},{"damage":40,"enemies":"Gremlin Leader","floor":24,"turns":4}],"seed_played":"-4170978716394447580","potions_obtained":[{"floor":3,"key":"EssenceOfSteel"},{"floor":8,"key":"LifebloodPotion"},{"floor":14,"key":"SpeedPotion"},{"floor":16,"key":"AttackPotion"},{"floor":22,"key":"LiquidBronze"}],"is_trial":false,"path_per_floor":["M","?","M","$","?","E","R","M","T","?","$","?","R","M","R","B",null,"M","?","?","$","M","R","E"],"character_chosen":"DEFECT","items_purchased":["Replay:WaspNest","vexMod:HeadHunter","FIFO Queue","StuffTheSpire:Saxophone","Ball Lightning","Buffer","infinitespire:Lucky Rock","War Paint","Chemical X","infinitespire:Satchel","Pen Nib","Capacitor+1"],"campfire_rested":1,"item_purchase_floors":[4,4,4,4,11,11,11,11,21,21,21,21],"current_hp_per_floor":[68,68,68,68,68,68,68,67,67,67,67,67,67,66,66,41,67,56,56,50,50,13,35,0,0],"gold":171,"neow_bonus":"THREE_ENEMY_KILL","is_daily":false,"chose_seed":false,"campfire_upgraded":2,"win_rate":0.0,"timestamp":1610037072,"path_taken":["M","?","M","$","?","E","R","M","T","?","$","?","R","M","R","BOSS","M","?","?","$","?","R","E"],"items_purchased_type":["Relic","Relic","Card","Relic","Card","Card","Relic","Relic","Relic","Relic","Relic","Card"],"build_version":"2020-12-22","purchased_purges":3,"victory":false,"max_hp_per_floor":[75,75,75,75,75,75,75,75,75,75,75,75,75,75,75,75,75,75,75,75,75,75,75,75,75],"card_choices":[{"not_picked":["Leap","Ball Lightning"],"picked":"Gash","floor":1},{"not_picked":["Leap","FTL","Redo"],"picked":"SKIP","floor":3},{"not_picked":["StuffTheSpire:LaunchingStrike","hubris:DoWhile","Rainbow"],"picked":"SKIP","floor":6},{"not_picked":["BasicCrystalCard","Meteor Strike","Leap"],"picked":"SKIP","floor":6},{"not_picked":["Recycle","StuffTheSpire:NuclearReactor","Aggregate"],"picked":"SKIP","floor":8},{"not_picked":["Cold Snap","FTL","Streamline"],"picked":"SKIP","floor":14},{"not_picked":["Fission","StuffTheSpire:LaunchingStrike"],"picked":"Creative AI+1","floor":16},{"not_picked":["StuffTheSpire:Plugnplay","Cold Snap"],"picked":"Capacitor+1","floor":18},{"not_picked":["Barrage","StuffTheSpire:SnapShoot","Beam Cell"],"picked":"SKIP","floor":22}],"player_experience":2950715,"relics_obtained":[{"floor":6,"key":"Art of War"}],"event_choices":[{"damage_healed":0,"gold_gain":0,"player_choice":"Disagree","damage_taken":0,"max_hp_gain":0,"max_hp_loss":0,"event_name":"conspire:LoneGhost","floor":10,"gold_loss":0},{"damage_healed":0,"gold_gain":0,"player_choice":"","damage_taken":6,"max_hp_gain":0,"max_hp_loss":0,"event_name":"Knowing Skull","floor":20,"potions_obtained":[],"gold_loss":0,"cards_obtained":[]}],"is_beta":false,"boss_relics":[{"not_picked":["aspiration:RitualDagger","aspiration:RunicSpoon"],"picked":"Black Star"}],"items_purged_floors":[4,11,21],"is_endless":false,"potions_floor_spawned":[3,8,14,16,22],"killed_by":"Gremlin Leader","ascension_level":12}}