{"host":"qq27suot6m8koe0b","time":1610013869,"event":{"mods":["Act Like it!","BaseMod","CapriCore","GifTheSpireLib","Lobotomy","Minty Spire (QoL Compilation)","StSLib","Waifu the Spire"],"gold_per_floor":[113,132,207,221,221,221,221,221],"floor_reached":7,"playtime":526,"items_purged":[],"score":41,"play_id":"ac5b139a-aae3-44fa-922e-6afbe6a4b8e3","local_time":"20210107180429","is_ascension_mode":false,"campfire_choices":[{"floor":6,"key":"RECALL"}],"circlet_count":0,"master_deck":["Strike_R","Strike_R","Strike_R","Strike_R","Strike_R","Defend_R","Defend_R","Defend_R","Defend_R","Bash","ShyLook","FieryBird","Dropkick","Wellcheers"],"relics":["Burning Blood","CogitoBucket"],"acts_visited":["Exordium"],"potions_floor_usage":[],"damage_taken":[{"damage":5,"enemies":"Small Slimes","floor":1,"turns":3},{"damage":2,"enemies":"Jaw Worm","floor":2,"turns":4},{"damage":11,"enemies":"Cultist","floor":4,"turns":4},{"damage":90,"enemies":"Lagavulin","floor":7,"turns":11}],"seed_played":"495075024029265996","potions_obtained":[],"is_trial":false,"path_per_floor":["M","M","?","M","?","R","E"],"character_chosen":"IRONCLAD","items_purchased":[],"campfire_rested":0,"item_purchase_floors":[],"current_hp_per_floor":[80,80,69,64,64,64,0,0],"gold":221,"neow_bonus":"","is_daily":false,"chose_seed":false,"campfire_upgraded":0,"win_rate":0.0,"timestamp":1610013869,"path_taken":["M","M","?","M","?","R","E"],"items_purchased_type":[],"build_version":"2020-12-22","purchased_purges":0,"victory":false,"max_hp_per_floor":[80,80,80,80,80,80,80,80],"card_choices":[{"not_picked":["Porccubus","Murderer"],"picked":"ShyLook","floor":1},{"not_picked":["Armaments","Perfected Strike","Clothesline"],"picked":"SKIP","floor":1},{"not_picked":["WallGazer","LittlePrince"],"picked":"FieryBird","floor":2},{"not_picked":["Carnage","Feel No Pain"],"picked":"Dropkick","floor":2},{"not_picked":["MHz","VoidDream"],"picked":"Wellcheers","floor":4},{"not_picked":["Headbutt","Burning Pact","Fiend Fire"],"picked":"SKIP","floor":4}],"player_experience":257457,"relics_obtained":[],"event_choices":[{"damage_healed":0,"gold_gain":75,"player_choice":"Gather Gold","damage_taken":11,"max_hp_gain":0,"max_hp_loss":0,"event_name":"World of Goop","floor":3,"gold_loss":0},{"damage_healed":0,"gold_gain":0,"player_choice":"Ignored","damage_taken":0,"max_hp_gain":0,"max_hp_loss":0,"event_name":"Golden Wing","floor":5,"gold_loss":0}],"is_beta":false,"boss_relics":[],"items_purged_floors":[],"is_endless":false,"potions_floor_spawned":[],"killed_by":"Lagavulin","ascension_level":0}}