{"host":"5fasz840ryq7obdf","time":1610046137,"event":{"mods":["2.2 Compatiblity","AchievementEnabler","BaseMod","Bestiary","Better Altar","Better Skull","Better Third Choice","BetterRewards","Block Reminder","Colored Powertips","Curses Come First","Minty Spire (QoL Compilation)","Quick Restart","Relic Sorter","Relic Stats","Replay The Spire","Shop Mod","Spicy Shops","StSLib","SuperFastMode","ojb\u0027s Better Paths Mod","ojb\u0027s Info Mod"],"gold_per_floor":[117,139,6,29,54,54,97,97,123,169,169,169,216,366,366,468,468,495,495,517,555,605,657,343,404,404,30,70,120,20,48,48,157,157,192,273,297,332,406,462,32,77,77,143,198,222,222,222,222,264,330,330,330,10,66,114],"floor_reached":57,"playtime":3090,"items_purged":["Strike_G","Normality","Delirium","Strike_G","Strike_G","Strike_G","Looming Evil","ReplayTheSpireMod:Restless Dread","Pain"],"score":4428,"play_id":"49b692b3-1125-4e4d-82ff-69b3266431a5","local_time":"20210107190217","is_ascension_mode":true,"campfire_choices":[{"data":"ReplayTheSpireMod:Shiv Toss","floor":6.0,"key":"SMITH"},{"data":"Neutralize","floor":8.0,"key":"SMITH"},{"data":"Blade Dance","floor":11.0,"key":"SMITH"},{"data":"Doubt","floor":15.0,"key":"PURGE"},{"floor":32.0,"key":"RECALL"},{"data":"ReplayTheSpireMod:Faulty Equipment","floor":47.0,"key":"SMITH"},{"data":"Choke","floor":49.0,"key":"SMITH"},{"data":"Cloak And Dagger","floor":53.0,"key":"SMITH"}],"circlet_count":0,"master_deck":["AscendersBane","Strike_G+1","Defend_G+1","Defend_G","Defend_G","Defend_G","Survivor","Neutralize+1","Accuracy+1","Hidden Blade","Panache+1","Quick Slash","Infinite Blades+1","Blade Dance","Well Laid Plans+1","Backflip+1","Backflip+1","Infinite Blades+1","Dramatic Entrance+1","Well Laid Plans+1","Panache+1","Blade Dance+1","Finisher+1","ReplayTheSpireMod:Shiv Toss+1","Hidden Blade","Adrenaline+1","Night Terror+1","ReplayTheSpireMod:Speed Training","Replay:Bag of Tricks+1","Footwork+1","Backflip","Blur","Cloak And Dagger+1","Blur+1","Crippling Poison","ReplayUltimateDefense+1","Footwork+1","Draining Mist","ReplayTheSpireMod:Scrap Shanks+1","Prepared+1","After Image+1","Acrobatics","Acrobatics","Choke+1","Phantasmal Killer+1","ReplayTheSpireMod:Speed Training","Finisher","Decay","Blur+1","ReplayTheSpireMod:From All Sides+1","ReplayTheSpireMod:The Works+1","Decay"],"relics":["Ring of the Snake","Basket Of Snakes","Snack Pack","Kunai","Shuriken","Replay:Bandana","Ring of Greed","Replay:Mystery Machine","WingedGreaves","Frozen Egg 2","OrangePellets","Golden Egg","Vajra","Divine Protection","Bag of Marbles","Lantern","HandDrill","Centennial Puzzle","Mummified Hand","Smiling Mask","Honey Jar","Membership Card","MealTicket","Ring of Panic","Question Card","Sling","Paper Crane","Mercury Hourglass","Tough Bandages","Onion Ring","Ninja Scroll","Quantum Egg","Replay:Grab Bag","Replay:Bronze Core","Coffee Dripper","Black Star","Torii","Iron Hammer","Oddly Smooth Stone","Bag of Preparation","Gambling Chip","Pantograph","Letter Opener","Pear","Gremlin Horn","Singing Bowl","ReplayTheSpireMod:Ninjato","Simple Rune","The Specimen","Snake Skull","Pondfish Scales"],"acts_visited":["Exordium","TheCity","TheBeyond","TheEnding"],"potions_floor_usage":[],"damage_taken":[{"damage":0.0,"enemies":"Jaw Worm","floor":1.0,"turns":2.0},{"damage":0.0,"enemies":"Small Slimes","floor":2.0,"turns":1.0},{"damage":0.0,"enemies":"2 Louse","floor":4.0,"turns":1.0},{"damage":0.0,"enemies":"Looter","floor":5.0,"turns":1.0},{"damage":0.0,"enemies":"Lagavulin","floor":7.0,"turns":3.0},{"damage":2.0,"enemies":"3 Sentries","floor":10.0,"turns":2.0},{"damage":7.0,"enemies":"Lagavulin","floor":13.0,"turns":3.0},{"damage":0.0,"enemies":"Fading Forest","floor":16.0,"turns":8.0},{"damage":0.0,"enemies":"2 Thieves","floor":18.0,"turns":1.0},{"damage":0.0,"enemies":"3 Byrds","floor":20.0,"turns":2.0},{"damage":0.0,"enemies":"Centurion and Healer","floor":21.0,"turns":2.0},{"damage":13.0,"enemies":"Slavers","floor":23.0,"turns":3.0},{"damage":0.0,"enemies":"Gremlin Leader","floor":25.0,"turns":2.0},{"damage":0.0,"enemies":"Slavers","floor":28.0,"turns":1.0},{"damage":0.0,"enemies":"Book of Stabbing","floor":29.0,"turns":2.0},{"damage":0.0,"enemies":"Snake Plant","floor":31.0,"turns":2.0},{"damage":0.0,"enemies":"Pondfish","floor":33.0,"turns":4.0},{"damage":0.0,"enemies":"3 Darklings","floor":35.0,"turns":1.0},{"damage":0.0,"enemies":"2 Orb Walkers","floor":36.0,"turns":2.0},{"damage":0.0,"enemies":"Orb Walker","floor":37.0,"turns":1.0},{"damage":4.0,"enemies":"Sphere and 2 Shapes","floor":38.0,"turns":2.0},{"damage":4.0,"enemies":"R_Hoarder","floor":40.0,"turns":3.0},{"damage":0.0,"enemies":"Reptomancer","floor":42.0,"turns":1.0},{"damage":0.0,"enemies":"Nemesis","floor":44.0,"turns":3.0},{"damage":0.0,"enemies":"R_Hoarder","floor":45.0,"turns":3.0},{"damage":0.0,"enemies":"3 Darklings","floor":46.0,"turns":1.0},{"damage":12.0,"enemies":"Replay:Hell Engine","floor":50.0,"turns":1.0},{"damage":0.0,"enemies":"Awakened One","floor":51.0,"turns":2.0},{"damage":19.0,"enemies":"Shield and Spear","floor":55.0,"turns":3.0},{"damage":0,"enemies":"The Heart","floor":56,"turns":5}],"seed_played":"8087604285569104125","potions_obtained":[{"floor":1.0,"key":"Adrenaline Potion"},{"floor":5.0,"key":"Toxic Potion"},{"floor":7.0,"key":"Swift Potion"},{"floor":21.0,"key":"Energy Potion"},{"floor":23.0,"key":"PowerPotion"},{"floor":28.0,"key":"Languid Potion"},{"floor":29.0,"key":"Weak Potion"},{"floor":35.0,"key":"SteroidPotion"},{"floor":44.0,"key":"SkillPotion"},{"floor":45.0,"key":"Venom Potion"}],"is_trial":false,"path_per_floor":["M","M","$","M","M","R","E","R","T","E","R","?","E","?","R","B",null,"M","?","M","M","?","E","$","E","T","$","E","E","$","M","R","B",null,"M","?","M","M","T","E","$","E","T","E","E","M","R","?","R","B","B",null,"R","$","E","B",null],"character_chosen":"THE_SILENT","items_purchased":["Frozen Egg 2","Snack Pack","OrangePellets","Accuracy+1","Hidden Blade","Panache+1","Quick Slash","Shuriken","Infinite Blades+1","Blade Dance","Kunai","Golden Egg","Well Laid Plans+1","Backflip","Vajra","Backflip","Infinite Blades+1","Divine Protection","Bag of Marbles","Dramatic Entrance","Lantern","HandDrill","Well Laid Plans+1","Panache+1","Replay:Bandana","Finisher","Sling","Blur","Doppelganger","WingedGreaves","Replay:Mystery Machine","Tough Bandages","ReplayUltimateDefense+1","Footwork+1","Onion Ring","Basket Of Snakes","Gambling Chip","Blur","ReplayTheSpireMod:From All Sides","The Specimen"],"campfire_rested":0,"item_purchase_floors":[0,0,0,0,0,0,0,0,0,0,0,0,0,0,0,0,0,0,0,0,0,0,0,0,0,3,24,24,24,24,24,27,27,27,27,41,41,54,54,54],"current_hp_per_floor":[18,20,20,20,22,22,22,22,22,24,24,24,23,23,23,43,60,62,62,62,66,66,55,66,66,66,66,66,66,66,66,66,66,66,66,66,66,64,64,64,66,66,76,78,80,82,82,82,82,78,82,82,82,82,67,82],"gold":114,"neow_bonus":"","is_daily":false,"chose_seed":false,"campfire_upgraded":6,"win_rate":0.0,"timestamp":1610046137,"path_taken":["M","M","$","M","M","R","E","R","T","E","R","?","E","?","R","BOSS","M","?","M","M","?","E","$","E","T","?","E","E","$","M","R","BOSS","M","?","M","M","?","E","$","E","T","E","E","M","R","?","R","BOSS","BOSS","R","$","E","BOSS"],"items_purchased_type":["Relic","Relic","Relic","Card","Card","Card","Card","Relic","Card","Card","Relic","Relic","Card","Card","Relic","Card","Card","Relic","Relic","Card","Relic","Relic","Card","Card","Relic","Card","Relic","Card","Card","Relic","Relic","Relic","Card","Card","Relic","Relic","Relic","Card","Card","Relic"],"build_version":"2020-12-22","purchased_purges":9,"victory":true,"max_hp_per_floor":[66,66,66,66,66,66,66,66,66,66,66,66,66,66,66,66,66,66,66,66,66,66,66,66,66,66,66,66,66,66,66,66,66,66,66,66,66,66,66,66,66,66,76,78,80,82,82,82,82,82,82,82,82,82,82,82],"relic_stats":{"Torii":19,"Gremlin Horn":[10,10],"Singing Bowl":86,"counters":[276,1004],"Snake Skull":[1],"Bag of Preparation":[56],"Letter Opener":[665],"Smiling Mask":352,"Question Card":15,"Mercury Hourglass":[204],"OrangePellets":[50],"Centennial Puzzle":[21],"Tough Bandages":[261],"Shuriken":[80],"Mummified Hand":[287],"Gambling Chip":[21],"Pantograph":19,"MealTicket":39,"HandDrill":[22],"Black Star":12,"Kunai":[80],"obtain_stats":[{"TwistedFunnel":44,"Golden Egg":53,"Replay:Accelerometer":55,"Whetstone":43,"Ginger":55,"Bottled Tornado":46,"Boot":25,"Sling":0,"Old Coin":19,"Blood Vial":48,"Replay:Ringing Soul":11,"Replay:Bronze Core":34,"MealTicket":8,"HandDrill":0,"Replay:Bottled Flurry":6,"Kunai":27,"Replay:Wax Seal":0,"Pear":31,"Blue Candle":45,"Velvet Choker":17,"Pen Nib":49,"Replay:Ancient Bell":34,"Guardian:PocketSentry":37,"Paper Crane":0,"Akabeko":9,"SlaversCollar":34,"Runic Dome":34,"Bird Faced Urn":0,"Pandora\u0027s Box":19,"Kintsugi":17,"StrikeDummy":25,"Abe\u0027s Treasure":17,"Lantern":49,"Regal Pillow":27,"Torii":0,"Singing Bowl":44,"StoneCalendar":29,"Blue Doll":31,"Painkiller Herb":34,"Bag of Preparation":37,"Ancient Tea Set":6,"Smiling Mask":40,"Cursed Key":17,"Shovel":8,"Matryoshka":7,"Ninja Scroll":0,"Ring of Peace":5,"Toolbox":40,"WingedGreaves":39,"Chemical X":44,"Ring of Panic":19,"Replay:Bottled Eggs":11,"InkBottle":44,"Ring of the Snake":0,"Potion Belt":25,"The Specimen":0,"Golden Idol":3,"Basket Of Snakes":0,"Guardian:GemstoneGun":0,"Thread and Needle":0,"PreservedInsect":0,"The Courier":15,"champ:DeflectingBracers":0,"Omamori":31,"Ring of Greed":19,"Frozen Egg 2":0,"MawBank":3,"Replay:Arrowhead":42,"Ornamental Fan":44,"Orrery":0,"Turnip":34,"Art of War":0,"Garlic":10,"Durian":29,"Bottled Lightning":9,"ReplayTheSpireMod:Ring of Challenge":5,"ReplayTheSpireMod:Lightbulb":8,"Ice Cream":43,"Divine Protection":31,"Calipers":0,"Gremlin Horn":0,"Vajra":0,"HoveringKite":34,"Centennial Puzzle":50,"Lizard Tail":23,"HornCleat":25,"DollysMirror":48,"Strawberry":25,"Honey Jar":36,"Prayer Wheel":15,"Iron Hammer":9,"Toxic Egg 2":0,"Girya":0,"Happy Flower":0,"ReplayTheSpireMod:CursedCoin":23,"Dead Branch":55,"Replay:Grab Bag":34,"Oddly Smooth Stone":44,"Letter Opener":10,"War Paint":10,"Question Card":46,"Du-Vu Doll":48,"OrangePellets":0,"Replay:Baseball":55,"Bottled Flame":40,"ReplayTheSpireMod:Shallot":13,"Shuriken":25,"Bronze Scales":48,"Simple Rune":42,"Onion Ring":23,"Black Star":19,"ReplayTheSpireMod:TigerMarble":25,"Mirror":27,"ReplayTheSpireMod:DimensionalGlitch":36,"Meat on the Bone":30,"Pocketwatch":40,"ReplayFunnel":22,"Darkstone Periapt":48,"Mango":46,"Snake Skull":23,"Sizzling Blood":3,"Juzu Bracelet":31,"Incense Burner":0,"Replay:Mystery Machine":24,"ClockworkSouvenir":0,"Frozen Eye":48,"Nunchaku":11,"Dream Catcher":31,"Replay:Bandana":8,"Tough Bandages":0,"Chameleon Ring":45,"Mummified Hand":49,"Gambling Chip":41,"Pantograph":42,"Tiny Chest":24,"Red Mask":33,"Replay:Bottled Snecko":47,"BargainBundle":0,"ReplayTheSpireMod:Ninjato":45,"Replay:Towering Pillar of Hats":54,"Quantum Egg":50,"Guide Book":41,"Replay:WaspNest":21,"Orichalcum":27,"White Beast Statue":11,"Mercury Hourglass":38,"Strange Spoon":0,"Anchor":45,"Pondfish Scales":55,"Bag of Marbles":25,"Snack Pack":0,"Coffee Dripper":34,"Membership Card":0,"TungstenRod":0,"FossilizedHelix":10},{"TwistedFunnel":21,"Golden Egg":88,"Replay:Accelerometer":245,"Whetstone":51,"Ginger":119,"Bottled Tornado":22,"Boot":11,"Sling":120,"Old Coin":101,"Blood Vial":86,"Replay:Ringing Soul":32,"Replay:Bronze Core":263,"MealTicket":96,"HandDrill":59,"Replay:Bottled Flurry":218,"Kunai":12,"Replay:Wax Seal":90,"Pear":76,"Blue Candle":141,"Velvet Choker":159,"Pen Nib":86,"Replay:Ancient Bell":108,"Guardian:PocketSentry":202,"Paper Crane":0,"Akabeko":123,"SlaversCollar":167,"Runic Dome":200,"Bird Faced Urn":27,"Pandora\u0027s Box":37,"Kintsugi":100,"StrikeDummy":228,"Abe\u0027s Treasure":68,"Lantern":24,"Regal Pillow":73,"Torii":90,"Singing Bowl":141,"StoneCalendar":41,"Blue Doll":232,"Painkiller Herb":233,"Bag of Preparation":202,"Ancient Tea Set":62,"Smiling Mask":139,"Cursed Key":188,"Shovel":64,"Matryoshka":123,"Ninja Scroll":120,"Ring of Peace":61,"Toolbox":49,"WingedGreaves":18,"Chemical X":21,"Ring of Panic":101,"Replay:Bottled Eggs":221,"InkBottle":21,"Ring of the Snake":0,"Potion Belt":72,"The Specimen":90,"Golden Idol":61,"Basket Of Snakes":59,"Guardian:GemstoneGun":178,"Thread and Needle":120,"PreservedInsect":0,"The Courier":35,"champ:DeflectingBracers":148,"Omamori":43,"Ring of Greed":101,"Frozen Egg 2":148,"MawBank":1,"Replay:Arrowhead":20,"Ornamental Fan":21,"Orrery":57,"Turnip":108,"Art of War":0,"Garlic":32,"Durian":74,"Bottled Lightning":154,"ReplayTheSpireMod:Ring of Challenge":61,"ReplayTheSpireMod:Lightbulb":4,"Ice Cream":21,"Divine Protection":13,"Calipers":120,"Gremlin Horn":148,"Vajra":0,"HoveringKite":77,"Centennial Puzzle":25,"Lizard Tail":130,"HornCleat":11,"DollysMirror":174,"Strawberry":40,"Honey Jar":15,"Prayer Wheel":35,"Iron Hammer":64,"Toxic Egg 2":120,"Girya":59,"Happy Flower":90,"ReplayTheSpireMod:CursedCoin":39,"Dead Branch":147,"Replay:Grab Bag":263,"Oddly Smooth Stone":21,"Letter Opener":64,"War Paint":97,"Question Card":22,"Du-Vu Doll":23,"OrangePellets":57,"Replay:Baseball":89,"Bottled Flame":204,"ReplayTheSpireMod:Shallot":5,"Shuriken":72,"Bronze Scales":23,"Simple Rune":20,"Onion Ring":226,"Black Star":9,"ReplayTheSpireMod:TigerMarble":105,"Mirror":12,"ReplayTheSpireMod:DimensionalGlitch":46,"Meat on the Bone":133,"Pocketwatch":139,"ReplayFunnel":10,"Darkstone Periapt":53,"Mango":115,"Snake Skull":39,"Sizzling Blood":91,"Juzu Bracelet":107,"Incense Burner":120,"Replay:Mystery Machine":258,"ClockworkSouvenir":120,"Frozen Eye":174,"Nunchaku":5,"Dream Catcher":13,"Replay:Bandana":31,"Tough Bandages":120,"Chameleon Ring":84,"Mummified Hand":24,"Gambling Chip":268,"Pantograph":269,"Tiny Chest":72,"Red Mask":45,"Replay:Bottled Snecko":115,"BargainBundle":0,"ReplayTheSpireMod:Ninjato":271,"Replay:Towering Pillar of Hats":88,"Quantum Egg":25,"Guide Book":237,"Replay:WaspNest":102,"Orichalcum":40,"White Beast Statue":65,"Mercury Hourglass":80,"Strange Spoon":90,"Anchor":21,"Pondfish Scales":275,"Bag of Marbles":72,"Snack Pack":246,"Coffee Dripper":263,"Membership Card":0,"TungstenRod":0,"FossilizedHelix":5},{"TwistedFunnel":117,"Golden Egg":427,"Replay:Accelerometer":932,"Whetstone":243,"Ginger":526,"Bottled Tornado":123,"Boot":58,"Sling":532,"Old Coin":465,"Blood Vial":414,"Replay:Ringing Soul":168,"Replay:Bronze Core":976,"MealTicket":450,"HandDrill":286,"Replay:Bottled Flurry":858,"Kunai":65,"Replay:Wax Seal":434,"Pear":378,"Blue Candle":585,"Velvet Choker":653,"Pen Nib":414,"Replay:Ancient Bell":485,"Guardian:PocketSentry":807,"Paper Crane":0,"Akabeko":537,"SlaversCollar":682,"Runic Dome":801,"Bird Faced Urn":154,"Pandora\u0027s Box":186,"Kintsugi":463,"StrikeDummy":883,"Abe\u0027s Treasure":339,"Lantern":133,"Regal Pillow":365,"Torii":434,"Singing Bowl":585,"StoneCalendar":197,"Blue Doll":894,"Painkiller Herb":897,"Bag of Preparation":807,"Ancient Tea Set":307,"Smiling Mask":580,"Cursed Key":756,"Shovel":317,"Matryoshka":537,"Ninja Scroll":532,"Ring of Peace":299,"Toolbox":232,"WingedGreaves":98,"Chemical X":117,"Ring of Panic":465,"Replay:Bottled Eggs":865,"InkBottle":117,"Ring of the Snake":0,"Potion Belt":359,"The Specimen":434,"Golden Idol":299,"Basket Of Snakes":286,"Guardian:GemstoneGun":730,"Thread and Needle":532,"PreservedInsect":0,"The Courier":178,"champ:DeflectingBracers":613,"Omamori":205,"Ring of Greed":465,"Frozen Egg 2":613,"MawBank":3,"Replay:Arrowhead":110,"Ornamental Fan":117,"Orrery":277,"Turnip":485,"Art of War":0,"Garlic":168,"Durian":371,"Bottled Lightning":632,"ReplayTheSpireMod:Ring of Challenge":299,"ReplayTheSpireMod:Lightbulb":17,"Ice Cream":117,"Divine Protection":71,"Calipers":532,"Gremlin Horn":613,"Vajra":0,"HoveringKite":383,"Centennial Puzzle":138,"Lizard Tail":553,"HornCleat":58,"DollysMirror":709,"Strawberry":194,"Honey Jar":82,"Prayer Wheel":178,"Iron Hammer":317,"Toxic Egg 2":532,"Girya":286,"Happy Flower":434,"ReplayTheSpireMod:CursedCoin":191,"Dead Branch":606,"Replay:Grab Bag":976,"Oddly Smooth Stone":117,"Letter Opener":317,"War Paint":453,"Question Card":123,"Du-Vu Doll":128,"OrangePellets":277,"Replay:Baseball":429,"Bottled Flame":812,"ReplayTheSpireMod:Shallot":26,"Shuriken":359,"Bronze Scales":128,"Simple Rune":110,"Onion Ring":878,"Black Star":46,"ReplayTheSpireMod:TigerMarble":477,"Mirror":65,"ReplayTheSpireMod:DimensionalGlitch":218,"Meat on the Bone":562,"Pocketwatch":580,"ReplayFunnel":49,"Darkstone Periapt":253,"Mango":508,"Snake Skull":191,"Sizzling Blood":437,"Juzu Bracelet":481,"Incense Burner":532,"Replay:Mystery Machine":965,"ClockworkSouvenir":532,"Frozen Eye":709,"Nunchaku":26,"Dream Catcher":71,"Replay:Bandana":165,"Tough Bandages":532,"Chameleon Ring":409,"Mummified Hand":133,"Gambling Chip":985,"Pantograph":986,"Tiny Chest":359,"Red Mask":212,"Replay:Bottled Snecko":508,"BargainBundle":0,"ReplayTheSpireMod:Ninjato":992,"Replay:Towering Pillar of Hats":427,"Quantum Egg":138,"Guide Book":910,"Replay:WaspNest":469,"Orichalcum":194,"White Beast Statue":323,"Mercury Hourglass":393,"Strange Spoon":434,"Anchor":117,"Pondfish Scales":999,"Bag of Marbles":359,"Snack Pack":936,"Coffee Dripper":976,"Membership Card":0,"TungstenRod":0,"FossilizedHelix":26}],"Ring of the Snake":[296]},"card_choices":[{"not_picked":["Heel Hook","Acrobatics"],"picked":"Blade Dance","floor":1.0},{"not_picked":["Acrobatics","Dash","Prepared"],"picked":"SKIP","floor":2.0},{"not_picked":["Draining Mist","Slice"],"picked":"ReplayTheSpireMod:Shiv Toss","floor":4.0},{"not_picked":["Flying Knee","Well Laid Plans+1"],"picked":"Hidden Blade","floor":5.0},{"not_picked":["Toxin Wave","Heel Hook"],"picked":"Adrenaline","floor":7.0},{"not_picked":["Blade Dance","Escape Plan"],"picked":"Night Terror","floor":10.0},{"not_picked":["Bane","Quick Slash"],"picked":"ReplayTheSpireMod:Speed Training","floor":13.0},{"not_picked":["Grand Finale","Night Terror"],"picked":"Replay:Bag of Tricks","floor":16.0},{"not_picked":["Dagger Spray","Sucker Punch","Crippling Poison"],"picked":"Footwork+1","floor":18.0},{"not_picked":["Well Laid Plans+1","Dagger Spray","Reflex"],"picked":"Backflip","floor":20.0},{"not_picked":["Reflex","Bane","Flying Knee"],"picked":"Blur","floor":21.0},{"not_picked":["Blade Dance","Venomology","Escape Plan"],"picked":"Cloak And Dagger","floor":23.0},{"not_picked":["Caltrops+1","Sucker Punch","Deadly Poison+1","Blade Dance"],"picked":"Crippling Poison","floor":25.0},{"not_picked":["Setup","Eviscerate","Dagger Throw","Dagger Spray"],"picked":"Draining Mist","floor":28.0},{"not_picked":["Underhanded Strike","Bane","Flying Knee","Deflect"],"picked":"ReplayTheSpireMod:Scrap Shanks+1","floor":29.0},{"not_picked":["Tactician","Poisoned Stab","Deflect","PiercingWail"],"picked":"Prepared+1","floor":31.0},{"not_picked":["A Thousand Cuts+1","Die Die Die","Phantasmal Killer","Corpse Explosion"],"picked":"After Image+1","floor":33.0},{"not_picked":["Hidden Blade+1","Tactician","Flying Knee","Underhanded Strike"],"picked":"Acrobatics","floor":35.0},{"not_picked":["Blade Dance","Masterful Stab","Endless Agony","Skewer"],"picked":"Acrobatics","floor":36.0},{"not_picked":["Riddle With Holes","Dagger Spray+1","Noxious Fumes+1","Heel Hook"],"picked":"Choke","floor":37.0},{"not_picked":["Dagger Throw","Prepared","Dash+1","Deflect"],"picked":"Phantasmal Killer","floor":38.0},{"not_picked":["Outmaneuver","Riddle With Holes","Crippling Poison","Sucker Punch"],"picked":"ReplayTheSpireMod:Speed Training","floor":40.0},{"not_picked":["Backstab","Distraction","ReplayTheSpireMod:Scrap Shanks+1","Sucker Punch+1"],"picked":"Finisher","floor":42.0},{"not_picked":["PiercingWail+1","Flying Knee","Phantasmal Killer","Dagger Spray","Backflip+1"],"picked":"Singing Bowl","floor":44.0},{"not_picked":["Quick Slash","Dagger Spray","Noxious Fumes+1","Poisoned Stab","Slice"],"picked":"Singing Bowl","floor":45.0},{"not_picked":["Flying Knee","Prepared","Glass Knife","Riddle With Holes","Deadly Poison"],"picked":"Singing Bowl","floor":46.0},{"not_picked":["Bane","Slice+1","Backflip","Finisher+1"],"picked":"ReplayTheSpireMod:The Works+1","floor":55.0}],"player_experience":1440031,"relics_obtained":[{"floor":7.0,"key":"Centennial Puzzle"},{"floor":10.0,"key":"Mummified Hand"},{"floor":13.0,"key":"Smiling Mask"},{"floor":22.0,"key":"Ring of Greed"},{"floor":22.0,"key":"Membership Card"},{"floor":22.0,"key":"MealTicket"},{"floor":22.0,"key":"Ring of Panic"},{"floor":23.0,"key":"Question Card"},{"floor":25.0,"key":"Paper Crane"},{"floor":26.0,"key":"Mercury Hourglass"},{"floor":28.0,"key":"Ninja Scroll"},{"floor":29.0,"key":"Quantum Egg"},{"floor":36.0,"key":"Torii"},{"floor":39.0,"key":"Iron Hammer"},{"floor":40.0,"key":"Oddly Smooth Stone"},{"floor":40.0,"key":"Bag of Preparation"},{"floor":42.0,"key":"Pantograph"},{"floor":42.0,"key":"Letter Opener"},{"floor":43.0,"key":"Pear"},{"floor":44.0,"key":"Gremlin Horn"},{"floor":44.0,"key":"Singing Bowl"},{"floor":45.0,"key":"ReplayTheSpireMod:Ninjato"},{"floor":45.0,"key":"Simple Rune"},{"floor":55.0,"key":"Snake Skull"},{"floor":55.0,"key":"Pondfish Scales"}],"event_choices":[{"cards_removed":["Defend_G"],"damage_healed":0.0,"max_hp_gain":0.0,"max_hp_loss":0.0,"gold_gain":0.0,"event_name":"Living Wall","player_choice":"Forget","floor":12.0,"gold_loss":0.0,"damage_taken":0.0},{"damage_healed":0.0,"max_hp_gain":0.0,"max_hp_loss":0.0,"gold_gain":150.0,"event_name":"betterThird:BetterSerpent","player_choice":"AGREE","floor":14.0,"gold_loss":0.0,"damage_taken":216.0},{"damage_healed":0.0,"max_hp_gain":0.0,"max_hp_loss":0.0,"gold_gain":0.0,"event_name":"Vampires","player_choice":"Ignored","floor":19.0,"gold_loss":0.0,"damage_taken":0.0},{"damage_healed":0.0,"max_hp_gain":0.0,"max_hp_loss":0.0,"gold_gain":0.0,"event_name":"Mysterious Sphere","player_choice":"Fight","floor":36.0,"gold_loss":0.0,"damage_taken":0.0},{"cards_removed":["Doppelganger"],"damage_healed":0.0,"max_hp_gain":0.0,"max_hp_loss":0.0,"gold_gain":0.0,"event_name":"Falling","player_choice":"Removed Skill","floor":48.0,"gold_loss":0.0,"damage_taken":0.0}],"is_beta":false,"boss_relics":[{"not_picked":["Painkiller Herb","Runic Pyramid"],"picked":"Honey Jar"},{"not_picked":["ChewingGum","SacredBark"],"picked":"Replay:Grab Bag"},{"not_picked":["Busted Crown","ReplayTheSpireMod:DimensionalGlitch"],"picked":"Replay:Bronze Core"},{"not_picked":["Velvet Choker","ReplayTheSpireMod:Onyx Gauntlets"],"picked":"Coffee Dripper"},{"not_picked":["Empty Cage","Calling Bell"],"picked":"Black Star"}],"items_purged_floors":[0,24,27,27,30,30,41,41,54],"is_endless":false,"potions_floor_spawned":[1,5,7,13,16,21,23,28,29,35,44,45,46,55],"ascension_level":20}}