{"host":"agbyy69nq62afhwx","time":1610051813,"event":{"mods":["BaseMod","Colored Map","DeckTracker","Highlight Path","Keyboard Shortcuts","Minty Spire (QoL Compilation)","Quick Restart","StSLib","SuperFastMode","everything is the same but u backflip on backflip"],"gold_per_floor":[113,125,139,139,64,97,97,172,172,172,191,205,205,229,229,360,360,383,403,403,428,69,69,69,93,140,140,65,83,128,146,146,146,146],"floor_reached":33,"playtime":781,"items_purged":["Strike_B","Defend_B"],"score":358,"play_id":"634551f1-1066-4b44-bf0c-3321ab7396b7","local_time":"20210108053653","is_ascension_mode":true,"campfire_choices":[{"data":"Chaos","floor":7.0,"key":"SMITH"},{"floor":10.0,"key":"REST"},{"data":"Hologram","floor":13.0,"key":"SMITH"},{"floor":15.0,"key":"REST"},{"data":"Aggregate","floor":23.0,"key":"SMITH"},{"floor":27.0,"key":"REST"},{"data":"Loop","floor":32.0,"key":"SMITH"}],"circlet_count":0,"master_deck":["Strike_B","Strike_B","Defend_B","Defend_B","Defend_B","Zap+1","Dualcast","Gash","Gash","Chaos+1","Loop+1","Chaos+1","Hologram+1","Conserve Battery","Reboot","Doom and Gloom+1","Aggregate+1","Compile Driver"],"relics":["Cracked Core","Ice Cream","Golden Idol","Matryoshka","Regal Pillow","HornCleat","Nuclear Battery","Frozen Egg 2","Nunchaku","Gremlin Horn","Smiling Mask","War Paint"],"acts_visited":["Exordium","TheCity"],"potions_floor_usage":[33],"damage_taken":[{"damage":1.0,"enemies":"2 Louse","floor":1.0,"turns":2.0},{"damage":0.0,"enemies":"Cultist","floor":2.0,"turns":3.0},{"damage":3.0,"enemies":"Jaw Worm","floor":3.0,"turns":4.0},{"damage":25.0,"enemies":"Lagavulin","floor":6.0,"turns":5.0},{"damage":23.0,"enemies":"Exordium Wildlife","floor":11.0,"turns":4.0},{"damage":1.0,"enemies":"2 Fungi Beasts","floor":12.0,"turns":4.0},{"damage":18.0,"enemies":"Gremlin Gang","floor":14.0,"turns":5.0},{"damage":39.0,"enemies":"Slime Boss","floor":16.0,"turns":9.0},{"damage":12.0,"enemies":"Spheric Guardian","floor":18.0,"turns":5.0},{"damage":1.0,"enemies":"Chosen","floor":19.0,"turns":5.0},{"damage":21.0,"enemies":"Snake Plant","floor":25.0,"turns":5.0},{"damage":7.0,"enemies":"Centurion and Healer","floor":29.0,"turns":5.0},{"damage":0.0,"enemies":"3 Cultists","floor":31.0,"turns":5.0},{"damage":32,"enemies":"Collector","floor":33,"turns":9}],"seed_played":"-1640293142833350981","potions_obtained":[{"floor":6.0,"key":"Dexterity Potion"},{"floor":11.0,"key":"ColorlessPotion"},{"floor":14.0,"key":"FearPotion"}],"is_trial":false,"path_per_floor":["M","M","M","?","$","E","R","?","T","R","M","M","R","M","R","B",null,"M","M","?","T","$","R","?","M","T","R","?","M","T","M","R","B"],"character_chosen":"DEFECT","items_purchased":["Gremlin Horn"],"campfire_rested":3,"item_purchase_floors":[22],"current_hp_per_floor":[67,67,64,47,47,22,22,16,16,51,28,27,27,9,44,5,52,40,39,39,39,39,39,33,12,12,47,47,40,40,40,40,8,8],"gold":146,"neow_bonus":"ONE_RARE_RELIC","is_daily":false,"chose_seed":false,"campfire_upgraded":4,"win_rate":0.0,"timestamp":1610051813,"path_taken":["M","M","M","?","$","E","R","?","T","R","M","M","R","M","R","BOSS","M","?","?","?","$","R","?","?","T","R","?","M","?","M","R","BOSS"],"items_purchased_type":["Relic"],"build_version":"2020-12-22","purchased_purges":2,"victory":false,"max_hp_per_floor":[68,68,68,68,68,68,68,68,68,68,68,68,68,68,68,68,68,68,68,68,68,68,68,68,68,68,68,68,68,68,68,68,68,68],"card_choices":[{"not_picked":["Streamline","Coolheaded"],"picked":"Gash","floor":1.0},{"not_picked":["Steam","Blizzard"],"picked":"Gash","floor":2.0},{"not_picked":["Melter","Doom and Gloom"],"picked":"Chaos","floor":3.0},{"not_picked":["Redo","Reprogram"],"picked":"Loop","floor":6.0},{"not_picked":["Sunder","Turbo"],"picked":"Chaos","floor":11.0},{"not_picked":["Barrage","Blizzard"],"picked":"Hologram","floor":12.0},{"not_picked":["Rip and Tear","Melter"],"picked":"Conserve Battery","floor":14.0},{"not_picked":["Buffer","Machine Learning"],"picked":"Reboot","floor":16.0},{"not_picked":["Blizzard+1","Compile Driver"],"picked":"Doom and Gloom+1","floor":18.0},{"not_picked":["Gash+1","Melter","Genetic Algorithm"],"picked":"SKIP","floor":19.0},{"not_picked":["Rip and Tear","FTL","Redo"],"picked":"SKIP","floor":25.0},{"not_picked":["Go for the Eyes","Aggregate"],"picked":"Compile Driver","floor":29.0},{"not_picked":["Stack+1","Go for the Eyes","Turbo"],"picked":"SKIP","floor":31.0}],"player_experience":412773,"relics_obtained":[{"floor":6.0,"key":"Matryoshka"},{"floor":9.0,"key":"Regal Pillow"},{"floor":9.0,"key":"HornCleat"},{"floor":21.0,"key":"Frozen Egg 2"},{"floor":21.0,"key":"Nunchaku"},{"floor":26.0,"key":"Smiling Mask"},{"floor":30.0,"key":"War Paint"}],"event_choices":[{"damage_healed":0.0,"max_hp_gain":0.0,"max_hp_loss":0.0,"gold_gain":0.0,"event_name":"Golden Idol","player_choice":"Take Damage","floor":4.0,"gold_loss":0.0,"damage_taken":17.0,"relics_obtained":["Golden Idol"]},{"damage_healed":0.0,"max_hp_gain":0.0,"max_hp_loss":0.0,"gold_gain":75.0,"event_name":"FaceTrader","player_choice":"Touch","floor":8.0,"gold_loss":0.0,"damage_taken":6.0},{"damage_healed":0.0,"max_hp_gain":0.0,"max_hp_loss":0.0,"gold_gain":0.0,"event_name":"The Library","player_choice":"Read","floor":20.0,"gold_loss":0.0,"damage_taken":0.0,"cards_obtained":["Aggregate"]},{"damage_healed":0.0,"max_hp_gain":0.0,"max_hp_loss":0.0,"gold_gain":0.0,"event_name":"Knowing Skull","player_choice":"","floor":24.0,"potions_obtained":[],"gold_loss":0.0,"damage_taken":6.0,"cards_obtained":[]},{"cards_removed":["Strike_B"],"damage_healed":0.0,"max_hp_gain":0.0,"max_hp_loss":0.0,"gold_gain":0.0,"event_name":"Beggar","player_choice":"Gave Gold","floor":28.0,"gold_loss":75.0,"damage_taken":0.0}],"is_beta":false,"boss_relics":[{"not_picked":["Cursed Key","SacredBark"],"picked":"Nuclear Battery"}],"items_purged_floors":[5,22],"is_endless":false,"potions_floor_spawned":[6,11,14,16,29,31],"killed_by":"Collector","ascension_level":9}}