{"host":"w5vfr18i2ft1pzo2","time":1610045052,"event":{"mods":["Act Like it!","Aspiration","BaseMod","Better Third Choice","BetterRewards","Colored Map","Colored Powertips","Conspire","Curses Come First","DNKmod","Defuse TimeMaze Blight","Dota2Spire","Elementarium","Energized Spire","Evolution","Force Act Four","Friendly Minions","Gensokyo","GifTheSpireLib","Gold Saver","GungeonMod","Halation","Hallownest","Hubris","Hyrulean Relics","Infinite Spire","Jedi Mod","Marisa????????","Minty Spire (QoL Compilation)","MostiFishMod","Prisma Mod","Remilia??????","Replay The Spire","SacredBarkPlus","Small Relic Pack","Spicy Shops","Spikes Relics","StSLib","Stuff the Spire","SuperFastMode","Synergy Search","The Blue Laboratory","The Servant 0.9.4","Trackpad","Treasure Hunter","Uncapped","Wandering Minibosses","Yakumo Yukari mod","noobMod","vexMod","??????REMEMod"],"gold_per_floor":[884,901,617,617,635,665,665,699,699,728,748,761,786,829,829,972,972,1036,811,865,933,990,1092,1092,1216,1239,1239,1239,1306,1306,1341,1341,1536,1536,1660,1660,1660,1660,1735,1735,1790,1856,1856,1856,1923,1923,2038,2076,2076,2246,2246,2246,2077,2127,2257],"floor_reached":56,"playtime":2096,"items_purged":["Defend_P","Defend_P","Strike_P"],"score":2033,"play_id":"11736f74-7220-4690-971e-4d540ccaf393","local_time":"20210108024412","is_ascension_mode":true,"campfire_choices":[{"floor":7.0,"key":"RECALL"},{"floor":15.0,"key":"DIG"},{"data":"LessonLearned","floor":24,"key":"SMITH"},{"data":"TalkToTheHand","floor":27,"key":"SMITH"},{"data":"REME_WorshipGod","floor":32,"key":"SMITH"},{"data":"MostiFishMod:KamiSmash","floor":40,"key":"SMITH"},{"data":"Manipulate","floor":44,"key":"SMITH"},{"data":"REME_Cut","floor":49,"key":"SMITH"},{"data":"MostiFishMod:Awakening","floor":52,"key":"SMITH"}],"circlet_count":0,"master_deck":["AscendersBane","Strike_P","Strike_P","Strike_P+1","Defend_P","Defend_P","Eruption","Vigilance","Hologram","Replay:Cycle","MostiFishMod:Awakening+1","Hologram+1","TH:BikiniMail","Warcry","TH:BikiniMail","TalkToTheHand+1","TH:DeckOfManyThings","TH:DeckOfManyThings","REME_Repentance","LikeWater","TH:CursedSword","CutThroughFate+1","TH:DeckOfManyThings","REME_WorshipGod+1","CutThroughFate","MostiFishMod:Speedup","ReachHeaven","LessonLearned+1","TH:CursedSword+1","InnerPeace","TH:DeckOfManyThings","WheelKick","TH:DeckOfManyThings","Whirlwind+1","Chaos","TH:DeckOfManyThings","MostiFishMod:KamiSmash+1","FlurryOfBlows","Gensokyo:BrilliantDragonBullet+1","Worldmountain_purple","Manipulate+1","DemoMod:BlackHoleGun","Genetic Algorithm+1","TH:DeckOfManyThings","TalkToTheHand","Replay:DivineShield","PlatinumSkin","Jack Of All Trades","Apotheosis","infinitespire:Menacing","TH:CursedSword","PrismaMod:IllyaInstallCaster","AdvanceAttack_purple+1","REME_Cut+1","TH:CursedSword","MostiFishMod:IntelligentEquipment"],"relics":["PureWater","EVO:Axolotl","DaveBox","ice","REME_ComplimentaryCards","aspiration:Nostalgia","Iron Core","SynthV:TestCard","CultistMask","hubris:64BitClover","Dota2Spire:OrchidMalevolence","InkBottle","Replay:Bandana","halation:KoshaPiece","Replay:Wax Seal","Dota2Spire:AghanimScepter","Prayer Wheel","Blue Doll","DemoMod:WhiteGuonStone","PrismaticShard","Dota2Spire:BattleFury","energizedSpire:CrystalSphere","wanderingMiniBosses:AbyssPearl","halation:PinkSoulGem","Replay:Kaleidoscope","ReplayTheSpireMod:Lightbulb","StuffTheSpire:GrapeVine","jedi:arcanewood","Sling","DemoMod:GlassGuonStoneRelic","TungstenRod"],"acts_visited":["Exordium","TheCity","TheBeyond","TheEnding"],"potions_floor_usage":[22,25,35,35,39,48,55],"damage_taken":[{"damage":0.0,"enemies":"Jaw Worm","floor":1.0,"turns":1.0},{"damage":0.0,"enemies":"Cultist","floor":2.0,"turns":2.0},{"damage":0.0,"enemies":"Small Slimes","floor":5.0,"turns":1.0},{"damage":33.0,"enemies":"3 Sentries","floor":6.0,"turns":4.0},{"damage":12.0,"enemies":"Replay:BlueRogue","floor":8.0,"turns":3.0},{"damage":24.0,"enemies":"Lagavulin","floor":10.0,"turns":4.0},{"damage":0.0,"enemies":"2 Fungi Beasts","floor":11.0,"turns":2.0},{"damage":1.0,"enemies":"Red Slaver","floor":12.0,"turns":2.0},{"damage":14.0,"enemies":"Gremlin Nob","floor":13.0,"turns":3.0},{"damage":0.0,"enemies":"Large Slime","floor":14.0,"turns":1.0},{"damage":18.0,"enemies":"The Guardian","floor":16.0,"turns":6.0},{"damage":10,"enemies":"Spheric Guardian","floor":18,"turns":4},{"damage":13,"enemies":"Shell Parasite","floor":20,"turns":2},{"damage":19,"enemies":"Shelled Parasite and Fungi","floor":21,"turns":3},{"damage":0,"enemies":"Sentry and Sphere","floor":22,"turns":2},{"damage":26,"enemies":"conspire:Head Lice","floor":23,"turns":3},{"damage":21,"enemies":"Slavers","floor":25,"turns":4},{"damage":0,"enemies":"Cultist and Chosen","floor":29,"turns":3},{"damage":0,"enemies":"Cultist and Chosen","floor":31,"turns":2},{"damage":10,"enemies":"Champ","floor":33,"turns":5},{"damage":34,"enemies":"3 Shapes","floor":35,"turns":4},{"damage":0,"enemies":"Orb Walker","floor":39,"turns":1},{"damage":0,"enemies":"Writhing Mass","floor":41,"turns":2},{"damage":0,"enemies":"3 Darklings","floor":42,"turns":3},{"damage":0,"enemies":"Sphere and 2 Shapes","floor":45,"turns":1},{"damage":9,"enemies":"Nightmare","floor":47,"turns":3},{"damage":28,"enemies":"Jaw Worm Horde","floor":48,"turns":4},{"damage":22,"enemies":"Replay:Hell Engine","floor":50,"turns":2},{"damage":11,"enemies":"Shield and Spear","floor":54,"turns":3},{"damage":0,"enemies":"The Heart","floor":55,"turns":6}],"seed_played":"-8830807627246708314","potions_obtained":[{"floor":2.0,"key":"conspire:TimeTravelPotion"},{"floor":8.0,"key":"Cursed Concoction"},{"floor":12.0,"key":"blueLaboratory:BubblePotion"},{"floor":13.0,"key":"FairyPotion"},{"floor":14.0,"key":"blueLaboratory:PyrophylliteBrew"},{"floor":16.0,"key":"jedi:StrikingPotion"},{"floor":20,"key":"blueLaboratory:Moonshine"},{"floor":22,"key":"blueLaboratory:BottleOfRum"},{"floor":23,"key":"REME_GoldPotion"},{"floor":25,"key":"BottledMiracle"},{"floor":33,"key":"blueLaboratory:FaithlessPotion"},{"floor":35,"key":"Strength Potion"},{"floor":39,"key":"SpeedPotion"},{"floor":47,"key":"blueLaboratory:LouseDecoction"}],"is_trial":false,"path_per_floor":["M","M","$","?","M","E","R","E","T","E","M","M","E","M","R_BF","B",null,"M","$","M","M","M","E","R","E","T","R","?","?","?","M","R","B",null,"M","?","?","?","M","R","M","M","T","R","M","?","NM","M","R","B",null,"R","$","E","B",null],"character_chosen":"WATCHER","items_purchased":["MostiFishMod:Awakening","Sling"],"campfire_rested":0,"item_purchase_floors":[3,53],"current_hp_per_floor":[61,61,61,61,61,61,61,54,54,30,35,34,20,20,20,2,52,42,42,29,10,10,42,42,21,21,21,9,9,24,24,24,14,67,33,33,33,33,33,33,36,36,36,36,36,26,17,85,85,63,91,91,91,80,80],"gold":2257,"neow_bonus":"NOSTALGIA","is_daily":false,"chose_seed":false,"campfire_upgraded":7,"win_rate":0.0,"timestamp":1610045052,"path_taken":["M","M","$","?","M","E","R","E","T","E","M","M","E","M","R_BF","BOSS","M","$","?","M","M","E","R","E","T","R","?","?","?","M","R","BOSS","M","?","?","?","M","R","M","?","T","R","M","?","NM","M","R","BOSS","R","$","E","BOSS"],"items_purchased_type":["Card","Relic"],"build_version":"2020-12-22","purchased_purges":3,"victory":true,"max_hp_per_floor":[68,68,68,68,68,68,68,68,68,68,68,68,68,68,68,68,68,68,68,68,68,68,70,70,78,78,78,78,80,80,82,82,84,84,89,89,89,89,89,89,92,95,95,95,95,95,96,99,99,100,100,100,100,103,167],"card_choices":[{"not_picked":["Iron Wave","Heavy Blade"],"picked":"Hologram","floor":1.0},{"not_picked":["Clash","Iron Wave","Fire Breathing","MentalFortress"],"picked":"Replay:Cycle","floor":2.0},{"not_picked":["Halt","JustLucky","Headbutt","PathToVictory"],"picked":"Hologram","floor":5.0},{"not_picked":["TH:Mimic","TH:ArmorSpikes","TH:EnergyPotion"],"picked":"TH:BikiniMail","floor":6.0},{"not_picked":["EmptyBody","ReachHeaven","Cold Snap","JustLucky"],"picked":"Warcry","floor":6.0},{"not_picked":["TH:ArmorSpikes","TH:PixieDust","TH:Mimic"],"picked":"TH:BikiniMail","floor":8.0},{"not_picked":["Capacitor","Prostrate","Halt","Force Field"],"picked":"TalkToTheHand","floor":8.0},{"not_picked":["TH:ElvenBoots","TH:ArmorSpikes","TH:BikiniMail"],"picked":"TH:DeckOfManyThings","floor":9.0},{"not_picked":["TH:PixieDust","TH:BikiniMail","TH:Mimic"],"picked":"TH:DeckOfManyThings","floor":10.0},{"not_picked":["ReplayTheSpireMod:Repulse","SashWhip","ReplayTheSpireMod:Muscle Training","ClearTheMind","Heavy Blade"],"picked":"SKIP","floor":10.0},{"not_picked":["ClearTheMind","ReplayTheSpireMod:Muscle Training","Prostrate","Rip and Tear"],"picked":"REME_Repentance","floor":11.0},{"not_picked":["FlurryOfBlows","FlyingSleeves","Turbo","MentalFortress"],"picked":"LikeWater","floor":12.0},{"not_picked":["TH:CopperCoins","TH:PixieDust","TH:BikiniMail"],"picked":"TH:CursedSword","floor":13.0},{"not_picked":["Replay:Battleflow","FTL","Replay:BluntJabs","ThirdEye","JustLucky"],"picked":"SKIP","floor":13.0},{"not_picked":["Evaluate","Barricade","Cold Snap","Seeing Red"],"picked":"CutThroughFate","floor":14.0},{"not_picked":["TH:PixieDust","TH:BikiniMail","TH:ElvenBoots"],"picked":"TH:DeckOfManyThings","floor":16.0},{"not_picked":["MostiFishMod:StarHerder","Replay:AllIn","ReplayTheSpireMod:Omega Cannon","Double Tap"],"picked":"REME_WorshipGod","floor":16.0},{"not_picked":["Protect","JustLucky","Clash+1","Flex"],"picked":"CutThroughFate","floor":18},{"not_picked":["Dual Wield","Warcry+1","Hologram","Headbutt"],"picked":"MostiFishMod:Speedup","floor":20},{"not_picked":["Recycle","FollowUp","BowlingBash","ReplayTheSpireMod:GoodbyeWorld"],"picked":"ReachHeaven","floor":21},{"not_picked":["Evaluate","JustLucky","Replay:AtTheReady","Anger"],"picked":"LessonLearned","floor":22},{"not_picked":["TH:EnergyPotion","TH:BikiniMail","TH:PixieDust"],"picked":"TH:CursedSword","floor":23},{"not_picked":["Glacier","ReplayTheSpireMod:GoodbyeWorld+1","Replay:LoomingThreat","Defragment"],"picked":"InnerPeace","floor":23},{"not_picked":["TH:CursedSword","TH:TreasureMap","TH:Mimic"],"picked":"TH:DeckOfManyThings","floor":25},{"not_picked":["Recycle","Flex","Protect","MostiFishMod:Minus"],"picked":"WheelKick","floor":25},{"not_picked":["TH:ArmorSpikes","TH:PixieDust","TH:Mimic"],"picked":"TH:DeckOfManyThings","floor":26},{"not_picked":["Hologram","Beam Cell","CutThroughFate","Judgement"],"picked":"Whirlwind","floor":28},{"not_picked":["jedi:overflow","Havoc","PrismaMod:IllyaBoysLove","Replay:BasicMightCard"],"picked":"Chaos","floor":29},{"not_picked":["PowerUp","FavorOfDestiny","SfantasyHide_purple","DemoMod:DoubleSwitch","StuffTheSpire:Slingshot+1"],"picked":"SKIP","floor":31},{"not_picked":["CharismaGuard","StuffTheSpire:RagingBull","SignatureMove+1","PrismaMod:ChloeCheapDefendTwo","PrismaMod:MiyuCheapAttack1"],"picked":"SKIP","floor":31},{"not_picked":["TH:CursedSword","TH:TreasureMap","TH:ArmorSpikes"],"picked":"TH:DeckOfManyThings","floor":33},{"not_picked":["jedi:LeechingStrike","REME_MawOfCthun","REME_PuzzleBox","PrismaMod:IllyaUberPoisonChannel"],"picked":"MostiFishMod:KamiSmash","floor":33},{"not_picked":["MNeedle_purple+1","Warcry","jedi:fear","Iron Wave+1"],"picked":"FlurryOfBlows","floor":35},{"not_picked":["Gensokyo:SalamanderShield","JustLucky+1","DemoMod:StickyCrossBow","BestPractice","PathToVictory+1"],"picked":"SKIP","floor":35},{"not_picked":["StuffTheSpire:GlassShard","Leap","jedi:BurstFrost","PrismaMod:MiyuCarnivalAttack"],"picked":"Gensokyo:BrilliantDragonBullet+1","floor":39},{"not_picked":["hubris:SlightOfHand+1","FairyDestructionRay+1","WitchLeyline","jedi:BurstFrost+1"],"picked":"Worldmountain_purple","floor":39},{"not_picked":["Draining Mist","Acrobatics","Body Slam","Blood for Blood"],"picked":"Manipulate","floor":41},{"not_picked":["DemoMod:MegaHand","conspire:SharedLibrary","jedi:BurstLightning+1","Leg Sweep+1"],"picked":"DemoMod:BlackHoleGun","floor":41},{"not_picked":["VampireFantasy","EighthInstrument_OneDividesIntoTwo_purple","EndlessAdversity","BloodyMagicSquare"],"picked":"Genetic Algorithm+1","floor":42},{"not_picked":["jedi:suffering","SignatureMove","BombardNight+1","MeetDecomposer_purple","DemoMod:SAA"],"picked":"SKIP","floor":42},{"not_picked":["TH:CursedSword","TH:ArmorSpikes","TH:TreasureMap"],"picked":"TH:DeckOfManyThings","floor":43},{"not_picked":["ReachHeaven+1","Clothesline","Outmaneuver+1","Sucker Punch+1"],"picked":"TalkToTheHand","floor":45},{"not_picked":["PathToVictory","UnderTheZenith","Chaos","ClearTheMind+1"],"picked":"Replay:DivineShield","floor":45},{"not_picked":["TH:EnergyPotion","Bandage Up","Feint","StuffTheSpire:PlasmaPulse"],"picked":"PlatinumSkin","floor":46},{"not_picked":["REME_BattleFury","hubris:Ssssneak","TH:CursedSword","Finesse"],"picked":"Jack Of All Trades","floor":46},{"not_picked":["Madness","vexMod:EmailVexCard","Jack Of All Trades","Thinking Ahead"],"picked":"Apotheosis","floor":46},{"not_picked":["ReplayTheSpireMod:Black Plague","hubris:Rewind"],"picked":"infinitespire:Menacing","floor":47},{"not_picked":["TH:EnergyPotion","TH:ElvenBoots","TH:ArmorSpikes"],"picked":"TH:CursedSword","floor":47},{"not_picked":["OneTimeOff","ReplayTheSpireMod:Reroute Power","Replay:Battleflow","Iron Wave+1"],"picked":"PrismaMod:IllyaInstallCaster","floor":47},{"not_picked":["Flying Knee","MostiFishMod:SupremeArchaeology","PrismaMod:MiyuCheapAttack2+1","DemoMod:Unmoved+1"],"picked":"AdvanceAttack_purple+1","floor":48},{"not_picked":["Gensokyo:NewMoon","Gensokyo:EverlastingLife+1","Mirror_TwoAndThreeElementRealm_purple","OmniscientAndOmnipotent_Monster_purple"],"picked":"REME_Cut","floor":48},{"not_picked":["TH:Mimic","TH:ArmorSpikes","TH:TreasureMap"],"picked":"TH:CursedSword","floor":54},{"not_picked":["jedi:BurstLightning+1","MostiFishMod:ThornCasing","Backflip+1","IllusionStar+1"],"picked":"MostiFishMod:IntelligentEquipment","floor":54}],"player_experience":248148,"relics_obtained":[{"floor":1.0,"key":"SynthV:TestCard"},{"floor":6.0,"key":"hubris:64BitClover"},{"floor":8.0,"key":"Dota2Spire:OrchidMalevolence"},{"floor":10.0,"key":"InkBottle"},{"floor":13.0,"key":"Replay:Bandana"},{"floor":15.0,"key":"halation:KoshaPiece"},{"floor":21,"key":"Replay:Wax Seal"},{"floor":23,"key":"Dota2Spire:AghanimScepter"},{"floor":25,"key":"Blue Doll"},{"floor":26,"key":"DemoMod:WhiteGuonStone"},{"floor":28,"key":"PrismaticShard"},{"floor":29,"key":"Dota2Spire:BattleFury"},{"floor":35,"key":"wanderingMiniBosses:AbyssPearl"},{"floor":42,"key":"ReplayTheSpireMod:Lightbulb"},{"floor":43,"key":"StuffTheSpire:GrapeVine"},{"floor":47,"key":"jedi:arcanewood"},{"floor":54,"key":"TungstenRod"}],"event_choices":[{"damage_healed":0.0,"max_hp_gain":0.0,"max_hp_loss":0.0,"gold_gain":0.0,"event_name":"FaceTrader","player_choice":"Trade","floor":4.0,"gold_loss":0.0,"damage_taken":0.0,"relics_obtained":["CultistMask"]},{"damage_healed":0,"gold_gain":0,"player_choice":"Damaged","damage_taken":12,"max_hp_gain":0,"max_hp_loss":0,"event_name":"Wheel of Change","floor":30,"gold_loss":0},{"damage_healed":0,"gold_gain":0,"player_choice":"Ignored","damage_taken":0,"max_hp_gain":0,"max_hp_loss":0,"event_name":"Tomb of Lord Red Mask","floor":37,"gold_loss":0},{"damage_healed":0,"gold_gain":0,"player_choice":"Gave Potion","damage_taken":0,"relics_obtained":["Replay:Kaleidoscope"],"max_hp_gain":0,"max_hp_loss":0,"event_name":"WeMeetAgain","floor":38,"gold_loss":0},{"damage_healed":0,"gold_gain":0,"player_choice":"Memory 3","damage_taken":10,"max_hp_gain":0,"max_hp_loss":0,"event_name":"SensoryStone","floor":46,"gold_loss":0}],"is_beta":false,"boss_relics":[{"not_picked":["halation:Risk","halation:Yufonium","vexMod:RockOfEvil"]},{"not_picked":["Empty Cage","aspiration:PoetsPen"],"picked":"energizedSpire:CrystalSphere"}],"items_purged_floors":[3,19,19],"is_endless":false,"potions_floor_spawned":[2,8,12,13,14,16,20,22,23,25,33,35,39,47],"ascension_level":16}}