{"host":"2he95iptrbxkejc1","time":1610036822,"event":{"mods":["AchievementEnabler","BaseMod","Colored Powertips","Downfall","Hermit","Infinite Spire","Marisa????????","Minty Spire (QoL Compilation)","Random Character Mod","Replay The Spire","StSLib","Td1madao Mod","The Cursed","The Disciple","The Hierophant","The Marked","The Mystic","The Necromancer","The Poker Player","The Runesmith","The Servant 0.9.4"],"gold_per_floor":[99,99,99,16,16,16,39,58,86,11,23,23,55,55,73,73,73,73],"floor_reached":16,"playtime":549,"items_purged":[],"score":106,"play_id":"5635d54d-1704-4c74-a9d3-a781fd7b40f3","local_time":"20210107162702","is_ascension_mode":false,"campfire_choices":[{"floor":1,"key":"DIG"},{"floor":6,"key":"RECALL"},{"data":"champ:CalledShot","floor":10,"key":"SMITH"},{"floor":12,"key":"REST"}],"circlet_count":0,"master_deck":["champ:Strike","champ:Strike","champ:Strike","champ:Strike","champ:Defend","champ:Defend","champ:Defend","champ:Execute","champ:Taunt","champ:FanOfKnives","champ:MurderStrike","Bandage Up","champ:CalledShot+1","champ:FocusedGladiator","champ:CrookedStrike","champ:FlashCut"],"relics":["champ:ChampionCrown","downfall:HeartsMalice","infinitespire:Broken Mirror","champ:DefensiveTrainingManual","Orichalcum","downfall:HeartBlessingRed","Toy Ornithopter"],"acts_visited":["Exordium"],"potions_floor_usage":[13,13,16],"damage_taken":[{"damage":0,"enemies":"Small Slimes","floor":2,"turns":1},{"damage":0,"enemies":"Cultist","floor":3,"turns":1},{"damage":0,"enemies":"downfall:FleeingMerchant","floor":4,"turns":1},{"damage":15,"enemies":"Jaw Worm","floor":8,"turns":4},{"damage":58,"enemies":"Gremlin Nob","floor":9,"turns":6},{"damage":16,"enemies":"Exordium Thugs","floor":11,"turns":4},{"damage":19,"enemies":"3 Sentries","floor":13,"turns":5},{"damage":15,"enemies":"Exordium Wildlife","floor":15,"turns":4},{"damage":59,"enemies":"downfall:Silent","floor":16,"turns":6}],"seed_played":"-7901897209621869765","potions_obtained":[{"floor":8,"key":"LiquidMemories"},{"floor":9,"key":"FearPotion"},{"floor":13,"key":"SteroidPotion"}],"is_trial":false,"path_per_floor":["R","M","M","$","?","R","T","M","E","R","M","R","E","?","M","B"],"character_chosen":"THE_CHAMP","items_purchased":["Bandage Up"],"campfire_rested":1,"item_purchase_floors":[4],"current_hp_per_floor":[90,90,90,90,90,90,90,84,41,41,34,61,54,54,48,0,0,0],"gold":73,"neow_bonus":"THREE_ENEMY_KILL","is_daily":false,"chose_seed":false,"campfire_upgraded":1,"win_rate":0.0,"timestamp":1610036822,"path_taken":["R","M","M","$","?","R","T","M","E","R","M","R","E","?","M","BOSS"],"items_purchased_type":["Card"],"build_version":"2020-12-22","purchased_purges":0,"victory":false,"max_hp_per_floor":[90,90,90,90,90,90,90,90,90,90,90,90,90,90,90,90,90,90],"card_choices":[{"not_picked":["champ:FightOn","champ:FocusedBerserking"],"picked":"champ:FanOfKnives","floor":2},{"not_picked":["champ:GladiatorsShout","champ:RecklessLeap","champ:BerserkersShout"],"picked":"SKIP","floor":3},{"not_picked":["champ:GutPunch","champ:StrikeOfGenius"],"picked":"champ:MurderStrike","floor":4},{"not_picked":["champ:BerserkersShout","champ:FanOfKnives","champ:RisingSlash"],"picked":"SKIP","floor":8},{"not_picked":["champ:BladeFlurry","champ:TornadoPunch"],"picked":"champ:CalledShot","floor":9},{"not_picked":["champ:BerserkersShout","champ:Backstep","champ:RisingSlash"],"picked":"SKIP","floor":11},{"not_picked":["champ:CrookedStrike","champ:TornadoPunch"],"picked":"champ:FocusedGladiator","floor":13},{"not_picked":["champ:FightOn","champ:SkillfulDodge"],"picked":"champ:FlashCut","floor":15}],"player_experience":89817,"relics_obtained":[{"floor":1,"key":"infinitespire:Broken Mirror"},{"floor":7,"key":"champ:DefensiveTrainingManual"},{"floor":9,"key":"Orichalcum"},{"floor":13,"key":"Toy Ornithopter"}],"event_choices":[{"damage_healed":0,"gold_gain":0,"cards_transformed":["champ:Defend"],"player_choice":"Transformed","damage_taken":0,"max_hp_gain":0,"max_hp_loss":0,"event_name":"Transmorgrifier","floor":14,"gold_loss":0,"cards_obtained":["champ:CrookedStrike"]}],"is_beta":false,"boss_relics":[],"items_purged_floors":[],"is_endless":false,"potions_floor_spawned":[8,9,13],"killed_by":"downfall:Silent","ascension_level":0}}