{"host":"v54ek091sdz7ha6h","time":1610042848,"event":{"mods":["BaseMod","Better Vampires","Colored Map","Colored Powertips","Custom Start","DeckTracker","Highlight Path","KOR Keyword Fix","Minty Spire (QoL Compilation)","Quick Restart","Random Character Button","Rare Cards Sparkle","StSLib","SuperFastMode","The Awakened One except there are too many feathers","everything is the same but u backflip on backflip","slay the spire mod where everything is the same but ironclad has a cowboy hat"],"gold_per_floor":[11,22,33,50,50,50,65,65,65,83,83,114,129,144,144,218,218,231,246,263,188,20,20,20],"floor_reached":23,"playtime":803,"items_purged":[],"score":394,"play_id":"0ecf7c87-fa3b-437d-a46b-92f6a0d53964","local_time":"20210108030728","is_ascension_mode":true,"campfire_choices":[{"data":"Coolheaded","floor":6,"key":"SMITH"},{"data":"Zap","floor":8,"key":"SMITH"},{"data":"Dualcast","floor":11,"key":"SMITH"},{"floor":15,"key":"REST"}],"circlet_count":0,"master_deck":["AscendersBane","Strike_B","Strike_B","Strike_B","Defend_B","Defend_B","Defend_B","Defend_B","Zap+1","Dualcast+1","Gash","Compile Driver","Coolheaded+1","Core Surge","Undo","Aggregate","Chaos","Chill","Go for the Eyes","Biased Cognition","Steam","Leap","Coolheaded"],"relics":["Cracked Core","Peace Pipe","White Beast Statue","Orichalcum","SacredBark","OrangePellets"],"acts_visited":["Exordium","TheCity"],"potions_floor_usage":[12,13,14,19,20],"damage_taken":[{"damage":2,"enemies":"2 Louse","floor":1,"turns":2},{"damage":2,"enemies":"Cultist","floor":2,"turns":4},{"damage":4,"enemies":"Small Slimes","floor":3,"turns":3},{"damage":14,"enemies":"3 Louse","floor":4,"turns":4},{"damage":6,"enemies":"Red Slaver","floor":7,"turns":3},{"damage":1,"enemies":"2 Fungi Beasts","floor":10,"turns":3},{"damage":19,"enemies":"3 Sentries","floor":12,"turns":7},{"damage":2,"enemies":"Exordium Wildlife","floor":13,"turns":5},{"damage":0,"enemies":"Gremlin Gang","floor":14,"turns":4},{"damage":18,"enemies":"The Guardian","floor":16,"turns":15},{"damage":8,"enemies":"Shell Parasite","floor":18,"turns":7},{"damage":15,"enemies":"3 Byrds","floor":19,"turns":6},{"damage":0,"enemies":"3 Cultists","floor":20,"turns":8},{"damage":32,"enemies":"Slavers","floor":23,"turns":1}],"seed_played":"2388732056909013033","potions_obtained":[{"floor":4,"key":"FearPotion"},{"floor":10,"key":"LiquidMemories"},{"floor":12,"key":"Weak Potion"},{"floor":13,"key":"Swift Potion"},{"floor":14,"key":"Dexterity Potion"},{"floor":18,"key":"AttackPotion"},{"floor":19,"key":"EssenceOfSteel"},{"floor":20,"key":"Energy Potion"}],"is_trial":false,"path_per_floor":["M","M","M","M","?","R","M","R","T","M","R","E","M","M","R","B",null,"M","M","M","?","$","E"],"character_chosen":"DEFECT","items_purchased":["OrangePellets"],"campfire_rested":1,"item_purchase_floors":[22],"current_hp_per_floor":[62,60,56,42,32,32,26,26,26,25,25,6,4,4,25,7,55,47,32,32,32,32,0,0],"gold":20,"neow_bonus":"ONE_RARE_RELIC","is_daily":false,"chose_seed":false,"campfire_upgraded":3,"win_rate":0.0,"timestamp":1610042848,"path_taken":["M","M","M","M","?","R","?","R","T","M","R","E","M","M","R","BOSS","M","?","M","?","$","E"],"items_purchased_type":["Relic"],"build_version":"2020-12-22","purchased_purges":0,"victory":false,"max_hp_per_floor":[71,71,71,71,71,71,71,71,71,71,71,71,71,71,71,71,71,71,71,71,71,71,71,71],"card_choices":[{"not_picked":["Coolheaded","Hello World"],"picked":"Gash","floor":1},{"not_picked":["Leap","Turbo"],"picked":"Compile Driver","floor":2},{"not_picked":["Conserve Battery","Self Repair"],"picked":"Coolheaded","floor":3},{"not_picked":["Redo","Streamline"],"picked":"Core Surge","floor":4},{"not_picked":["Streamline","Beam Cell"],"picked":"Undo","floor":7},{"not_picked":["Hologram","Static Discharge"],"picked":"Aggregate","floor":10},{"not_picked":["Turbo","Doom and Gloom"],"picked":"Chaos","floor":12},{"not_picked":["Barrage","Hello World"],"picked":"Chill","floor":13},{"not_picked":["Darkness","Steam Power"],"picked":"Go for the Eyes","floor":14},{"not_picked":["Multi-Cast","Amplify"],"picked":"Biased Cognition","floor":16},{"not_picked":["Beam Cell","Reinforced Body"],"picked":"Steam","floor":18},{"not_picked":["Beam Cell","Sweeping Beam"],"picked":"Leap","floor":19},{"not_picked":["Reinforced Body","Conserve Battery"],"picked":"Coolheaded","floor":20}],"player_experience":1402167,"relics_obtained":[{"floor":9,"key":"White Beast Statue"},{"floor":12,"key":"Orichalcum"}],"event_choices":[{"damage_healed":0,"gold_gain":0,"player_choice":"Damaged","damage_taken":10,"max_hp_gain":0,"max_hp_loss":0,"event_name":"Wheel of Change","floor":5,"gold_loss":0},{"cards_removed":["Strike_B"],"damage_healed":0,"gold_gain":0,"player_choice":"Gave Gold","damage_taken":0,"max_hp_gain":0,"max_hp_loss":0,"event_name":"Beggar","floor":21,"gold_loss":75}],"is_beta":false,"boss_relics":[{"not_picked":["Black Star","Velvet Choker"],"picked":"SacredBark"}],"items_purged_floors":[],"is_endless":false,"potions_floor_spawned":[4,10,12,13,14,16,18,19,20],"killed_by":"Slavers","ascension_level":20}}