{"host":"d9m9v0h6vo0edadb","time":1610028203,"event":{"mods":["BaseMod","Hermit","Keyboard Shortcuts","Minty Spire (QoL Compilation)","StSLib","SuperFastMode","The Cursed"],"gold_per_floor":[111,111,186,86,109,109,127,159,159,171,183,65,91,101,101,101,101],"floor_reached":16,"playtime":156,"items_purged":["Strike_G"],"score":270,"play_id":"98713f5b-b4cb-4af2-9d29-9ce1e73de110","local_time":"20210107230323","is_ascension_mode":true,"campfire_choices":[{"data":"Masterful Stab","floor":6.0,"key":"SMITH"},{"data":"Calculated Gamble","floor":15,"key":"SMITH"}],"circlet_count":0,"master_deck":["AscendersBane","Strike_G","Strike_G","Strike_G","Strike_G","Defend_G","Defend_G","Defend_G","Defend_G","Defend_G","Survivor","Neutralize","Masterful Stab+1","Acrobatics","Dagger Throw","Eviscerate","Flechettes","Calculated Gamble+1","Poisoned Stab"],"relics":["Ring of the Snake","NeowsBlessing","Orichalcum","Anchor","Eternal Feather","Meat on the Bone","PreservedInsect"],"acts_visited":["Exordium"],"potions_floor_usage":[13],"damage_taken":[{"damage":0.0,"enemies":"2 Louse","floor":1.0,"turns":1.0},{"damage":0.0,"enemies":"Jaw Worm","floor":7.0,"turns":1.0},{"damage":0.0,"enemies":"Lagavulin","floor":8.0,"turns":1.0},{"damage":0.0,"enemies":"Cultist","floor":10.0,"turns":3.0},{"damage":0,"enemies":"Large Slime","floor":11,"turns":6},{"damage":23,"enemies":"Gremlin Nob","floor":13,"turns":4},{"damage":0,"enemies":"2 Fungi Beasts","floor":14,"turns":2},{"damage":12,"enemies":"The Guardian","floor":16,"turns":4}],"seed_played":"-6688447190720828616","potions_obtained":[{"floor":1.0,"key":"Dexterity Potion"},{"floor":11,"key":"AttackPotion"},{"floor":13,"key":"GhostInAJar"}],"is_trial":false,"path_per_floor":["M","?","?","$","T","R","M","E","T","M","M","$","E","M","R","B"],"character_chosen":"THE_SILENT","items_purchased":["Acrobatics","Eviscerate","Flechettes"],"campfire_rested":0,"item_purchase_floors":[4,12,12],"current_hp_per_floor":[59,54,43,43,43,43,43,43,43,43,43,43,32,44,53,41,41],"gold":101,"neow_bonus":"THREE_ENEMY_KILL","is_daily":false,"chose_seed":false,"campfire_upgraded":2,"win_rate":0.0,"timestamp":1610028203,"path_taken":["M","?","?","$","?","R","M","E","T","M","M","$","E","M","R","BOSS"],"items_purchased_type":["Card","Card","Card"],"build_version":"2020-12-22","purchased_purges":1,"victory":false,"max_hp_per_floor":[66,66,66,66,66,66,66,66,66,66,66,66,66,66,66,66,66],"card_choices":[{"not_picked":["Leg Sweep","Expertise"],"picked":"Masterful Stab","floor":1.0},{"not_picked":["Flying Knee","Dagger Spray"],"picked":"Dagger Throw","floor":7.0},{"not_picked":["Concentrate","Doppelganger","Quick Slash"],"picked":"SKIP","floor":8.0},{"not_picked":["Catalyst","Deflect","Outmaneuver"],"picked":"SKIP","floor":10.0},{"not_picked":["Distraction","Acrobatics","Accuracy"],"picked":"SKIP","floor":11},{"not_picked":["Dagger Throw","Heel Hook"],"picked":"Calculated Gamble","floor":13},{"not_picked":["Quick Slash","Bane"],"picked":"Poisoned Stab","floor":14}],"player_experience":955624,"relics_obtained":[{"floor":5.0,"key":"Anchor"},{"floor":8.0,"key":"Eternal Feather"},{"floor":9.0,"key":"Meat on the Bone"},{"floor":13,"key":"PreservedInsect"}],"event_choices":[{"damage_healed":0.0,"max_hp_gain":0.0,"max_hp_loss":0.0,"gold_gain":0.0,"event_name":"Scrap Ooze","player_choice":"Success","floor":2.0,"gold_loss":0.0,"damage_taken":5.0,"relics_obtained":["Orichalcum"]},{"damage_healed":0.0,"max_hp_gain":0.0,"max_hp_loss":0.0,"gold_gain":75.0,"event_name":"World of Goop","player_choice":"Gather Gold","floor":3.0,"gold_loss":0.0,"damage_taken":11.0}],"is_beta":false,"boss_relics":[],"items_purged_floors":[4],"is_endless":false,"potions_floor_spawned":[1,11,13,14],"killed_by":"The Guardian","ascension_level":20}}