{"host":"bsqaowxr2lcqjse6","time":1610013634,"event":{"mods":["Act Like it!","Aspiration","BaseMod","Beaked The Cultist","Better Altar","Better Match","Better Third Choice","BetterRewards","Block Reminder","Colored Map","Colored Powertips","Conspire","DeckTracker","Downfall","Energized Spire","GifTheSpireLib","GungeonMod","Hubris","Hunter ??","Infinite Spire","Jorbs\u0027s Wanderer Trilogy","Minty Spire (QoL Compilation)","Rare Cards Sparkle","Relic Stats","Replay The Spire","Shade Mod","Shop Mod","Spicy Shops","StSLib","Stuff the Spire","Td1madao Mod","Transform Curses","Wandering Minibosses"],"gold_per_floor":[117,117,137,137,137,137,175,175,228,232,232],"floor_reached":10,"playtime":303,"items_purged":[],"score":64,"play_id":"29f29e2f-9774-4d3f-be7a-d918695f903f","local_time":"20210107210034","is_ascension_mode":false,"campfire_choices":[{"data":"Zap","floor":6,"key":"SMITH"}],"circlet_count":0,"master_deck":["Strike_B","Strike_B","Strike_B","Strike_B","Defend_B","Defend_B","Defend_B","Defend_B","Zap+1","Dualcast","Coolheaded+1","Storm","Self Repair"],"relics":["Cracked Core","Replay:Bandana","DemoMod:ClearGuonStone","hubris:TenFootPole"],"acts_visited":["Exordium"],"potions_floor_usage":[10],"damage_taken":[{"damage":2,"enemies":"2 Louse","floor":1,"turns":3},{"damage":7,"enemies":"conspire:RoseBush","floor":3,"turns":2},{"damage":51,"enemies":"Gremlin Nob","floor":7,"turns":5},{"damage":24,"enemies":"Lagavulin","floor":10,"turns":6}],"seed_played":"8667433577511358097","potions_obtained":[{"floor":1,"key":"SteroidPotion"},{"floor":3,"key":"DemoMod:LeadSkinPotion"}],"is_trial":false,"path_per_floor":["M","$","M","?","?","R","E","?","T","E"],"character_chosen":"DEFECT","items_purchased":[],"campfire_rested":0,"item_purchase_floors":[],"current_hp_per_floor":[73,73,66,66,66,66,15,15,15,0,0],"gold":232,"neow_bonus":"RANDOM_COMMON_RELIC","is_daily":false,"chose_seed":false,"campfire_upgraded":1,"win_rate":0.0,"timestamp":1610013634,"path_taken":["M","$","M","?","?","R","E","?","T","E"],"items_purchased_type":[],"build_version":"2020-12-22","purchased_purges":0,"victory":false,"max_hp_per_floor":[75,75,75,75,75,75,75,75,75,75,75],"relic_stats":{"counters":[4,16],"obtain_stats":[{"Replay:Bandana":0,"DemoMod:GlassGuonStoneRelic":1,"hubris:TenFootPole":9,"DemoMod:ClearGuonStone":7,"Cracked Core":0},{"Replay:Bandana":0,"DemoMod:GlassGuonStoneRelic":1,"hubris:TenFootPole":3,"DemoMod:ClearGuonStone":3,"Cracked Core":0},{"Replay:Bandana":0,"DemoMod:GlassGuonStoneRelic":3,"hubris:TenFootPole":10,"DemoMod:ClearGuonStone":10,"Cracked Core":0}]},"card_choices":[{"not_picked":["StuffTheSpire:ShieldGenerator","Cold Snap"],"picked":"Coolheaded","floor":1},{"not_picked":["Rebound","Hologram"],"picked":"Storm","floor":3},{"not_picked":["Fission","Aggregate"],"picked":"Self Repair","floor":7}],"player_experience":621867,"relics_obtained":[{"floor":7,"key":"DemoMod:ClearGuonStone"},{"floor":9,"key":"hubris:TenFootPole"}],"event_choices":[{"damage_healed":0,"gold_gain":0,"player_choice":"Ignored","damage_taken":0,"max_hp_gain":0,"max_hp_loss":0,"event_name":"Golden Wing","floor":5,"gold_loss":0}],"is_beta":false,"boss_relics":[],"items_purged_floors":[],"is_endless":false,"potions_floor_spawned":[1,3],"killed_by":"Lagavulin","ascension_level":0}}