{"host":"ji1fk25fd1ga4ji1","time":1610000107,"event":{"mods":["2.2 Compatiblity","BaseMod","Colored Map","DeckTracker","Minty Spire (QoL Compilation)","Permanent Neow","Quick Restart","StSLib","SuperFastMode"],"gold_per_floor":[118,118,43,43,43,72,97,116,143,175,24,52,52,52],"floor_reached":13,"playtime":213,"items_purged":["Storm"],"score":166,"play_id":"59d92179-cf7d-404a-a645-b6fdc89de033","local_time":"20210107151507","daily_mods":["Draft","Heirloom","Flight","DeadlyEvents","Elite Swarm"],"is_ascension_mode":true,"campfire_choices":[],"circlet_count":0,"master_deck":["Ball Lightning","Conserve Battery+1","Ball Lightning","Sweeping Beam","Ball Lightning","Defragment","Gash+1","Ball Lightning","Beam Cell","Recycle","Gash","Conserve Battery+1","Self Repair","Seek+1","All For One","Reboot"],"relics":["Cracked Core","Dead Branch","Pen Nib","Shuriken","Darkstone Periapt","War Paint","Blood Vial"],"acts_visited":["Exordium"],"potions_floor_usage":[],"damage_taken":[{"damage":0,"enemies":"Small Slimes","floor":1,"turns":2},{"damage":9,"enemies":"3 Sentries","floor":6,"turns":4},{"damage":14,"enemies":"Gremlin Nob","floor":7,"turns":3},{"damage":0,"enemies":"2 Louse","floor":8,"turns":1},{"damage":0,"enemies":"Lagavulin","floor":10,"turns":4},{"damage":11,"enemies":"3 Sentries","floor":12,"turns":4},{"damage":0,"enemies":"Lagavulin","floor":13,"turns":3}],"seed_played":"2357656688569222466","potions_obtained":[{"floor":6,"key":"Ancient Potion"},{"floor":8,"key":"DuplicationPotion"},{"floor":12,"key":"EntropicBrew"}],"is_trial":true,"path_per_floor":["M","?","$","?","?","E","E","M","T","E","$","E","E"],"character_chosen":"DEFECT","items_purchased":["War Paint"],"campfire_rested":0,"item_purchase_floors":[11],"current_hp_per_floor":[75,75,75,60,60,58,51,51,51,58,58,54,56,56],"gold":52,"neow_bonus":"","is_daily":false,"chose_seed":false,"campfire_upgraded":0,"win_rate":0.0,"timestamp":1610000107,"path_taken":["M","?","$","?","?","E","E","M","T","E","$","E","E"],"items_purchased_type":["Relic"],"build_version":"2020-12-22","purchased_purges":1,"victory":false,"max_hp_per_floor":[75,75,75,75,75,75,75,75,75,75,75,75,75,75],"card_choices":[{"not_picked":["Redo","Conserve Battery"],"picked":"Ball Lightning","floor":0},{"not_picked":["Go for the Eyes","Static Discharge"],"picked":"Conserve Battery","floor":0},{"not_picked":["Rebound","Lockon"],"picked":"Ball Lightning","floor":0},{"not_picked":["Coolheaded","Chill"],"picked":"Sweeping Beam","floor":0},{"not_picked":["Compile Driver","Loop"],"picked":"Go for the Eyes","floor":0},{"not_picked":["Conserve Battery","Stack"],"picked":"Ball Lightning","floor":0},{"not_picked":["Scrape","Beam Cell"],"picked":"Defragment","floor":0},{"not_picked":["Barrage","Compile Driver"],"picked":"Gash","floor":0},{"not_picked":["Barrage","Sweeping Beam"],"picked":"Ball Lightning","floor":0},{"not_picked":["Streamline","Steam"],"picked":"Beam Cell","floor":0},{"not_picked":["Double Energy","Turbo"],"picked":"Storm","floor":0},{"not_picked":["Redo","Steam"],"picked":"Recycle","floor":0},{"not_picked":["Double Energy","Leap"],"picked":"Gash","floor":0},{"not_picked":["Rebound","Redo"],"picked":"Conserve Battery","floor":0},{"not_picked":["Leap","Cold Snap"],"picked":"Self Repair","floor":0},{"not_picked":["Compile Driver","Reinforced Body","Auto Shields"],"picked":"SKIP","floor":1},{"not_picked":["Fission","All For One"],"picked":"Seek","floor":6},{"not_picked":["Core Surge","Thunder Strike"],"picked":"All For One","floor":7},{"not_picked":["Aggregate","Loop","Hologram"],"picked":"SKIP","floor":8},{"not_picked":["Echo Form","Core Surge"],"picked":"Reboot","floor":10},{"not_picked":["Meteor Strike","Biased Cognition","Rainbow"],"picked":"SKIP","floor":12}],"player_experience":810710,"relics_obtained":[{"floor":6,"key":"Pen Nib"},{"floor":7,"key":"Shuriken"},{"floor":10,"key":"Darkstone Periapt"},{"floor":12,"key":"Blood Vial"}],"event_choices":[{"damage_healed":0,"gold_gain":0,"player_choice":"Ignored","damage_taken":0,"max_hp_gain":0,"max_hp_loss":0,"event_name":"Liars Game","floor":2,"gold_loss":0},{"damage_healed":0,"gold_gain":0,"player_choice":"Entered Light","damage_taken":15,"max_hp_gain":0,"max_hp_loss":0,"event_name":"Shining Light","floor":4,"gold_loss":0,"cards_upgraded":["Conserve Battery","Gash"]},{"cards_removed":["Go for the Eyes"],"damage_healed":0,"gold_gain":0,"player_choice":"Forget","damage_taken":0,"max_hp_gain":0,"max_hp_loss":0,"event_name":"Living Wall","floor":5,"gold_loss":0}],"is_beta":false,"boss_relics":[],"items_purged_floors":[3],"is_endless":false,"potions_floor_spawned":[6,8,12],"killed_by":"Lagavulin","ascension_level":1}}