{"host":"tfkz8stxzb1up54p","time":1610006359,"event":{"mods":["AchievementEnabler","Ascension Unlocker","BaseMod","Better Note","Block Reminder","Colored Powertips","Curses Come First","Disable Question Mark Monsters","Displayed Cursed Tome","Emptier Cage","Gold Saver","Gremlin Skip","Highlight Path","Minty Spire (QoL Compilation)","Permanent Neow","StSLib"],"gold_per_floor":[776,791,41,56,56,56,56,131,156,233,252,271,310,329,329,454,454,473,473,492,536,555,555,555,555,555,574,593,612,631,650,650,775,775,794,813,832,851,870,870,870,889,889,849,1168,1187,1187,1206,1206,1206],"floor_reached":51,"playtime":3410,"items_purged":[],"score":780,"play_id":"b39d97d3-f415-426c-b2ed-2f415b5314a8","local_time":"20210107075919","daily_mods":["SealedDeck","Vintage","Lethality"],"is_ascension_mode":false,"campfire_choices":[{"data":"Apotheosis","floor":6,"key":"SMITH"},{"data":"SashWhip","floor":15,"key":"SMITH"},{"data":"SashWhip","floor":23,"key":"SMITH"},{"data":"MasterReality","floor":25,"key":"SMITH"},{"data":"Prostrate","floor":32,"key":"SMITH"},{"floor":49,"key":"REST"}],"circlet_count":0,"master_deck":["Prostrate+1","Prostrate","WheelKick","SashWhip+1","Consecrate","Consecrate","WindmillStrike","Protect","Protect","SashWhip+1","Apotheosis+1","Jack Of All Trades+1","MasterReality+1","Establishment+1"],"relics":["PureWater","TeardropLocket","Shuriken","Eternal Feather","StrikeDummy","Bronze Scales","Golden Idol","Vajra","Matryoshka","Mercury Hourglass","MealTicket","Toxic Egg 2","Busted Crown","Meat on the Bone","Mummified Hand","Incense Burner","Potion Belt","Question Card","Happy Flower","Anchor","The Courier","Blood Vial","HornCleat","Smiling Mask","Ornamental Fan","Bottled Tornado","SlaversCollar","Lizard Tail","CeramicFish","Pear","Frozen Egg 2","Yang","Bottled Lightning","Letter Opener","Old Coin","Pen Nib","Bottled Flame"],"acts_visited":["Exordium","TheCity","TheBeyond"],"potions_floor_usage":[16,16,29,35,36,45,45,50,50,50],"damage_taken":[{"damage":2,"enemies":"Jaw Worm","floor":1,"turns":2},{"damage":0,"enemies":"2 Louse","floor":2,"turns":2},{"damage":0,"enemies":"Cultist","floor":4,"turns":2},{"damage":0,"enemies":"Looter","floor":11,"turns":2},{"damage":3,"enemies":"Large Slime","floor":12,"turns":3},{"damage":0,"enemies":"Gremlin Gang","floor":13,"turns":2},{"damage":0,"enemies":"3 Louse","floor":14,"turns":1},{"damage":16,"enemies":"Hexaghost","floor":16,"turns":3},{"damage":0,"enemies":"Chosen","floor":18,"turns":3},{"damage":0,"enemies":"Spheric Guardian","floor":20,"turns":2},{"damage":6,"enemies":"Centurion and Healer","floor":21,"turns":3},{"damage":0,"enemies":"Snecko","floor":22,"turns":4},{"damage":0,"enemies":"Sentry and Sphere","floor":27,"turns":2},{"damage":0,"enemies":"Centurion and Healer","floor":28,"turns":4},{"damage":2,"enemies":"Chosen and Byrds","floor":29,"turns":4},{"damage":0,"enemies":"Snecko","floor":30,"turns":4},{"damage":0,"enemies":"Sentry and Sphere","floor":31,"turns":3},{"damage":0,"enemies":"Automaton","floor":33,"turns":3},{"damage":0,"enemies":"Orb Walker","floor":35,"turns":3},{"damage":2,"enemies":"3 Darklings","floor":36,"turns":3},{"damage":0,"enemies":"Maw","floor":37,"turns":6},{"damage":0,"enemies":"4 Shapes","floor":38,"turns":2},{"damage":0,"enemies":"Sphere and 2 Shapes","floor":39,"turns":3},{"damage":0,"enemies":"3 Darklings","floor":42,"turns":2},{"damage":6,"enemies":"Jaw Worm Horde","floor":45,"turns":3},{"damage":20,"enemies":"4 Shapes","floor":46,"turns":3},{"damage":0,"enemies":"Writhing Mass","floor":48,"turns":4},{"damage":11,"enemies":"Time Eater","floor":50,"turns":5}],"seed_played":"8350349167999303424","potions_obtained":[{"floor":2,"key":"BlessingOfTheForge"},{"floor":11,"key":"Strength Potion"},{"floor":12,"key":"DuplicationPotion"},{"floor":16,"key":"DuplicationPotion"},{"floor":20,"key":"StancePotion"},{"floor":27,"key":"SkillPotion"},{"floor":28,"key":"SteroidPotion"},{"floor":33,"key":"BlessingOfTheForge"},{"floor":35,"key":"Weak Potion"},{"floor":36,"key":"SteroidPotion"},{"floor":39,"key":"Weak Potion"},{"floor":45,"key":"Block Potion"},{"floor":48,"key":"StancePotion"}],"is_trial":false,"path_per_floor":["M","M","$","M","?","R","?","?","T","?","M","M","M","M","R","B",null,"M","?","M","M","M","R","T","R","T","M","M","M","M","M","R","B",null,"M","M","M","M","M","$","?","M","T","?","M","M","?","M","R","B",null],"character_chosen":"WATCHER","items_purchased":["Eternal Feather","Apotheosis","StrikeDummy","Jack Of All Trades"],"campfire_rested":1,"item_purchase_floors":[3,3,3,3],"current_hp_per_floor":[70,70,70,70,52,58,58,47,47,47,47,44,44,44,50,34,72,72,72,72,66,66,72,72,72,72,72,72,70,72,72,72,72,72,72,70,82,82,82,82,78,78,78,78,72,54,54,56,78,67],"gold":1206,"neow_bonus":"","is_daily":true,"chose_seed":false,"campfire_upgraded":5,"win_rate":0.0,"timestamp":1610006359,"path_taken":["M","M","$","M","?","R","?","?","T","?","M","M","M","M","R","BOSS","M","?","M","M","M","R","?","R","T","M","M","M","M","M","R","BOSS","M","M","M","M","M","?","?","M","T","?","?","M","?","M","R","BOSS"],"items_purchased_type":["Relic","Card","Relic","Card"],"build_version":"2020-12-22","purchased_purges":0,"victory":true,"max_hp_per_floor":[72,72,72,72,72,72,72,72,72,72,72,72,72,72,72,72,72,72,72,72,72,72,72,72,72,72,72,72,72,72,72,72,72,72,72,72,82,82,82,82,78,78,78,78,78,78,78,78,78,78],"card_choices":[{"not_picked":["DeusExMachina+1","LessonLearned"],"picked":"MasterReality","floor":16},{"not_picked":["LessonLearned"],"picked":"Establishment","floor":33}],"player_experience":1317132,"relics_obtained":[{"floor":1,"key":"TeardropLocket"},{"floor":2,"key":"Shuriken"},{"floor":4,"key":"Bronze Scales"},{"floor":9,"key":"Vajra"},{"floor":11,"key":"Matryoshka"},{"floor":12,"key":"Mercury Hourglass"},{"floor":13,"key":"MealTicket"},{"floor":14,"key":"Toxic Egg 2"},{"floor":18,"key":"Meat on the Bone"},{"floor":20,"key":"Mummified Hand"},{"floor":21,"key":"Incense Burner"},{"floor":22,"key":"Potion Belt"},{"floor":24,"key":"Question Card"},{"floor":24,"key":"Happy Flower"},{"floor":26,"key":"Anchor"},{"floor":26,"key":"The Courier"},{"floor":27,"key":"Blood Vial"},{"floor":28,"key":"HornCleat"},{"floor":29,"key":"Smiling Mask"},{"floor":30,"key":"Ornamental Fan"},{"floor":31,"key":"Bottled Tornado"},{"floor":35,"key":"Lizard Tail"},{"floor":36,"key":"CeramicFish"},{"floor":37,"key":"Pear"},{"floor":38,"key":"Frozen Egg 2"},{"floor":39,"key":"Yang"},{"floor":42,"key":"Bottled Lightning"},{"floor":43,"key":"Letter Opener"},{"floor":45,"key":"Old Coin"},{"floor":46,"key":"Pen Nib"},{"floor":48,"key":"Bottled Flame"}],"event_choices":[{"damage_healed":0,"gold_gain":0,"player_choice":"Take Damage","damage_taken":18,"relics_obtained":["Golden Idol"],"max_hp_gain":0,"max_hp_loss":0,"event_name":"Golden Idol","floor":5,"gold_loss":0},{"damage_healed":0,"gold_gain":0,"player_choice":"Grow","damage_taken":0,"max_hp_gain":0,"max_hp_loss":0,"event_name":"Living Wall","floor":7,"gold_loss":0,"cards_upgraded":["Jack Of All Trades"]},{"damage_healed":0,"gold_gain":75,"player_choice":"Gather Gold","damage_taken":11,"max_hp_gain":0,"max_hp_loss":0,"event_name":"World of Goop","floor":8,"gold_loss":0},{"damage_healed":0,"gold_gain":77,"player_choice":"Gained Gold","damage_taken":0,"max_hp_gain":0,"max_hp_loss":0,"event_name":"Golden Wing","floor":10,"gold_loss":0},{"damage_healed":0,"gold_gain":0,"player_choice":"Read","damage_taken":0,"max_hp_gain":0,"max_hp_loss":0,"event_name":"The Library","floor":19,"gold_loss":0,"cards_obtained":["Perseverance"]},{"damage_healed":0,"gold_gain":0,"player_choice":"Max HP","damage_taken":0,"max_hp_gain":0,"max_hp_loss":4,"event_name":"Winding Halls","floor":41,"gold_loss":0},{"damage_healed":0,"gold_gain":0,"player_choice":"Upgrade","damage_taken":0,"max_hp_gain":0,"max_hp_loss":0,"event_name":"Designer","floor":44,"gold_loss":40,"cards_upgraded":["Establishment"]},{"cards_removed":["Perseverance"],"damage_healed":0,"gold_gain":0,"player_choice":"Removed Skill","damage_taken":0,"max_hp_gain":0,"max_hp_loss":0,"event_name":"Falling","floor":47,"gold_loss":0}],"is_beta":false,"boss_relics":[{"not_picked":["Philosopher\u0027s Stone","Sozu"],"picked":"Busted Crown"},{"not_picked":["Velvet Choker","VioletLotus"],"picked":"SlaversCollar"}],"items_purged_floors":[],"is_endless":false,"potions_floor_spawned":[2,11,12,16,20,21,27,28,33,35,36,39,45,48],"ascension_level":0}}