{"host":"h2zaclyrd1q1i31f","time":1610051265,"event":{"mods":["BaseMod","Colored Map","Downfall","Hermit","Minty Spire (QoL Compilation)","Permanent Neow","StSLib","SuperFastMode","The Hierophant","The Mystic"],"gold_per_floor":[99,117,133,133,50,78,78,111,21,21,31,49,49,34,47,146,146,71,84,45,145,164,164,164,164,195,211,226,243,75,75,91,194,194,194,207,221,221,240,270,324,324,341,354,368,368,293,121,140,140],"floor_reached":51,"playtime":2753,"items_purged":["Slimebound:Strike_Slimebound","Slimebound:Defend_Slimebound+1"],"score":786,"play_id":"686b3bf5-8661-445f-9c77-a82200530e6d","local_time":"20210107142745","is_ascension_mode":false,"campfire_choices":[{"data":"Slimebound:Split","floor":1,"key":"SMITH"},{"data":"Slimebound:LeadByExample","floor":10,"key":"SMITH"},{"data":"Slimebound:MassRepurpose","floor":13,"key":"SMITH"},{"data":"Slimebound:Teamwork","floor":18,"key":"SMITH"},{"data":"Slimebound:SlimeBarrage","floor":25,"key":"SMITH"},{"data":"Slimebound:RallyTheTroops","floor":35,"key":"SMITH"},{"floor":42,"key":"RECALL"},{"data":"Slimebound:TongueLash","floor":47,"key":"SMITH"}],"circlet_count":0,"master_deck":["Slimebound:Strike_Slimebound+1","Slimebound:Tackle","Slimebound:Defend_Slimebound+1","Slimebound:Defend_Slimebound+1","Slimebound:Defend_Slimebound+1","Slimebound:Split+1","Slimebound:CorrosiveSpit+1","Slimebound:Prepare","Slimebound:MegaLick","Slimebound:LeadByExample+1","Slimebound:MassRepurpose+1","Slimebound:PressTheAttack","Slimebound:TongueLash+1","Slimebound:LevelUp","Slimebound:RejuvenatingLick","Slimebound:Teamwork+1","Slimebound:SplitLeeching+1","Slimebound:Schlurp","Slimebound:DivideAndConquer","Slimebound:FormOfPuddle+1","Slimebound:SlimeBarrage+1","Slimebound:Schlurp+1","Slimebound:MinionMaster","Slimebound:SplitAcid+1","Slimebound:ServeAndProtect+1","Slimebound:RallyTheTroops+1","Slimebound:Replication+1","Slimebound:HauntingLick+1","Slimebound:MegaLick","Slimebound:LevelUp"],"relics":["Slimebound:AbsorbEndCombatUpgraded","Lantern","Ornamental Fan","TungstenRod","SlaversCollar","downfall:HeartBlessingGreen","Mummified Hand","Girya","White Beast Statue","Slimebound:MaxSlimesRelic","War Paint","Pantograph","Bronze Scales","downfall:HeartBlessingRed","Chemical X","Nunchaku","Happy Flower"],"acts_visited":["Exordium","TheCity","TheBeyond"],"potions_floor_usage":[6,6,14,22,26,26,27,30,33,40,43,48,50,50],"damage_taken":[{"damage":15,"enemies":"Small Slimes","floor":2,"turns":4},{"damage":9,"enemies":"Cultist","floor":3,"turns":3},{"damage":11,"enemies":"downfall:FleeingMerchant","floor":5,"turns":4},{"damage":8,"enemies":"3 Sentries","floor":6,"turns":4},{"damage":37,"enemies":"Lagavulin","floor":8,"turns":8},{"damage":9,"enemies":"downfall:FleeingMerchant","floor":9,"turns":4},{"damage":2,"enemies":"2 Louse","floor":11,"turns":1},{"damage":11,"enemies":"Red Slaver","floor":12,"turns":4},{"damage":8,"enemies":"downfall:FleeingMerchant","floor":14,"turns":4},{"damage":6,"enemies":"Blue Slaver","floor":15,"turns":3},{"damage":59,"enemies":"downfall:Ironclad","floor":16,"turns":12},{"damage":12,"enemies":"Chosen","floor":19,"turns":4},{"damage":9,"enemies":"downfall:FleeingMerchant","floor":20,"turns":4},{"damage":18,"enemies":"downfall:Watcher","floor":21,"turns":6},{"damage":5,"enemies":"Spheric Guardian","floor":22,"turns":4},{"damage":6,"enemies":"Slavers","floor":26,"turns":4},{"damage":10,"enemies":"Snecko","floor":27,"turns":5},{"damage":12,"enemies":"Shelled Parasite and Fungi","floor":28,"turns":4},{"damage":6,"enemies":"Chosen and Byrds","floor":29,"turns":4},{"damage":7,"enemies":"downfall:FleeingMerchant","floor":30,"turns":4},{"damage":21,"enemies":"Cultist and Chosen","floor":32,"turns":5},{"damage":15,"enemies":"downfall:Defect","floor":33,"turns":6},{"damage":16,"enemies":"Orb Walker","floor":36,"turns":4},{"damage":23,"enemies":"3 Shapes","floor":37,"turns":5},{"damage":9,"enemies":"Spire Growth","floor":39,"turns":5},{"damage":44,"enemies":"Reptomancer","floor":40,"turns":5},{"damage":20,"enemies":"Maw","floor":43,"turns":6},{"damage":6,"enemies":"4 Shapes","floor":44,"turns":4},{"damage":20,"enemies":"Transient","floor":45,"turns":5},{"damage":16,"enemies":"downfall:FleeingMerchant","floor":48,"turns":3},{"damage":18,"enemies":"Writhing Mass","floor":49,"turns":4},{"damage":23,"enemies":"downfall:Watcher","floor":50,"turns":6}],"seed_played":"-2226977615893444193","potions_obtained":[{"floor":2,"key":"AttackPotion"},{"floor":3,"key":"DistilledChaos"},{"floor":8,"key":"Explosive Potion"},{"floor":12,"key":"Block Potion"},{"floor":19,"key":"Slimebound:SpawnSlimePotion"},{"floor":21,"key":"SkillPotion"},{"floor":26,"key":"Ancient Potion"},{"floor":27,"key":"GamblersBrew"},{"floor":28,"key":"Guardian:BlockOnCardUsePotion"},{"floor":29,"key":"SkillPotion"},{"floor":30,"key":"Slimebound:SlimedPotion"},{"floor":36,"key":"BlessingOfTheForge"},{"floor":37,"key":"PowerPotion"},{"floor":43,"key":"Fruit Juice"},{"floor":44,"key":"Weak Potion"},{"floor":45,"key":"Block Potion"},{"floor":48,"key":"Strength Potion"}],"is_trial":false,"path_per_floor":["R","M","M","?","$","E","T","E","$","R","M","M","R","$","M","B",null,"R","M","$","?","M","?","T","R","E","M","M","M","$","?","M","B",null,"R","M","M","?","M","E","T","R","M","M","M","?","R","?","M","B",null],"character_chosen":"SLIMEBOUND","items_purchased":["Slimebound:LeadByExample","Slimebound:DivideAndConquer","War Paint","Chemical X","Nunchaku","Happy Flower"],"campfire_rested":0,"item_purchase_floors":[5,20,30,48,48,48],"current_hp_per_floor":[60,57,60,60,59,60,60,42,51,51,53,56,56,60,60,25,60,60,56,60,60,59,60,60,60,60,60,60,60,60,60,50,60,60,60,60,60,60,60,50,50,50,65,65,54,54,54,54,52,64],"gold":140,"neow_bonus":"REMOVE_CARD","is_daily":false,"chose_seed":false,"campfire_upgraded":7,"win_rate":0.0,"timestamp":1610051265,"path_taken":["R","M","M","?","$","E","T","E","$","R","M","M","R","?","M","BOSS","R","M","$","?","M","?","T","R","E","?","M","M","$","?","M","BOSS","R","M","M","?","?","E","T","R","M","M","M","?","R","?","M","BOSS"],"items_purchased_type":["Card","Card","Relic","Relic","Relic","Relic"],"build_version":"2020-12-22","purchased_purges":2,"victory":true,"max_hp_per_floor":[60,60,60,60,60,60,60,60,60,60,60,60,60,60,60,60,60,60,60,60,60,60,60,60,60,60,60,60,60,60,60,60,60,60,60,60,60,60,60,60,60,60,65,65,65,65,65,65,65,65],"card_choices":[{"not_picked":["Slimebound:Replication","Slimebound:SplitLeeching","Slimebound:ViciousTackle"],"picked":"SKIP","floor":2},{"not_picked":["Slimebound:SplitLeeching","Slimebound:RainOfGoop"],"picked":"Slimebound:Prepare","floor":3},{"not_picked":["Slimebound:ComboTackle","Slimebound:HauntingLick"],"picked":"Slimebound:MegaLick","floor":5},{"not_picked":["Slimebound:GoopSpray","Slimebound:Schlurp","Slimebound:RainOfGoop"],"picked":"SKIP","floor":6},{"not_picked":["Slimebound:DisruptingSlam","Slimebound:Nibble"],"picked":"Slimebound:MassRepurpose","floor":8},{"not_picked":["Slimebound:SlimeSpikes","Slimebound:LeechingTouch"],"picked":"Slimebound:PressTheAttack","floor":9},{"not_picked":["Slimebound:SlimeBrawl","Slimebound:GrowthPunch"],"picked":"Slimebound:TongueLash","floor":11},{"not_picked":["Slimebound:LeechingTouch","Slimebound:FormOfPuddle"],"picked":"Slimebound:LevelUp","floor":12},{"not_picked":["Slimebound:ComboTackle","Slimebound:FirmFortitude"],"picked":"Slimebound:ServeAndProtect","floor":14},{"not_picked":["Slimebound:GoopSpray","Slimebound:FinishingTackle"],"picked":"Slimebound:RejuvenatingLick","floor":15},{"not_picked":["Slimebound:DuplicatedForm","Slimebound:MassRepurpose"],"picked":"Slimebound:Teamwork","floor":16},{"not_picked":["Slimebound:GoopTackle","Slimebound:LevelUp+1"],"picked":"Slimebound:SplitLeeching+1","floor":19},{"not_picked":["Slimebound:SamplingLick+1","Slimebound:MegaLick+1"],"picked":"Slimebound:Schlurp","floor":20},{"not_picked":["Slimebound:LivingWall","Slimebound:ViciousTackle"],"picked":"Slimebound:FormOfPuddle+1","floor":21},{"not_picked":["Slimebound:FinishingTackle","Slimebound:SlimeBrawl"],"picked":"Slimebound:SlimeBarrage","floor":22},{"not_picked":["Slimebound:ServeAndProtect","Slimebound:PressTheAttack"],"picked":"Slimebound:Schlurp","floor":26},{"not_picked":["Slimebound:PressTheAttack","Slimebound:SplitMire"],"picked":"Slimebound:MinionMaster","floor":27},{"not_picked":["Slimebound:Schlurp","Slimebound:BestDefense+1"],"picked":"Slimebound:SplitAcid+1","floor":28},{"not_picked":["Slimebound:GoopSpray","Slimebound:GoopTackle"],"picked":"Slimebound:ServeAndProtect+1","floor":29},{"not_picked":["Slimebound:SlimeBrawl","Slimebound:LeechingTouch","Slimebound:DuplicatedForm"],"picked":"SKIP","floor":30},{"not_picked":["Slimebound:RollThrough+1","Slimebound:LeechingTouch+1","Slimebound:SplitMire"],"picked":"SKIP","floor":32},{"not_picked":["Slimebound:PrepareCrush","Slimebound:OozeBath"],"picked":"Slimebound:RallyTheTroops","floor":33},{"not_picked":["Slimebound:SpikyOuterGoop","Slimebound:RainOfGoop","Slimebound:Replication"],"picked":"SKIP","floor":36},{"not_picked":["Slimebound:ComboTackle","Slimebound:SplitMire+1"],"picked":"Slimebound:Replication+1","floor":37},{"not_picked":["Slimebound:ViciousTackle","Slimebound:SplitBruiser","Slimebound:LeechingTouch"],"picked":"SKIP","floor":39},{"not_picked":["Slimebound:SamplingLick+1","Slimebound:SplitLeeching+1"],"picked":"Slimebound:HauntingLick+1","floor":40},{"not_picked":["Slimebound:RollThrough","Slimebound:ComboTackle","Slimebound:SplitLeeching"],"picked":"SKIP","floor":43},{"not_picked":["Slimebound:LeechLife","Slimebound:ServeAndProtect","Slimebound:ComboTackle"],"picked":"SKIP","floor":44},{"not_picked":["Slimebound:FinishingTackle+1","Slimebound:SplitMire","Slimebound:SamplingLick"],"picked":"SKIP","floor":45},{"not_picked":["Slimebound:SlimeSlap","Slimebound:SlimeSpikes+1"],"picked":"Slimebound:MegaLick","floor":48},{"not_picked":["Slimebound:GoopTackle","Slimebound:RejuvenatingLick+1"],"picked":"Slimebound:LevelUp","floor":49}],"player_experience":141686,"relics_obtained":[{"floor":6,"key":"Lantern"},{"floor":7,"key":"Ornamental Fan"},{"floor":8,"key":"TungstenRod"},{"floor":21,"key":"Mummified Hand"},{"floor":21,"key":"Girya"},{"floor":24,"key":"White Beast Statue"},{"floor":26,"key":"Slimebound:MaxSlimesRelic"},{"floor":40,"key":"Pantograph"},{"floor":41,"key":"Bronze Scales"}],"event_choices":[{"damage_healed":0,"gold_gain":0,"player_choice":"Ignored","damage_taken":0,"max_hp_gain":0,"max_hp_loss":0,"event_name":"NoteForYourself","floor":4,"gold_loss":0},{"cards_removed":["Slimebound:ServeAndProtect"],"damage_healed":5,"gold_gain":0,"player_choice":"Offered Common","damage_taken":0,"max_hp_gain":0,"max_hp_loss":0,"event_name":"Bonfire Elementals","floor":23,"gold_loss":0},{"cards_removed":["Slimebound:ServeAndProtect"],"damage_healed":5,"gold_gain":0,"player_choice":"Offered Special","damage_taken":0,"max_hp_gain":0,"max_hp_loss":0,"event_name":"Bonfire Elementals","floor":23,"gold_loss":0},{"damage_healed":0,"gold_gain":0,"player_choice":"Simplicity","damage_taken":0,"max_hp_gain":0,"max_hp_loss":0,"event_name":"Back to Basics","floor":31,"gold_loss":0,"cards_upgraded":["Slimebound:Strike_Slimebound","Slimebound:Defend_Slimebound","Slimebound:Defend_Slimebound","Slimebound:Defend_Slimebound","Slimebound:Defend_Slimebound"]},{"damage_healed":0,"gold_gain":0,"player_choice":"Ignored","damage_taken":0,"max_hp_gain":0,"max_hp_loss":0,"event_name":"Transmorgrifier","floor":38,"gold_loss":0}],"is_beta":false,"boss_relics":[{"not_picked":["Tiny House","Runic Pyramid"],"picked":"SlaversCollar"},{"not_picked":["Astrolabe","Black Star"],"picked":"Slimebound:AbsorbEndCombatUpgraded"}],"items_purged_floors":[9,48],"is_endless":false,"potions_floor_spawned":[2,3,8,12,19,21,26,27,28,29,30,32,33,36,37,39,40,43,44,45,48,49],"ascension_level":0}}