{"host":"tw7a6rmo9h75ssrt","time":1610011626,"event":{"mods":["AchievementEnabler","Act Like it!","BaseMod","Colored Map","Highlight Path","Minty Spire (QoL Compilation)","Permanent Neow","Quick Restart","Relic Stats","SuperFastMode"],"gold_per_floor":[113,113,113,128,128,128,171,186,186,199,212,212,230,2,2,133,133,152,152,52,52,65,65,81,81,81,96,96,96,96,119,119,245,245,259,134,157,157,157,157,201,201,228,241,241,254,288,303,303,303],"floor_reached":51,"playtime":2018,"items_purged":["Strike_R","Strike_R","Strike_R"],"score":1210,"play_id":"b3a562b1-3156-4e2d-8856-f38f69e9c66f","local_time":"20210107172706","is_ascension_mode":true,"campfire_choices":[{"data":"Bash","floor":6.0,"key":"SMITH"},{"data":"Searing Blow","floor":12.0,"key":"SMITH"},{"data":"Searing Blow+1","floor":15.0,"key":"SMITH"},{"floor":23.0,"key":"REST"},{"data":"Searing Blow+2","floor":25.0,"key":"SMITH"},{"data":"Searing Blow+3","floor":29.0,"key":"SMITH"},{"data":"Searing Blow+4","floor":32.0,"key":"SMITH"},{"data":"Searing Blow+5","floor":40.0,"key":"SMITH"},{"data":"Searing Blow+6","floor":45,"key":"SMITH"},{"data":"Searing Blow+7","floor":49,"key":"SMITH"}],"circlet_count":0,"master_deck":["AscendersBane","Strike_R","Strike_R","Defend_R","Defend_R","Defend_R","Defend_R","Searing Blow+8","Necronomicurse","Shrug It Off","Ghostly","Ghostly","Ghostly","Ghostly","Ghostly","Dark Embrace+1","Violence","Headbutt+1","Second Wind+1","Battle Trance"],"relics":["Burning Blood","NeowsBlessing","Gremlin Horn","Golden Idol","Centennial Puzzle","Prayer Wheel","Brimstone","Sozu","Necronomicon","Shuriken","Philosopher\u0027s Stone","Darkstone Periapt","Pen Nib","Red Skull"],"acts_visited":["Exordium","TheCity","TheBeyond"],"potions_floor_usage":[],"damage_taken":[{"damage":0.0,"enemies":"2 Louse","floor":1.0,"turns":1.0},{"damage":0.0,"enemies":"Small Slimes","floor":4.0,"turns":1.0},{"damage":0.0,"enemies":"Gremlin Nob","floor":7.0,"turns":1.0},{"damage":7.0,"enemies":"Jaw Worm","floor":8.0,"turns":3.0},{"damage":17.0,"enemies":"Exordium Thugs","floor":10.0,"turns":6.0},{"damage":5.0,"enemies":"3 Louse","floor":11.0,"turns":3.0},{"damage":11.0,"enemies":"Lots of Slimes","floor":13.0,"turns":3.0},{"damage":19.0,"enemies":"Slime Boss","floor":16.0,"turns":6.0},{"damage":30.0,"enemies":"Shell Parasite","floor":18.0,"turns":4.0},{"damage":7.0,"enemies":"2 Thieves","floor":22.0,"turns":2.0},{"damage":3.0,"enemies":"Shelled Parasite and Fungi","floor":24.0,"turns":2.0},{"damage":1.0,"enemies":"3 Cultists","floor":27.0,"turns":3.0},{"damage":1.0,"enemies":"Snecko","floor":31.0,"turns":5.0},{"damage":3.0,"enemies":"Collector","floor":33.0,"turns":5.0},{"damage":1.0,"enemies":"Orb Walker","floor":35.0,"turns":3.0},{"damage":4.0,"enemies":"3 Darklings","floor":37.0,"turns":4.0},{"damage":1.0,"enemies":"Giant Head","floor":41.0,"turns":6.0},{"damage":6.0,"enemies":"4 Shapes","floor":44.0,"turns":5.0},{"damage":0,"enemies":"Jaw Worm Horde","floor":46,"turns":4},{"damage":0,"enemies":"Nemesis","floor":47,"turns":5},{"damage":0,"enemies":"Spire Growth","floor":48,"turns":4},{"damage":1,"enemies":"Awakened One","floor":50,"turns":6}],"seed_played":"5254036531228693397","potions_obtained":[{"floor":7.0,"key":"BloodPotion"},{"floor":10.0,"key":"FearPotion"}],"is_trial":false,"path_per_floor":["M","?","?","M","?","R","E","M","T","M","M","R","M","$","R","B",null,"M","?","$","?","M","R","M","R","T","M","?","R","$","M","R","B",null,"M","$","M","?","?","R","E","?","T","M","R","M","E","M","R","B",null],"character_chosen":"IRONCLAD","items_purchased":["Brimstone"],"campfire_rested":1,"item_purchase_floors":[14],"current_hp_per_floor":[78,71,71,74,74,74,74,73,73,62,63,63,58,58,58,45,67,43,27,27,27,40,62,65,65,65,70,37,37,37,37,37,37,37,37,37,37,37,37,37,37,37,37,37,37,37,37,37,37,37],"gold":303,"neow_bonus":"THREE_ENEMY_KILL","is_daily":false,"chose_seed":false,"campfire_upgraded":9,"win_rate":0.0,"timestamp":1610011626,"path_taken":["M","?","?","M","?","R","E","M","T","M","M","R","M","?","R","BOSS","M","?","$","?","M","R","M","R","T","?","?","R","$","M","R","BOSS","M","$","M","?","?","R","E","?","T","M","R","M","E","M","R","BOSS"],"items_purchased_type":["Relic"],"build_version":"2020-12-22","purchased_purges":3,"victory":true,"max_hp_per_floor":[80,80,74,74,74,74,74,74,74,74,74,74,74,74,74,74,74,74,74,74,74,74,74,74,74,74,74,37,37,37,37,37,37,37,37,37,37,37,37,37,37,37,37,37,37,37,37,37,37,37],"relic_stats":{"Sozu":8,"Darkstone Periapt":0,"Centennial Puzzle":[48],"Gremlin Horn":[27,27],"counters":[22,82],"Golden Idol":157,"Shuriken":[12],"Prayer Wheel":15,"Pen Nib":[3],"Necronomicon":[32],"obtain_stats":[{"Darkstone Periapt":41,"NeowsBlessing":0,"Gremlin Horn":2,"Golden Idol":3,"Pen Nib":43,"Burning Blood":0,"Sozu":17,"Centennial Puzzle":7,"Brimstone":14,"Shuriken":26,"Prayer Wheel":9,"Philosopher\u0027s Stone":34,"Necronomicon":19,"Red Skull":47},{"Darkstone Periapt":17,"NeowsBlessing":0,"Gremlin Horn":1,"Golden Idol":1,"Pen Nib":17,"Burning Blood":0,"Sozu":8,"Centennial Puzzle":3,"Brimstone":7,"Shuriken":11,"Prayer Wheel":4,"Philosopher\u0027s Stone":14,"Necronomicon":9,"Red Skull":20},{"Darkstone Periapt":58,"NeowsBlessing":0,"Gremlin Horn":1,"Golden Idol":1,"Pen Nib":58,"Burning Blood":0,"Sozu":24,"Centennial Puzzle":3,"Brimstone":18,"Shuriken":32,"Prayer Wheel":6,"Philosopher\u0027s Stone":45,"Necronomicon":28,"Red Skull":72}],"Burning Blood":80},"card_choices":[{"not_picked":["Clash","Rampage","Perfected Strike"],"picked":"SKIP","floor":1.0},{"not_picked":["Combust","Body Slam","Anger"],"picked":"SKIP","floor":4.0},{"not_picked":["Sever Soul","Clothesline"],"picked":"Searing Blow","floor":7.0},{"not_picked":["Entrench","Ghostly Armor","Heavy Blade"],"picked":"SKIP","floor":8.0},{"not_picked":["Whirlwind","Iron Wave","Impervious"],"picked":"SKIP","floor":10.0},{"not_picked":["True Grit","Shockwave","Pommel Strike"],"picked":"SKIP","floor":10.0},{"not_picked":["Clash","Combust","Clothesline"],"picked":"SKIP","floor":11.0},{"not_picked":["Iron Wave","Flex","Thunderclap"],"picked":"SKIP","floor":11.0},{"not_picked":["Anger","Shockwave","Metallicize"],"picked":"SKIP","floor":13.0},{"not_picked":["Intimidate","Clash","Clothesline"],"picked":"SKIP","floor":13.0},{"not_picked":["Headbutt+1","Perfected Strike+1","Power Through+1"],"picked":"SKIP","floor":18.0},{"not_picked":["Spot Weakness","Clash","Disarm"],"picked":"SKIP","floor":18.0},{"not_picked":["True Grit+1","Headbutt","Havoc"],"picked":"SKIP","floor":22.0},{"not_picked":["Pommel Strike","Evolve","Combust+1"],"picked":"SKIP","floor":22.0},{"not_picked":["Feel No Pain+1","Hemokinesis"],"picked":"Shrug It Off","floor":24.0},{"not_picked":["Evolve","Perfected Strike","Heavy Blade"],"picked":"SKIP","floor":24.0},{"not_picked":["Iron Wave","Anger","Headbutt"],"picked":"SKIP","floor":27.0},{"not_picked":["Headbutt","Wild Strike+1","Body Slam+1"],"picked":"SKIP","floor":27.0},{"not_picked":["Havoc","Metallicize","Rage"],"picked":"SKIP","floor":31.0},{"not_picked":["Armaments","Body Slam","Heavy Blade+1"],"picked":"SKIP","floor":31.0},{"not_picked":["Anger","True Grit","Thunderclap+1"],"picked":"SKIP","floor":35.0},{"not_picked":["Sword Boomerang+1","Cleave","Rupture+1"],"picked":"SKIP","floor":35.0},{"not_picked":["Pommel Strike","Iron Wave+1"],"picked":"Dark Embrace+1","floor":37.0},{"not_picked":["Flame Barrier+1","Fire Breathing","Perfected Strike"],"picked":"SKIP","floor":37.0},{"not_picked":["Discovery","Forethought"],"picked":"Violence","floor":38.0},{"not_picked":["Offering","Berserk","Infernal Blade+1"],"picked":"SKIP","floor":41.0},{"not_picked":["Battle Trance","Power Through"],"picked":"Headbutt+1","floor":44},{"not_picked":["Thunderclap","Spot Weakness","Clothesline"],"picked":"SKIP","floor":44},{"not_picked":["Metallicize+1","Sword Boomerang+1","Hemokinesis+1"],"picked":"SKIP","floor":46},{"not_picked":["Thunderclap","Inflame","Infernal Blade"],"picked":"SKIP","floor":46},{"not_picked":["Perfected Strike+1","Hemokinesis+1"],"picked":"Second Wind+1","floor":47},{"not_picked":["Armaments+1","Sever Soul+1"],"picked":"Battle Trance","floor":48},{"not_picked":["Feel No Pain+1","Searing Blow+1","Havoc+1"],"picked":"SKIP","floor":48}],"player_experience":69786,"relics_obtained":[{"floor":7.0,"key":"Centennial Puzzle"},{"floor":9.0,"key":"Prayer Wheel"},{"floor":19.0,"key":"Necronomicon"},{"floor":26.0,"key":"Shuriken"},{"floor":41.0,"key":"Darkstone Periapt"},{"floor":43.0,"key":"Pen Nib"},{"floor":47,"key":"Red Skull"}],"event_choices":[{"damage_healed":0.0,"max_hp_gain":0.0,"max_hp_loss":0.0,"gold_gain":0.0,"event_name":"Scrap Ooze","player_choice":"Success","floor":2.0,"gold_loss":0.0,"damage_taken":7.0,"relics_obtained":["Gremlin Horn"]},{"damage_healed":0.0,"max_hp_gain":0.0,"max_hp_loss":6.0,"gold_gain":0.0,"event_name":"Golden Idol","player_choice":"Lose Max HP","floor":3.0,"gold_loss":0.0,"damage_taken":0.0,"relics_obtained":["Golden Idol"]},{"damage_healed":0.0,"max_hp_gain":0.0,"max_hp_loss":0.0,"gold_gain":0.0,"event_name":"Shining Light","player_choice":"Ignored","floor":5.0,"gold_loss":0.0,"damage_taken":0.0},{"damage_healed":0.0,"max_hp_gain":0.0,"max_hp_loss":0.0,"gold_gain":0.0,"event_name":"Cursed Tome","player_choice":"Obtained Book","floor":19.0,"gold_loss":0.0,"damage_taken":16.0},{"damage_healed":0.0,"max_hp_gain":0.0,"max_hp_loss":0.0,"gold_gain":0.0,"event_name":"Lab","player_choice":"Got Potions","floor":21.0,"gold_loss":0.0,"damage_taken":0.0},{"damage_healed":0.0,"max_hp_gain":0.0,"max_hp_loss":37.0,"gold_gain":0.0,"event_name":"Ghosts","player_choice":"Became a Ghost","floor":28.0,"gold_loss":0.0,"damage_taken":0.0,"cards_obtained":["Ghostly","Ghostly","Ghostly","Ghostly","Ghostly"]},{"damage_healed":0.0,"max_hp_gain":0.0,"max_hp_loss":0.0,"gold_gain":0.0,"event_name":"SensoryStone","player_choice":"Memory 1","floor":38.0,"gold_loss":0.0,"damage_taken":0.0},{"damage_healed":0.0,"max_hp_gain":0.0,"max_hp_loss":0.0,"gold_gain":0.0,"event_name":"Tomb of Lord Red Mask","player_choice":"Ignored","floor":39.0,"gold_loss":0.0,"damage_taken":0.0},{"cards_removed":["Bash"],"damage_healed":0.0,"max_hp_gain":0.0,"max_hp_loss":0.0,"gold_gain":0.0,"event_name":"Falling","player_choice":"Removed Attack","floor":42.0,"gold_loss":0.0,"damage_taken":0.0}],"is_beta":false,"boss_relics":[{"not_picked":["SacredBark","Calling Bell"],"picked":"Sozu"},{"not_picked":["Runic Dome","Busted Crown"],"picked":"Philosopher\u0027s Stone"}],"items_purged_floors":[14,20,36],"is_endless":false,"potions_floor_spawned":[7,10,13,18,22,27,35,41,44],"ascension_level":11}}