{"host":"fn5w42qzz69x191g","time":1610021839,"event":{"mods":["BaseMod","KOR Keyword Fix","Minty Spire (QoL Compilation)","Replay The Spire","StSLib","SuperFastMode","The Jungle","The Poker Player"],"gold_per_floor":[112,129,129,139,139,172,172,172,172],"floor_reached":8,"playtime":278,"items_purged":[],"score":56,"play_id":"bb4df952-9010-43ef-a08e-7c23a2d9f7e6","local_time":"20210107211719","is_ascension_mode":false,"campfire_choices":[{"data":"Replay:Anticipation","floor":7,"key":"SMITH"}],"circlet_count":0,"master_deck":["Strike_P","Strike_P","Strike_P","Strike_P","Defend_P","Defend_P","Defend_P","Defend_P","Eruption+1","Vigilance","Swift Strike","Evaluate+1","Protect","Replay:Hum","Replay:Anticipation+1"],"relics":["PureWater","Replay:Rubber Ducky"],"acts_visited":["Exordium"],"potions_floor_usage":[],"damage_taken":[{"damage":2,"enemies":"Cultist","floor":1,"turns":3},{"damage":0,"enemies":"2 Louse","floor":2,"turns":2},{"damage":3,"enemies":"Jaw Worm","floor":4,"turns":3},{"damage":6,"enemies":"3 Sentries","floor":6,"turns":10},{"damage":1,"enemies":"Gremlin Nob","floor":8,"turns":5}],"seed_played":"-3630168005301714230","potions_obtained":[{"floor":2,"key":"Venom Potion"}],"is_trial":false,"path_per_floor":["M","M","?","M","?","E","R","E"],"character_chosen":"WATCHER","items_purchased":[],"campfire_rested":0,"item_purchase_floors":[],"current_hp_per_floor":[70,70,70,67,67,61,61,60,60],"gold":172,"neow_bonus":"RANDOM_COLORLESS","is_daily":false,"chose_seed":false,"campfire_upgraded":1,"win_rate":0.0,"timestamp":1610021839,"path_taken":["M","M","?","M","?","E","R","E"],"items_purchased_type":[],"build_version":"2020-12-22","purchased_purges":0,"victory":false,"max_hp_per_floor":[72,72,72,72,72,72,72,72,72],"card_choices":[{"not_picked":["Dramatic Entrance","Panacea"],"picked":"Swift Strike","floor":0},{"not_picked":["Meditate","Tantrum"],"picked":"Evaluate","floor":1},{"not_picked":["Prostrate","BowlingBash"],"picked":"Protect","floor":2},{"not_picked":["Protect","LikeWater"],"picked":"Replay:Hum","floor":4},{"not_picked":["ThirdEye","Replay:Cycle"],"picked":"Replay:Anticipation","floor":6}],"player_experience":521394,"relics_obtained":[{"floor":6,"key":"Replay:Rubber Ducky"}],"event_choices":[{"damage_healed":0,"gold_gain":0,"player_choice":"Grow","damage_taken":0,"max_hp_gain":0,"max_hp_loss":0,"event_name":"Living Wall","floor":3,"gold_loss":0,"cards_upgraded":["Eruption"]}],"is_beta":false,"boss_relics":[],"items_purged_floors":[],"is_endless":false,"potions_floor_spawned":[2],"killed_by":"Gremlin Nob","ascension_level":0}}