{"host":"x205naxbihvu3p76","time":1610015450,"event":{"mods":["AchievementEnabler","BaseMod","Minty Spire (QoL Compilation)","StSLib","SuperFastMode"],"gold_per_floor":[113,113,38,50,64,96,96,128,177,177,187,200,200,135,135,135,135],"floor_reached":16,"playtime":248,"items_purged":["Strike_B"],"score":215,"play_id":"b1810ee5-b99d-4afb-a79e-b93d6a4b9883","local_time":"20210107193050","is_ascension_mode":true,"campfire_choices":[{"floor":7,"key":"REST"},{"floor":10,"key":"REST"},{"floor":15,"key":"REST"}],"circlet_count":0,"master_deck":["AscendersBane","Strike_B","Strike_B","Defend_B","Defend_B","Defend_B","Defend_B","Zap","Dualcast","Doom and Gloom","Fusion","Go for the Eyes","Turbo","Genetic Algorithm","Beam Cell"],"relics":["Cracked Core","NeowsBlessing","Ornamental Fan","Lantern","Regal Pillow"],"acts_visited":["Exordium"],"potions_floor_usage":[6],"damage_taken":[{"damage":0,"enemies":"Cultist","floor":1,"turns":1},{"damage":0,"enemies":"Small Slimes","floor":4,"turns":1},{"damage":0,"enemies":"Jaw Worm","floor":5,"turns":1},{"damage":40,"enemies":"3 Sentries","floor":6,"turns":7},{"damage":32,"enemies":"Gremlin Nob","floor":8,"turns":4},{"damage":11,"enemies":"Blue Slaver","floor":11,"turns":4},{"damage":15,"enemies":"Gremlin Gang","floor":12,"turns":3},{"damage":57,"enemies":"Slime Boss","floor":16,"turns":11}],"seed_played":"-1636597114205180000","potions_obtained":[{"floor":1,"key":"Fire Potion"},{"floor":6,"key":"Ancient Potion"},{"floor":8,"key":"Strength Potion"}],"is_trial":false,"path_per_floor":["M","?","$","M","M","E","R","E","T","R","M","M","?","?","R","B"],"character_chosen":"DEFECT","items_purchased":[],"campfire_rested":3,"item_purchase_floors":[],"current_hp_per_floor":[64,60,60,60,60,20,41,9,9,45,34,19,19,19,55,0,0],"gold":135,"neow_bonus":"THREE_ENEMY_KILL","is_daily":false,"chose_seed":false,"campfire_upgraded":0,"win_rate":0.0,"timestamp":1610015450,"path_taken":["M","?","$","?","M","E","R","E","T","R","M","M","?","?","R","BOSS"],"items_purchased_type":[],"build_version":"2020-12-22","purchased_purges":1,"victory":false,"max_hp_per_floor":[71,71,71,71,71,71,71,71,71,71,71,71,71,71,71,71,71],"card_choices":[{"not_picked":["Ball Lightning","Darkness"],"picked":"Doom and Gloom","floor":1},{"not_picked":["Rip and Tear","Self Repair"],"picked":"Fusion","floor":4},{"not_picked":["Rebound","Redo"],"picked":"Go for the Eyes","floor":5},{"not_picked":["Redo","Fission"],"picked":"Turbo","floor":6},{"not_picked":["Reinforced Body","Tempest","Sweeping Beam"],"picked":"SKIP","floor":8},{"not_picked":["Barrage","Recycle"],"picked":"Genetic Algorithm","floor":11},{"not_picked":["Leap","Consume","Turbo"],"picked":"SKIP","floor":12}],"player_experience":956387,"relics_obtained":[{"floor":6,"key":"Ornamental Fan"},{"floor":8,"key":"Lantern"},{"floor":9,"key":"Regal Pillow"}],"event_choices":[{"damage_healed":0,"gold_gain":0,"player_choice":"Bought 0 Potions","damage_taken":0,"max_hp_gain":0,"max_hp_loss":0,"event_name":"The Woman in Blue","floor":2,"gold_loss":0},{"damage_healed":0,"gold_gain":0,"cards_transformed":["Strike_B"],"player_choice":"Change","damage_taken":0,"max_hp_gain":0,"max_hp_loss":0,"event_name":"Living Wall","floor":13,"gold_loss":0,"cards_obtained":["Beam Cell"]},{"damage_healed":0,"gold_gain":0,"player_choice":"Left Gold","damage_taken":0,"max_hp_gain":0,"max_hp_loss":0,"event_name":"World of Goop","floor":14,"gold_loss":65}],"is_beta":false,"boss_relics":[],"items_purged_floors":[3],"is_endless":false,"potions_floor_spawned":[1,6,8,11,12],"killed_by":"Slime Boss","ascension_level":19}}