{"host":"zxkjcgzis4pm3za5","time":1610042811,"event":{"mods":["AchievementEnabler","BaseMod","Colored Map","Colored Powertips","Minty Spire (QoL Compilation)","Quick Restart","RNG Fix","Random Character Button","StSLib"],"gold_per_floor":[109,109,109,129,143,177,177,177,177],"floor_reached":8,"playtime":227,"items_purged":[],"score":92,"play_id":"6d3d30d0-3fd9-482b-bb0b-5f56914bece6","local_time":"20210107233651","is_ascension_mode":true,"campfire_choices":[{"data":"Zap","floor":7,"key":"SMITH"}],"circlet_count":0,"master_deck":["AscendersBane","Strike_B","Strike_B","Strike_B","Strike_B","Defend_B+1","Defend_B","Defend_B","Defend_B+1","Zap+1","Dualcast","Sweeping Beam","Parasite","Rip and Tear","Thunder Strike","All For One"],"relics":["Cursed Key","WingedGreaves","Mango"],"acts_visited":["Exordium"],"potions_floor_usage":[6],"damage_taken":[{"damage":1,"enemies":"Cultist","floor":1,"turns":4},{"damage":0,"enemies":"2 Louse","floor":4,"turns":2},{"damage":10,"enemies":"Small Slimes","floor":5,"turns":2},{"damage":28,"enemies":"Lagavulin","floor":6,"turns":7},{"damage":34,"enemies":"3 Sentries","floor":8,"turns":4}],"seed_played":"-6852800408233350499","potions_obtained":[{"floor":1,"key":"PowerPotion"},{"floor":5,"key":"EssenceOfSteel"}],"is_trial":false,"path_per_floor":["M","?","T","M","M","E","R","E"],"character_chosen":"DEFECT","items_purchased":[],"campfire_rested":0,"item_purchase_floors":[],"current_hp_per_floor":[67,52,52,52,42,28,28,0,0],"gold":177,"neow_bonus":"BOSS_RELIC","is_daily":false,"chose_seed":false,"campfire_upgraded":1,"win_rate":0.0,"timestamp":1610042811,"path_taken":["M","?","?","?","M","E","R","E"],"items_purchased_type":[],"build_version":"2020-12-22","purchased_purges":0,"victory":false,"max_hp_per_floor":[75,75,75,75,75,89,89,89,89],"card_choices":[{"not_picked":["Go for the Eyes","Aggregate"],"picked":"Sweeping Beam","floor":1},{"not_picked":["Cold Snap","Gash"],"picked":"Rip and Tear","floor":4},{"not_picked":["Barrage","Stack"],"picked":"Thunder Strike","floor":5},{"not_picked":["Redo","Recycle"],"picked":"All For One","floor":6}],"player_experience":192563,"relics_obtained":[{"floor":3,"key":"WingedGreaves"},{"floor":6,"key":"Mango"}],"event_choices":[{"damage_healed":0,"gold_gain":0,"player_choice":"Entered Light","damage_taken":15,"max_hp_gain":0,"max_hp_loss":0,"event_name":"Shining Light","floor":2,"gold_loss":0,"cards_upgraded":["Defend_B","Defend_B"]}],"is_beta":false,"boss_relics":[],"items_purged_floors":[],"is_endless":false,"potions_floor_spawned":[1,5],"killed_by":"3 Sentries","ascension_level":13}}