{"host":"duxoyu97j36znyap","time":1610006484,"event":{"mods":["AlwaysNeverKeys","BaseMod","Bestiary","BetterRewards","Colored Map","DeckTracker","Filter the Spire","Googly Eyes","Minty Spire (QoL Compilation)","Permanent Neow","Rare Cards Sparkle","Relic Stats","StSLib"],"gold_per_floor":[111,131,131,206,356,356,390,23,47,47,47,75,75,95,95,168,168,168],"floor_reached":17,"playtime":339,"items_purged":["Doubt"],"score":282,"play_id":"604308af-65ea-4b83-b386-fa55f0b8f361","local_time":"20210107030124","is_ascension_mode":true,"campfire_choices":[{"data":"Flex","floor":6,"key":"SMITH"},{"data":"Immolate","floor":10,"key":"SMITH"},{"data":"Double Tap","floor":13,"key":"SMITH"},{"data":"Searing Blow","floor":15,"key":"SMITH"}],"circlet_count":0,"master_deck":["AscendersBane","Strike_R","Strike_R","Strike_R+1","Strike_R+1","Defend_R","Defend_R","Defend_R","Defend_R","Bash","Thunderclap","Flex+1","Disarm","Immolate+1","Double Tap+1","Searing Blow+1","Echo Form"],"relics":["Black Star","Orichalcum","Whetstone","PrismaticShard","MealTicket","Kunai","Potion Belt","Philosopher\u0027s Stone"],"acts_visited":["Exordium","TheCity"],"potions_floor_usage":[7],"damage_taken":[{"damage":2,"enemies":"Jaw Worm","floor":1,"turns":3},{"damage":4,"enemies":"2 Louse","floor":2,"turns":3},{"damage":16,"enemies":"Gremlin Nob","floor":7,"turns":3},{"damage":5,"enemies":"3 Sentries","floor":12,"turns":3},{"damage":0,"enemies":"Cultist","floor":14,"turns":2},{"damage":30,"enemies":"Slime Boss","floor":16,"turns":8}],"seed_played":"-4692915366836745688","potions_obtained":[{"floor":1,"key":"Swift Potion"},{"floor":2,"key":"AttackPotion"},{"floor":12,"key":"Swift Potion"}],"is_trial":false,"path_per_floor":["M","M","?","?","?","R","E","$","T","R","$","E","R","M","R","B",null],"character_chosen":"IRONCLAD","items_purchased":["Immolate","PrismaticShard"],"campfire_rested":0,"item_purchase_floors":[8,8],"current_hp_per_floor":[66,62,55,44,44,44,28,28,28,28,43,38,38,38,38,8,58,58],"gold":168,"neow_bonus":"BOSS_RELIC","is_daily":false,"chose_seed":false,"campfire_upgraded":4,"win_rate":0.0,"timestamp":1610006484,"path_taken":["M","M","?","?","?","R","E","$","T","R","$","E","R","M","R","BOSS"],"items_purchased_type":["Card","Relic"],"build_version":"2020-12-22","purchased_purges":1,"victory":false,"max_hp_per_floor":[75,75,75,75,75,75,75,75,75,75,75,75,75,75,75,75,75,75],"relic_stats":{"counters":[6,22],"MealTicket":15,"Black Star":2,"Whetstone":["Strike_R","Strike_R"],"Kunai":[1],"Orichalcum":[54],"obtain_stats":[{"Potion Belt":12,"MealTicket":9,"Philosopher\u0027s Stone":17,"Black Star":0,"Whetstone":7,"Kunai":12,"Orichalcum":7,"PrismaticShard":8,"Burning Blood":0},{"Potion Belt":4,"MealTicket":3,"Philosopher\u0027s Stone":6,"Black Star":0,"Whetstone":3,"Kunai":4,"Orichalcum":3,"PrismaticShard":3,"Burning Blood":0},{"Potion Belt":12,"MealTicket":9,"Philosopher\u0027s Stone":22,"Black Star":0,"Whetstone":9,"Kunai":12,"Orichalcum":9,"PrismaticShard":9,"Burning Blood":0}]},"card_choices":[{"not_picked":["Twin Strike","Perfected Strike"],"picked":"Thunderclap","floor":1},{"not_picked":["Warcry","Rupture"],"picked":"Flex","floor":2},{"not_picked":["Perfected Strike","Sever Soul"],"picked":"Disarm","floor":7},{"not_picked":["Prostrate","Dodge and Roll"],"picked":"Double Tap","floor":12},{"not_picked":["Prepared","Cleave"],"picked":"Searing Blow","floor":14},{"not_picked":["Metamorphosis","MasterReality"],"picked":"Echo Form","floor":16}],"player_experience":551506,"relics_obtained":[{"floor":7,"key":"Orichalcum"},{"floor":7,"key":"Whetstone"},{"floor":9,"key":"MealTicket"},{"floor":12,"key":"Kunai"},{"floor":12,"key":"Potion Belt"}],"event_choices":[{"cards_removed":["Strike_R"],"damage_healed":0,"gold_gain":0,"player_choice":"Card Removal","damage_taken":7,"max_hp_gain":0,"max_hp_loss":0,"event_name":"Golden Wing","floor":3,"gold_loss":0},{"damage_healed":0,"gold_gain":75,"player_choice":"Gather Gold","damage_taken":11,"max_hp_gain":0,"max_hp_loss":0,"event_name":"World of Goop","floor":4,"gold_loss":0},{"damage_healed":0,"gold_gain":150,"player_choice":"AGREE","damage_taken":0,"max_hp_gain":0,"max_hp_loss":0,"event_name":"Liars Game","floor":5,"gold_loss":0,"cards_obtained":["Doubt"]}],"is_beta":false,"boss_relics":[{"not_picked":["Runic Cube","Velvet Choker"],"picked":"Philosopher\u0027s Stone"}],"items_purged_floors":[8],"is_endless":false,"potions_floor_spawned":[1,2,12],"ascension_level":15}}