{"host":"kabf61oc9jgfwufg","time":1610033629,"event":{"mods":["AchievementEnabler","Act Like it!","Aspiration","BaseMod","Conspire","GifTheSpireLib","Halation","HexUI Lib","Hubris","Infinite Spire","Minty Spire (QoL Compilation)","Quick Restart","Rare Cards Sparkle","Replay The Spire","Shop Mod","StSLib","Waifu the Spire"],"gold_per_floor":[115,146,162,162,180,180,30,49,76,50,81,99,294,294,294,396,396,409,409,429,429,65,65,77,112,112,112,112,112,126,1,0,11,11,11,11],"floor_reached":35,"playtime":1284,"items_purged":["Strike_B","Defend_B","Injury"],"score":275,"play_id":"8bc2f06f-4220-4f9a-9db2-b7eeaf7b68c0","local_time":"20210107153349","is_ascension_mode":false,"campfire_choices":[{"data":"Zap","floor":6,"key":"SMITH"},{"floor":15,"key":"REST"},{"data":"Storm","floor":23,"key":"SMITH"},{"floor":29,"key":"REST"},{"floor":34,"key":"REST"}],"circlet_count":0,"master_deck":["Strike_B","Strike_B","Strike_B","Defend_B","Defend_B+1","Defend_B","Zap+1","Dualcast","Replay:Parry","hubris:Ukulele","Panic Button+1","hubris:Ukulele","Redo+1","Thunder Strike","Panic Button+1","Tempest+1","conspire:Rain+1","Amplify+1","Capacitor+1","ReplayTheSpireMod:Dual Polarity+1","Storm+1","Double Energy+1","hubris:Ukulele","Barrage+1"],"relics":["Cracked Core","halation:KoshaPiece","Toxic Egg 2","Dream Catcher","White Beast Statue","Letter Opener","Sozu","Nuclear Battery","MerchantsRug","Mercury Hourglass","aspiration:FaultyCoupler","Gremlin Food"],"acts_visited":["Exordium","TheCity"],"potions_floor_usage":[16,24,25],"damage_taken":[{"damage":0,"enemies":"Small Slimes","floor":1,"turns":3},{"damage":16,"enemies":"conspire:MimicChest","floor":2,"turns":4},{"damage":6,"enemies":"Jaw Worm","floor":3,"turns":2},{"damage":0,"enemies":"2 Louse","floor":5,"turns":3},{"damage":0,"enemies":"Looter","floor":8,"turns":2},{"damage":8,"enemies":"3 Sentries","floor":11,"turns":5},{"damage":17,"enemies":"Large Slime","floor":12,"turns":6},{"damage":62,"enemies":"Fading Forest","floor":16,"turns":11},{"damage":0,"enemies":"Spheric Guardian","floor":18,"turns":1},{"damage":20,"enemies":"Shell Parasite","floor":20,"turns":3},{"damage":5,"enemies":"Cultist and Chosen","floor":24,"turns":3},{"damage":25,"enemies":"Book of Stabbing","floor":25,"turns":3},{"damage":0,"enemies":"Snecko","floor":30,"turns":2},{"damage":21,"enemies":"Centurion and Healer","floor":33,"turns":4},{"damage":55,"enemies":"Collector","floor":35,"turns":7}],"seed_played":"-8989492379685285473","potions_obtained":[{"floor":2,"key":"Strength Potion"},{"floor":3,"key":"Adrenaline Potion"},{"floor":5,"key":"PowerPotion"},{"floor":16,"key":"AttackPotion"}],"is_trial":false,"path_per_floor":["M","?","M","?","M","R","$","M","T","$","E","M","?","T","R","B",null,"M","?","M","?","$","R","M","E","T","PTL","PTL","R","M","$","?","M","R","B"],"character_chosen":"DEFECT","items_purchased":["hubris:Ukulele","Redo+1","MerchantsRug","Storm","Mercury Hourglass","Double Energy+1"],"campfire_rested":3,"item_purchase_floors":[7,10,22,22,22,22],"current_hp_per_floor":[75,59,53,53,53,53,53,53,53,53,45,28,28,28,50,8,75,75,75,55,55,55,55,50,25,25,25,25,47,47,47,47,26,48,0,0],"gold":11,"neow_bonus":"RANDOM_COLORLESS","is_daily":false,"chose_seed":false,"campfire_upgraded":2,"win_rate":0.0,"timestamp":1610033629,"path_taken":["M","?","M","?","M","R","$","M","T","$","E","M","?","?","R","BOSS","M","?","M","?","$","R","M","E","T","PTL","PTL","R","M","$","?","M","R","BOSS"],"items_purchased_type":["Card","Card","Relic","Card","Relic","Card"],"build_version":"2020-12-22","purchased_purges":3,"victory":false,"max_hp_per_floor":[75,75,75,75,75,75,75,75,75,75,75,75,75,75,75,75,75,75,75,75,75,75,75,75,75,75,75,75,75,75,75,75,75,75,75,75],"card_choices":[{"not_picked":["Trip","Mind Blast"],"picked":"Replay:Parry","floor":0},{"not_picked":["Ball Lightning","Force Field"],"picked":"hubris:Ukulele","floor":1},{"not_picked":["Reprogram","Lockon","Stack"],"picked":"SKIP","floor":3},{"not_picked":["ReplayTheSpireMod:Repulse+1","Sweeping Beam"],"picked":"Panic Button+1","floor":5},{"not_picked":["Leap+1","conspire:SharedLibrary","Streamline"],"picked":"SKIP","floor":8},{"not_picked":["Darkness+1","Hologram+1"],"picked":"Thunder Strike","floor":11},{"not_picked":["Streamline","Steam+1"],"picked":"Panic Button+1","floor":12},{"not_picked":["Self Repair","Go for the Eyes"],"picked":"Tempest+1","floor":13},{"not_picked":["Steam+1","Reinforced Body+1"],"picked":"conspire:Rain+1","floor":15},{"not_picked":["All For One","Seek+1"],"picked":"Amplify+1","floor":16},{"not_picked":["aspiration:Polymerization+1","Hello World"],"picked":"Capacitor+1","floor":18},{"not_picked":["Cold Snap","Steam+1","Sweeping Beam"],"picked":"SKIP","floor":20},{"not_picked":["Coolheaded+1","Barrage","Steam+1"],"picked":"SKIP","floor":24},{"not_picked":["Go for the Eyes","ReplaySolidLightProjector+1","Cold Snap"],"picked":"SKIP","floor":25},{"not_picked":["Steam+1","BasicCrystalCard+1"],"picked":"hubris:Ukulele","floor":30},{"not_picked":["Melter","Coolheaded+1"],"picked":"Barrage","floor":33}],"player_experience":65584,"relics_obtained":[{"floor":2,"key":"halation:KoshaPiece"},{"floor":9,"key":"Dream Catcher"},{"floor":11,"key":"White Beast Statue"},{"floor":14,"key":"Letter Opener"},{"floor":25,"key":"aspiration:FaultyCoupler"},{"floor":26,"key":"Gremlin Food"}],"event_choices":[{"damage_healed":0,"gold_gain":0,"player_choice":"Read","damage_taken":0,"max_hp_gain":0,"max_hp_loss":0,"event_name":"The Library","floor":19,"gold_loss":0,"cards_obtained":["ReplayTheSpireMod:Dual Polarity"]},{"damage_healed":0,"gold_gain":0,"player_choice":"Ignored","damage_taken":0,"max_hp_gain":0,"max_hp_loss":0,"event_name":"Ghosts","floor":21,"gold_loss":0},{"damage_healed":0,"gold_gain":0,"player_choice":"Paid Fearfully","damage_taken":0,"max_hp_gain":0,"max_hp_loss":0,"event_name":"Masked Bandits","floor":32,"gold_loss":1}],"is_beta":false,"boss_relics":[{"not_picked":["conspire:SpecialSausage","Replay:Bronze Core"],"picked":"Replay:Grab Bag"},{"not_picked":["hubris:RunicObelisk","halation:ForbiddenBikini"],"picked":"halation:IncompleteEncyclopedia"},{"not_picked":["ReplayTheSpireMod:DimensionalGlitch","hubris:TerracottaHorce"],"picked":"Sozu"},{"not_picked":["hubris:BlackHole","halation:Risk"],"picked":"Nuclear Battery"}],"items_purged_floors":[7,22,31],"is_endless":false,"potions_floor_spawned":[2,3,5,8,12,16,18,20,24,25,30,33],"killed_by":"Collector","ascension_level":0}}