{"host":"f5gffvlv6a66yqkd","time":1610018312,"event":{"mods":["2.2 Compatiblity","BaseMod","Colored Map","DeckTracker","Keyboard Shortcuts","Minty Spire (QoL Compilation)","Permanent Neow","Quick Restart","Relic Stats","StSLib","SuperFastMode"],"gold_per_floor":[118,128,139,156,174,174,174,187,214,226,251,251,24,36,36,112,112,127,127,127,147,147,147],"floor_reached":22,"playtime":628,"items_purged":["Strike_B"],"score":380,"play_id":"10b1a687-79bb-470a-9c23-978ef02f5cca","local_time":"20210107201832","is_ascension_mode":true,"campfire_choices":[{"data":"Zap","floor":6.0,"key":"SMITH"},{"floor":12,"key":"REST"},{"data":"Defragment","floor":15,"key":"SMITH"}],"circlet_count":0,"master_deck":["AscendersBane","Strike_B","Defend_B","Defend_B","Defend_B","Defend_B","Zap+1","Dualcast","PanicButton","FTL","Cold Snap","Coolheaded","Glacier","Doom and Gloom","Echo Form","Self Repair","Blizzard","Gash","Stack","BootSequence","Rebound","Defragment+1","Biased Cognition","Loop+1","Defragment","Hello World","Undo","Defragment"],"relics":["Cracked Core","Lantern","Symbiotic Virus","SacredBark"],"acts_visited":["Exordium","TheCity"],"potions_floor_usage":[10,16,21],"damage_taken":[{"damage":0.0,"enemies":"2 Louse","floor":1.0,"turns":3.0},{"damage":1.0,"enemies":"Cultist","floor":2.0,"turns":3.0},{"damage":0.0,"enemies":"Jaw Worm","floor":3.0,"turns":4.0},{"damage":23.0,"enemies":"Exordium Thugs","floor":4.0,"turns":5.0},{"damage":20.0,"enemies":"Lots of Slimes","floor":5.0,"turns":4.0},{"damage":7,"enemies":"3 Louse","floor":8,"turns":4},{"damage":9,"enemies":"2 Fungi Beasts","floor":10,"turns":2},{"damage":13,"enemies":"Lagavulin","floor":11,"turns":6},{"damage":0,"enemies":"Exordium Thugs","floor":14,"turns":4},{"damage":23,"enemies":"The Guardian","floor":16,"turns":11},{"damage":6,"enemies":"Spheric Guardian","floor":18,"turns":6},{"damage":33,"enemies":"3 Byrds","floor":21,"turns":4},{"damage":51,"enemies":"Shelled Parasite and Fungi","floor":22,"turns":4}],"seed_played":"-8305109683905368824","potions_obtained":[{"floor":1.0,"key":"AttackPotion"},{"floor":5.0,"key":"Explosive Potion"},{"floor":10,"key":"LiquidBronze"},{"floor":11,"key":"Weak Potion"}],"is_trial":false,"path_per_floor":["M","M","M","M","M","R","?","M","T","M","E","R","$","M","R","B",null,"M","?","?","M","M"],"character_chosen":"DEFECT","items_purchased":["Stack","BootSequence","Rebound"],"campfire_rested":1,"item_purchase_floors":[13,13,13],"current_hp_per_floor":[64,63,63,40,20,20,20,20,20,18,5,26,26,33,33,17,58,66,66,66,33,0,0],"gold":147,"neow_bonus":"RANDOM_COLORLESS","is_daily":false,"chose_seed":false,"campfire_upgraded":2,"win_rate":0.0,"timestamp":1610018312,"path_taken":["M","M","M","M","M","R","?","M","T","?","E","R","?","M","R","BOSS","M","?","?","M","M"],"items_purchased_type":["Card","Card","Card"],"build_version":"2020-12-22","purchased_purges":1,"victory":false,"max_hp_per_floor":[71,71,71,71,71,71,71,71,71,71,71,71,71,71,71,71,71,71,71,71,71,71,71],"relic_stats":{"counters":[13,60],"obtain_stats":[{"Lantern":9,"SacredBark":17,"Cracked Core":0,"Symbiotic Virus":11},{"Lantern":6,"SacredBark":10,"Cracked Core":0,"Symbiotic Virus":8},{"Lantern":23,"SacredBark":46,"Cracked Core":0,"Symbiotic Virus":31}]},"card_choices":[{"not_picked":["Blind","Madness"],"picked":"PanicButton","floor":0.0},{"not_picked":["Go for the Eyes","Leap"],"picked":"FTL","floor":1.0},{"not_picked":["Leap","Force Field"],"picked":"Cold Snap","floor":2.0},{"not_picked":["Turbo","Blizzard"],"picked":"Coolheaded","floor":3.0},{"not_picked":["Streamline","Chill"],"picked":"Glacier","floor":4.0},{"not_picked":["Stack","Fusion"],"picked":"Doom and Gloom","floor":5.0},{"not_picked":["Aggregate","Steam"],"picked":"Blizzard","floor":8},{"not_picked":["Steam","Consume","Conserve Battery"],"picked":"SKIP","floor":10},{"not_picked":["Force Field","Hyperbeam"],"picked":"Gash","floor":11},{"not_picked":["Tempest","BootSequence"],"picked":"Defragment","floor":14},{"not_picked":["Fission","Amplify"],"picked":"Biased Cognition","floor":16},{"not_picked":["Lockon+1","Streamline"],"picked":"Loop+1","floor":18},{"not_picked":["Glacier","Cold Snap+1"],"picked":"Defragment","floor":21}],"player_experience":1524264,"relics_obtained":[{"floor":9,"key":"Lantern"},{"floor":11,"key":"Symbiotic Virus"}],"event_choices":[{"damage_healed":0,"gold_gain":0,"player_choice":"2 cards matched","damage_taken":0,"max_hp_gain":0,"max_hp_loss":0,"event_name":"Match and Keep!","floor":7,"gold_loss":0,"cards_obtained":["Echo Form","Self Repair"]},{"damage_healed":0,"gold_gain":0,"player_choice":"Read","damage_taken":0,"max_hp_gain":0,"max_hp_loss":0,"event_name":"The Library","floor":19,"gold_loss":0,"cards_obtained":["Defragment"]},{"damage_healed":0,"gold_gain":0,"cards_transformed":["Strike_B","Strike_B"],"player_choice":"Became Test Subject","damage_taken":0,"max_hp_gain":0,"max_hp_loss":0,"event_name":"Drug Dealer","floor":20,"gold_loss":0,"cards_obtained":["Hello World","Undo"]}],"is_beta":false,"boss_relics":[{"not_picked":["Sozu","Velvet Choker"],"picked":"SacredBark"}],"items_purged_floors":[13],"is_endless":false,"potions_floor_spawned":[1,5,10,11],"killed_by":"Shelled Parasite and Fungi","ascension_level":20}}