{"host":"dw8ij7emqco3quom","time":1610051819,"event":{"mods":["BaseMod","Minty Spire (QoL Compilation)"],"gold_per_floor":[119,97,97,110,130,130,145,145,227,227,249,249,264,290,290,392,392,405,120,220,230,230,255,255,270,270,270,270,284,295,328,328,328,328],"floor_reached":33,"playtime":2050,"items_purged":[],"score":342,"play_id":"0c0744e2-62dc-42f7-bf9a-f823acf67c13","local_time":"20210107213659","is_ascension_mode":true,"campfire_choices":[{"data":"Zap","floor":6,"key":"SMITH"},{"data":"Dualcast","floor":8,"key":"SMITH"},{"data":"Multi-Cast","floor":10,"key":"SMITH"},{"floor":15,"key":"REST"},{"floor":27,"key":"REST"},{"floor":32,"key":"REST"}],"circlet_count":0,"master_deck":["Strike_B","Strike_B","Strike_B","Defend_B","Defend_B","Defend_B","Defend_B","Zap+1","Dualcast+1","Sweeping Beam","Ball Lightning","Multi-Cast+1","Gash","Darkness","Reinforced Body","Fission","Electrodynamics","Doom and Gloom+1","Conserve Battery+1","Gash+1","Redo","Sweeping Beam+1","Gash+1","FTL","Echo Form"],"relics":["Cracked Core","NeowsBlessing","Ornamental Fan","Odd Mushroom","Nunchaku","Philosopher\u0027s Stone","Prayer Wheel","PreservedInsect","Kunai","Mercury Hourglass","Bottled Flame"],"acts_visited":["Exordium","TheCity"],"potions_floor_usage":[7,11,14,16,21,23,23,23,23,25,31],"damage_taken":[{"damage":0,"enemies":"Jaw Worm","floor":1,"turns":1},{"damage":0,"enemies":"Cultist","floor":4,"turns":1},{"damage":0,"enemies":"Small Slimes","floor":5,"turns":1},{"damage":1,"enemies":"Looter","floor":7,"turns":3},{"damage":2,"enemies":"The Mushroom Lair","floor":11,"turns":3},{"damage":6,"enemies":"Blue Slaver","floor":13,"turns":3},{"damage":34,"enemies":"Lagavulin","floor":14,"turns":5},{"damage":59,"enemies":"Hexaghost","floor":16,"turns":9},{"damage":14,"enemies":"3 Byrds","floor":18,"turns":2},{"damage":22,"enemies":"Shell Parasite","floor":21,"turns":3},{"damage":6,"enemies":"Slavers","floor":23,"turns":3},{"damage":20,"enemies":"Shelled Parasite and Fungi","floor":25,"turns":4},{"damage":2,"enemies":"Sentry and Sphere","floor":29,"turns":3},{"damage":17,"enemies":"Snake Plant","floor":30,"turns":2},{"damage":14,"enemies":"Book of Stabbing","floor":31,"turns":3},{"damage":82,"enemies":"Automaton","floor":33,"turns":6}],"seed_played":"-435036695460146560","potions_obtained":[{"floor":3,"key":"PotionOfCapacity"},{"floor":3,"key":"Block Potion"},{"floor":3,"key":"FocusPotion"},{"floor":7,"key":"Strength Potion"},{"floor":11,"key":"SteroidPotion"},{"floor":18,"key":"Fruit Juice"},{"floor":21,"key":"EntropicBrew"},{"floor":23,"key":"ColorlessPotion"},{"floor":30,"key":"Weak Potion"}],"is_trial":false,"path_per_floor":["M","$","?","M","M","R","M","R","T","R","?","?","M","E","R","B",null,"M","$","?","M","$","E","?","M","T","R","?","M","M","E","R","B"],"character_chosen":"DEFECT","items_purchased":["Ball Lightning","Prayer Wheel"],"campfire_rested":3,"item_purchase_floors":[2,19],"current_hp_per_floor":[75,75,75,75,75,75,74,74,74,74,72,77,71,37,61,2,80,66,66,66,49,49,43,43,23,23,48,48,46,29,15,40,0,0],"gold":328,"neow_bonus":"THREE_ENEMY_KILL","is_daily":false,"chose_seed":false,"campfire_upgraded":3,"win_rate":0.0,"timestamp":1610051819,"path_taken":["M","$","?","M","M","R","?","R","T","R","?","?","M","E","R","BOSS","M","$","?","M","?","E","?","?","T","R","?","M","M","E","R","BOSS"],"items_purchased_type":["Card","Relic"],"build_version":"2020-12-22","purchased_purges":0,"victory":false,"max_hp_per_floor":[75,75,75,75,75,75,75,75,75,75,75,80,80,80,80,80,80,80,80,80,85,85,85,85,85,85,85,85,85,85,85,85,85,85],"card_choices":[{"not_picked":["Go for the Eyes","Stack"],"picked":"Sweeping Beam","floor":1},{"not_picked":["Glacier","Hologram","Stack"],"picked":"SKIP","floor":4},{"not_picked":["Compile Driver","Redo"],"picked":"Multi-Cast","floor":5},{"not_picked":["Skim","Hello World"],"picked":"Gash","floor":7},{"not_picked":["Beam Cell","Steam"],"picked":"Darkness","floor":11},{"not_picked":["Rebound","Turbo"],"picked":"Reinforced Body","floor":13},{"not_picked":["Chill","Blizzard"],"picked":"Fission","floor":14},{"not_picked":["Biased Cognition","Echo Form"],"picked":"Electrodynamics","floor":16},{"not_picked":["Barrage","Storm"],"picked":"Doom and Gloom+1","floor":18},{"not_picked":["Ball Lightning","Lockon"],"picked":"Conserve Battery+1","floor":21},{"not_picked":["Conserve Battery","Streamline"],"picked":"Gash+1","floor":21},{"not_picked":["Ball Lightning","Coolheaded"],"picked":"Redo","floor":23},{"not_picked":["Storm","Coolheaded+1"],"picked":"Sweeping Beam+1","floor":25},{"not_picked":["Capacitor","Sweeping Beam","Heatsinks"],"picked":"SKIP","floor":25},{"not_picked":["Sweeping Beam","Darkness"],"picked":"Gash+1","floor":29},{"not_picked":["Beam Cell","Turbo+1"],"picked":"FTL","floor":29},{"not_picked":["Aggregate","Go for the Eyes+1","Heatsinks"],"picked":"SKIP","floor":30},{"not_picked":["Compile Driver","Redo","Echo Form"],"picked":"SKIP","floor":30},{"not_picked":["Compile Driver","Redo"],"picked":"Echo Form","floor":30},{"not_picked":["Aggregate","Go for the Eyes+1","Heatsinks"],"picked":"SKIP","floor":30},{"not_picked":["Turbo","Recycle","Compile Driver+1"],"picked":"SKIP","floor":31},{"not_picked":["Turbo","Recycle","Compile Driver+1"],"picked":"SKIP","floor":31}],"player_experience":617647,"relics_obtained":[{"floor":9,"key":"Ornamental Fan"},{"floor":11,"key":"Odd Mushroom"},{"floor":14,"key":"Nunchaku"},{"floor":23,"key":"PreservedInsect"},{"floor":26,"key":"Mercury Hourglass"},{"floor":31,"key":"Bottled Flame"}],"event_choices":[{"damage_healed":0,"gold_gain":0,"player_choice":"Got Potions","damage_taken":0,"max_hp_gain":0,"max_hp_loss":0,"event_name":"Lab","floor":3,"gold_loss":0},{"damage_healed":0,"gold_gain":0,"player_choice":"Fought Mushrooms","damage_taken":0,"max_hp_gain":0,"max_hp_loss":0,"event_name":"Mushrooms","floor":11,"gold_loss":0},{"damage_healed":0,"gold_gain":0,"player_choice":"Donut","damage_taken":0,"max_hp_gain":5,"max_hp_loss":0,"event_name":"Big Fish","floor":12,"gold_loss":0},{"damage_healed":0,"gold_gain":100,"player_choice":"Pray","damage_taken":0,"max_hp_gain":0,"max_hp_loss":0,"event_name":"Golden Shrine","floor":20,"gold_loss":0},{"damage_healed":0,"gold_gain":0,"player_choice":"Gave Potion","damage_taken":0,"relics_obtained":["Kunai"],"max_hp_gain":0,"max_hp_loss":0,"event_name":"WeMeetAgain","floor":24,"gold_loss":0},{"cards_removed":["Strike_B"],"damage_healed":0,"gold_gain":0,"player_choice":"Purged","damage_taken":0,"max_hp_gain":0,"max_hp_loss":0,"event_name":"Purifier","floor":28,"gold_loss":0}],"is_beta":false,"boss_relics":[{"not_picked":["Busted Crown","Sozu"],"picked":"Philosopher\u0027s Stone"}],"items_purged_floors":[],"is_endless":false,"potions_floor_spawned":[5,7,11,18,21,23,30],"killed_by":"Automaton","ascension_level":4}}