{"host":"wppa8gky53tnknhf","time":1610029164,"event":{"mods":["AchievementEnabler","Act Like it!","BaseMod","Better Third Choice","BetterRewards","Card Forge","Colored Powertips","Energized Spire","Hubris","Infinite Spire","Marked Mod","Minty Spire (QoL Compilation)","Permanent Neow","Quick Restart","Rare Cards Sparkle","Relic Stats","Remove Card Discount Mod","Replay The Spire","Spikes Relics","Spire Birthday Party","StSLib","Wandering Minibosses"],"gold_per_floor":[112,112,112,43,63,90,90,123,123,154,164,176,209,225,225,326,326,342,342,342,352,352,352,389,261,331,331,373,397,681,717,717,826,826,857,857,857,881,1165,1065,1065,506,542,569,569,569,607,619,619,619,619,619,372,372,372],"floor_reached":56,"playtime":1879,"items_purged":[],"score":1728,"play_id":"e84c2acd-d41e-4091-836c-2d55858fc90b","local_time":"20210107141924","is_ascension_mode":true,"campfire_choices":[{"floor":15,"key":"RECALL"},{"floor":23,"key":"DIG"},{"floor":27,"key":"DIG"},{"floor":32,"key":"DIG"},{"floor":46,"key":"DIG"},{"floor":49,"key":"DIG"},{"floor":52,"key":"DIG"}],"circlet_count":0,"master_deck":["Strike_R+1","Strike_R+1","Strike_R+1","Strike_R+1","Strike_R+1","Defend_R+1","Defend_R+1","Defend_R+1","Defend_R+1","Bash+1","Flex+1","Body Slam+1","Entrench+1","Iron Wave+1","Rampage+1","Flex+1","Double Tap+1","Thunderclap+1","Iron Wave+1","Cleave+1","Feed+1","Genetic Algorithm+1","Cleave+1","Inflame+1","Shockwave+1","Whirlwind+1","Impervious+1","wanderingMiniBosses:FinaleOfPromise+1","Twin Strike+1","Spot Weakness+1","Pot Of Greed+1","Pot Of Greed+1","Pot Of Greed+1","Flex+1","Shrug It Off+1"],"relics":["Burning Blood","Hammer of Thor","Seething Fire","Anvil of the Gods","Juzu Bracelet","SnailShell","Frozen Egg 2","infinitespire:ShieldingShard","Shovel","hubris:OldNail","energizedSpire:EnergizedDie","MutagenicStrength","CeramicFish","Gremlin Food","Bronze Scales","HornCleat","Smiling Mask","InkBottle","Pet Ghost","Fusion Hammer","wanderingMiniBosses:Blackblade","hubris:Icosahedron","ClockworkSouvenir","Grinning Jar","BicycleWheel","infinitespire:Beetle Shell","Replay:Ringing Soul","LugNut","ReplayFunnel","Garlic","Orichalcum","infinitespire:CursedDice"],"acts_visited":["Exordium","TheCity","TheBeyond","TheEnding"],"potions_floor_usage":[8,13,13,16,18,28,55,55],"damage_taken":[{"damage":3,"enemies":"Jaw Worm","floor":1,"turns":3},{"damage":2,"enemies":"Small Slimes","floor":5,"turns":3},{"damage":14,"enemies":"Lagavulin","floor":6,"turns":5},{"damage":0,"enemies":"Gremlin Nob","floor":8,"turns":3},{"damage":0,"enemies":"3 Sentries","floor":10,"turns":7},{"damage":0,"enemies":"2 Louse","floor":11,"turns":2},{"damage":0,"enemies":"2 Fungi Beasts","floor":12,"turns":2},{"damage":0,"enemies":"Lagavulin","floor":13,"turns":3},{"damage":0,"enemies":"Looter","floor":14,"turns":2},{"damage":14,"enemies":"Fading Forest","floor":16,"turns":11},{"damage":0,"enemies":"3 Byrds","floor":18,"turns":2},{"damage":0,"enemies":"Chosen","floor":21,"turns":2},{"damage":0,"enemies":"Gremlin Leader","floor":24,"turns":5},{"damage":0,"enemies":"Book of Stabbing","floor":28,"turns":2},{"damage":0,"enemies":"Snake Plant","floor":29,"turns":2},{"damage":10,"enemies":"Slavers","floor":31,"turns":3},{"damage":32,"enemies":"Collector","floor":33,"turns":9},{"damage":14,"enemies":"Orb Walker","floor":35,"turns":6},{"damage":0,"enemies":"3 Darklings","floor":37,"turns":2},{"damage":22,"enemies":"Sphere and 2 Shapes","floor":38,"turns":4},{"damage":0,"enemies":"R_Hoarder","floor":44,"turns":4},{"damage":0,"enemies":"Maw","floor":45,"turns":3},{"damage":0,"enemies":"Giant Head","floor":47,"turns":2},{"damage":0,"enemies":"Spire Growth","floor":48,"turns":2},{"damage":0,"enemies":"Donu and Deca","floor":50,"turns":3},{"damage":0,"enemies":"Shield and Spear","floor":54,"turns":2},{"damage":25,"enemies":"The Heart","floor":55,"turns":4}],"seed_played":"-8964356155960919207","potions_obtained":[{"floor":6,"key":"Flashbang"},{"floor":10,"key":"ColorlessPotion"},{"floor":11,"key":"LiquidBronze"},{"floor":12,"key":"PowerPotion"},{"floor":14,"key":"Block Potion"},{"floor":18,"key":"DistilledChaos"},{"floor":29,"key":"SpeedPotion"},{"floor":31,"key":"GamblersBrew"},{"floor":38,"key":"Regen Potion"},{"floor":45,"key":"DuplicationPotion"}],"is_trial":false,"path_per_floor":["M","?","?","$","M","E","?","E","T","E","M","M","E","M","R","B",null,"M","?","?","M","?","R","E","?","T","R","E","M","?","E","R","B",null,"M","?","M","M","?","NS","?","$","T","E","M","R","E","M","R","B",null,"R","$","E","B",null],"character_chosen":"IRONCLAD","items_purchased":["Entrench","ClockworkSouvenir","Grinning Jar","BicycleWheel","Orichalcum","Shrug It Off","PowerPotion"],"campfire_rested":0,"item_purchase_floors":[4,42,42,42,53,53,53],"current_hp_per_floor":[80,80,80,80,80,72,72,78,78,80,80,80,80,80,80,72,80,80,80,80,80,64,64,74,74,74,74,80,84,84,80,80,54,84,80,80,88,76,76,76,70,70,70,76,82,82,91,95,95,95,95,95,98,98,83],"gold":372,"neow_bonus":"RANDOM_COMMON_RELIC","is_daily":false,"chose_seed":false,"campfire_upgraded":0,"win_rate":0.0,"timestamp":1610029164,"path_taken":["M","?","?","$","M","E","?","E","T","E","M","M","E","M","R","BOSS","M","?","?","M","?","R","E","?","T","R","E","M","?","E","R","BOSS","M","?","M","M","?","NS","?","?","T","E","M","R","E","M","R","BOSS","R","$","E","BOSS"],"items_purchased_type":["Card","Relic","Relic","Relic","Relic","Card","Potion"],"build_version":"2020-12-22","purchased_purges":0,"victory":true,"max_hp_per_floor":[80,80,80,80,80,80,80,80,80,80,80,80,80,80,80,80,80,80,80,80,80,80,80,84,84,84,84,84,84,84,84,84,84,84,88,88,88,92,92,92,92,92,92,92,92,92,95,95,95,95,95,95,98,98,102],"relic_stats":{"Shovel":6,"counters":[27,98],"CeramicFish":144,"Bronze Scales":[146],"Juzu Bracelet":3,"Orichalcum":[12],"Smiling Mask":0,"obtain_stats":[{"ReplayFunnel":49,"SnailShell":6,"CeramicFish":23,"Hammer of Thor":0,"Juzu Bracelet":0,"Smiling Mask":28,"Burning Blood":0,"Pet Ghost":32,"ClockworkSouvenir":42,"Replay:Ringing Soul":46,"infinitespire:ShieldingShard":9,"Shovel":10,"HornCleat":27,"hubris:Icosahedron":36,"Fusion Hammer":34,"InkBottle":31,"BicycleWheel":42,"LugNut":47,"Gremlin Food":24,"infinitespire:CursedDice":54,"energizedSpire:EnergizedDie":17,"infinitespire:Beetle Shell":43,"Seething Fire":0,"Frozen Egg 2":8,"Orichalcum":53,"wanderingMiniBosses:Blackblade":35,"Anvil of the Gods":0,"MutagenicStrength":19,"Bronze Scales":25,"Garlic":52,"Grinning Jar":42,"hubris:OldNail":13},{"ReplayFunnel":24,"SnailShell":3,"CeramicFish":12,"Hammer of Thor":0,"Juzu Bracelet":0,"Smiling Mask":14,"Burning Blood":0,"Pet Ghost":16,"ClockworkSouvenir":20,"Replay:Ringing Soul":22,"infinitespire:ShieldingShard":4,"Shovel":5,"HornCleat":13,"hubris:Icosahedron":18,"Fusion Hammer":17,"InkBottle":16,"BicycleWheel":20,"LugNut":23,"Gremlin Food":13,"infinitespire:CursedDice":26,"energizedSpire:EnergizedDie":10,"infinitespire:Beetle Shell":20,"Seething Fire":0,"Frozen Egg 2":4,"Orichalcum":25,"wanderingMiniBosses:Blackblade":18,"Anvil of the Gods":0,"MutagenicStrength":11,"Bronze Scales":13,"Garlic":25,"Grinning Jar":20,"hubris:OldNail":8},{"ReplayFunnel":89,"SnailShell":11,"CeramicFish":45,"Hammer of Thor":0,"Juzu Bracelet":0,"Smiling Mask":52,"Burning Blood":0,"Pet Ghost":57,"ClockworkSouvenir":78,"Replay:Ringing Soul":85,"infinitespire:ShieldingShard":14,"Shovel":21,"HornCleat":50,"hubris:Icosahedron":72,"Fusion Hammer":66,"InkBottle":57,"BicycleWheel":78,"LugNut":87,"Gremlin Food":50,"infinitespire:CursedDice":94,"energizedSpire:EnergizedDie":41,"infinitespire:Beetle Shell":78,"Seething Fire":0,"Frozen Egg 2":14,"Orichalcum":92,"wanderingMiniBosses:Blackblade":72,"Anvil of the Gods":0,"MutagenicStrength":43,"Bronze Scales":50,"Garlic":92,"Grinning Jar":78,"hubris:OldNail":28}],"Burning Blood":93,"InkBottle":[19]},"card_choices":[{"not_picked":["Power Through","Havoc"],"picked":"Flex","floor":1},{"not_picked":["Warcry","Replay:Undeath\u0027s Touch"],"picked":"Iron Wave","floor":5},{"not_picked":["Headbutt","Double Tap"],"picked":"Rampage","floor":6},{"not_picked":["ReplayTheSpireMod:Strike From Hell","True Grit"],"picked":"Flex","floor":8},{"not_picked":["infinitespire:OneForAll","ReplayTheSpireMod:Corrosion Curse"],"picked":"Double Tap","floor":10},{"not_picked":["Havoc","hubris:SharpeningStone"],"picked":"Thunderclap","floor":11},{"not_picked":["Sword Boomerang","Twin Strike"],"picked":"Iron Wave","floor":12},{"not_picked":["Rampage","Disarm"],"picked":"Cleave","floor":13},{"not_picked":["ReplayTheSpireMod:Strike From Hell","Blood for Blood","Rupture+1"],"picked":"SKIP","floor":14},{"not_picked":["Eclipse","Offering"],"picked":"Feed","floor":16},{"not_picked":["Armaments","Massacre","True Grit"],"picked":"SKIP","floor":18},{"not_picked":["Clothesline","Pommel Strike"],"picked":"Cleave+1","floor":21},{"not_picked":["ReplayTheSpireMod:LeadingStrike","Hemokinesis+1"],"picked":"Inflame+1","floor":24},{"not_picked":["Headbutt","Run Through+1"],"picked":"Shockwave+1","floor":28},{"not_picked":["ReplayTheSpireMod:Strike From Hell","Rampage"],"picked":"Whirlwind+1","floor":29},{"not_picked":["Pommel Strike","Abandon"],"picked":"Impervious","floor":31},{"not_picked":["Juggernaut+1","Eclipse"],"picked":"Immolate","floor":33},{"not_picked":[],"picked":"wanderingMiniBosses:FinaleOfPromise","floor":35},{"not_picked":["True Grit","Sword Boomerang"],"picked":"Twin Strike+1","floor":35},{"not_picked":["Uppercut+1","hubris:CleavingFinish+1"],"picked":"Clash","floor":37},{"not_picked":["Blood for Blood","Armaments"],"picked":"Spot Weakness+1","floor":38},{"not_picked":["Wild Strike","Absolvement+1","Armaments"],"picked":"SKIP","floor":44},{"not_picked":["ReplayTheSpireMod:Corrosion Curse","hubris:ReadiedAction","Power Through"],"picked":"SKIP","floor":45},{"not_picked":["Wild Strike+1","Anger"],"picked":"Flex+1","floor":47},{"not_picked":["Searing Blow","Anger+1","Warcry+1"],"picked":"SKIP","floor":48},{"not_picked":["Warcry+1","Fire Breathing+1","Armaments+1"],"picked":"SKIP","floor":54}],"player_experience":685564,"relics_obtained":[{"floor":6,"key":"SnailShell"},{"floor":8,"key":"Frozen Egg 2"},{"floor":9,"key":"infinitespire:ShieldingShard"},{"floor":10,"key":"Shovel"},{"floor":13,"key":"hubris:OldNail"},{"floor":23,"key":"CeramicFish"},{"floor":24,"key":"Gremlin Food"},{"floor":27,"key":"HornCleat"},{"floor":28,"key":"Smiling Mask"},{"floor":31,"key":"InkBottle"},{"floor":32,"key":"Pet Ghost"},{"floor":35,"key":"wanderingMiniBosses:Blackblade"},{"floor":43,"key":"infinitespire:Beetle Shell"},{"floor":46,"key":"Replay:Ringing Soul"},{"floor":47,"key":"LugNut"},{"floor":49,"key":"ReplayFunnel"},{"floor":52,"key":"Garlic"},{"floor":54,"key":"infinitespire:CursedDice"}],"event_choices":[{"damage_healed":80,"gold_gain":0,"player_choice":"Leave","damage_taken":0,"max_hp_gain":0,"max_hp_loss":80,"event_name":"betterThird:BetterShining","floor":2,"gold_loss":0},{"damage_healed":0,"gold_gain":0,"player_choice":"Inject Mutagens","damage_taken":0,"relics_obtained":["MutagenicStrength"],"max_hp_gain":0,"max_hp_loss":0,"event_name":"Drug Dealer","floor":19,"gold_loss":0},{"damage_healed":0,"gold_gain":0,"player_choice":"Read","damage_taken":0,"max_hp_gain":0,"max_hp_loss":0,"event_name":"The Library","floor":20,"gold_loss":0,"cards_obtained":["Genetic Algorithm"]},{"damage_healed":0,"gold_gain":0,"player_choice":"Obtained Book","damage_taken":16,"max_hp_gain":0,"max_hp_loss":0,"event_name":"Cursed Tome","floor":22,"gold_loss":0},{"damage_healed":0,"gold_gain":0,"player_choice":"Paid Gold","damage_taken":0,"relics_obtained":["Bronze Scales"],"max_hp_gain":0,"max_hp_loss":0,"event_name":"WeMeetAgain","floor":25,"gold_loss":128},{"damage_healed":0,"gold_gain":275,"player_choice":"Desecrate","damage_taken":0,"max_hp_gain":0,"max_hp_loss":0,"event_name":"Golden Shrine","floor":30,"gold_loss":0,"cards_obtained":["Regret"]},{"damage_healed":0,"gold_gain":275,"player_choice":"Desecrate","damage_taken":0,"max_hp_gain":0,"max_hp_loss":0,"event_name":"Golden Shrine","floor":39,"gold_loss":0,"cards_obtained":["Regret"]},{"damage_healed":0,"gold_gain":0,"player_choice":"Random: Green","damage_taken":0,"max_hp_gain":0,"max_hp_loss":0,"event_name":"betterThird:BetterPortal","floor":41,"gold_loss":0},{"damage_healed":0,"gold_gain":0,"player_choice":"","damage_taken":6,"max_hp_gain":0,"max_hp_loss":0,"event_name":"Knowing Skull","floor":41,"potions_obtained":[],"gold_loss":0,"cards_obtained":[]}],"is_beta":false,"boss_relics":[{"not_picked":["Pandora\u0027s Box","Runic Dome"],"picked":"energizedSpire:EnergizedDie"},{"not_picked":["energizedSpire:OgreHead","energizedSpire:MagnifyingGlass"],"picked":"Fusion Hammer"}],"items_purged_floors":[],"is_endless":false,"potions_floor_spawned":[6,10,11,12,14,18,29,31,38,44,45],"ascension_level":1}}