{"host":"qdfumeom6htv8yxl","time":1610039768,"event":{"mods":["AchievementEnabler","BaseMod","Block Reminder","Minty Spire (QoL Compilation)","Quick Restart","Relic Stats"],"gold_per_floor":[159,34,54,54,70,70,103,103,158,177,177,227,244,273,273,273,273],"floor_reached":16,"playtime":1127,"items_purged":["Strike_G"],"score":209,"play_id":"d4eeddd7-4d5e-4813-970e-33149bec86f0","local_time":"20210107111608","is_ascension_mode":true,"campfire_choices":[{"data":"Neutralize","floor":6.0,"key":"SMITH"},{"floor":11.0,"key":"REST"},{"floor":15,"key":"REST"}],"circlet_count":0,"master_deck":["AscendersBane","Strike_G","Strike_G","Strike_G","Strike_G","Defend_G","Defend_G+1","Defend_G","Defend_G+1","Defend_G","Survivor","Neutralize+1","Underhanded Strike","Cloak And Dagger+1","Underhanded Strike","Escape Plan+1","Prepared","Acrobatics","Well Laid Plans"],"relics":["Tiny House","Toy Ornithopter","War Paint","Tiny Chest","Ornamental Fan"],"acts_visited":[],"potions_floor_usage":[13,16],"damage_taken":[{"damage":1.0,"enemies":"Cultist","floor":1.0,"turns":4.0},{"damage":3.0,"enemies":"Jaw Worm","floor":3.0,"turns":4.0},{"damage":2.0,"enemies":"Small Slimes","floor":5.0,"turns":4.0},{"damage":47.0,"enemies":"Lagavulin","floor":7.0,"turns":12.0},{"damage":0.0,"enemies":"2 Fungi Beasts","floor":10.0,"turns":4.0},{"damage":3,"enemies":"Gremlin Gang","floor":13,"turns":5},{"damage":23,"enemies":"3 Sentries","floor":14,"turns":12},{"damage":14,"enemies":"Slime Boss","floor":16,"turns":8}],"seed_played":"8364763781370209150","potions_obtained":[{"floor":0.0,"key":"Weak Potion"},{"floor":1.0,"key":"Ancient Potion"},{"floor":7.0,"key":"FearPotion"},{"floor":13,"key":"Poison Potion"}],"is_trial":false,"path_per_floor":["M","$","M","?","M","R","E","?","T","M","R","T","M","E","R","B"],"character_chosen":"THE_SILENT","items_purchased":["Underhanded Strike"],"campfire_rested":2,"item_purchase_floors":[2],"current_hp_per_floor":[63,63,60,60,58,58,11,11,11,11,32,32,34,11,32,23,23],"gold":273,"neow_bonus":"BOSS_RELIC","is_daily":false,"chose_seed":false,"campfire_upgraded":1,"win_rate":0.0,"timestamp":1610039768,"path_taken":["M","$","M","?","?","R","E","?","T","M","R","?","M","E","R","BOSS"],"items_purchased_type":["Card"],"build_version":"2020-12-22","purchased_purges":1,"victory":false,"max_hp_per_floor":[71,71,71,71,71,71,71,71,71,71,71,71,71,71,71,71,71],"relic_stats":{"counters":[8,53],"Ornamental Fan":[16],"Tiny Chest":0,"War Paint":["Defend_G","Escape Plan"],"obtain_stats":[{"Tiny House":0,"Ornamental Fan":14,"Tiny Chest":12,"War Paint":9,"Toy Ornithopter":7,"Ring of the Snake":0},{"Tiny House":0,"Ornamental Fan":7,"Tiny Chest":5,"War Paint":4,"Toy Ornithopter":4,"Ring of the Snake":0},{"Tiny House":0,"Ornamental Fan":45,"Tiny Chest":28,"War Paint":24,"Toy Ornithopter":24,"Ring of the Snake":0}],"Toy Ornithopter":10},"card_choices":[{"not_picked":["Riddle With Holes","Cloak And Dagger"],"picked":"Underhanded Strike","floor":0.0},{"not_picked":["Blur","Quick Slash"],"picked":"Cloak And Dagger","floor":1.0},{"not_picked":["Deflect","Sucker Punch","Caltrops"],"picked":"SKIP","floor":3.0},{"not_picked":["Skewer","Dodge and Roll","Envenom"],"picked":"SKIP","floor":5.0},{"not_picked":["Slice","Prepared"],"picked":"Escape Plan","floor":7.0},{"not_picked":["Bane","Dagger Spray"],"picked":"Prepared","floor":10.0},{"not_picked":["Quick Slash","Dash"],"picked":"Acrobatics","floor":13},{"not_picked":["Caltrops","Bullet Time"],"picked":"Well Laid Plans","floor":14}],"player_experience":1716490,"relics_obtained":[{"floor":7.0,"key":"Toy Ornithopter"},{"floor":9.0,"key":"War Paint"},{"floor":12.0,"key":"Tiny Chest"},{"floor":14,"key":"Ornamental Fan"}],"event_choices":[{"damage_healed":0.0,"max_hp_gain":0.0,"max_hp_loss":0.0,"gold_gain":0.0,"event_name":"Match and Keep!","player_choice":"0 cards matched","floor":4.0,"gold_loss":0.0,"damage_taken":0.0,"cards_obtained":[]},{"damage_healed":0.0,"max_hp_gain":0.0,"max_hp_loss":0.0,"gold_gain":0.0,"event_name":"Living Wall","player_choice":"Grow","floor":8.0,"gold_loss":0.0,"damage_taken":0.0,"cards_upgraded":["Cloak And Dagger"]}],"is_beta":false,"boss_relics":[],"items_purged_floors":[2],"is_endless":false,"potions_floor_spawned":[1,7,13],"killed_by":"Slime Boss","ascension_level":18}}