{"host":"qq27suot6m8koe0b","time":1610001825,"event":{"mods":["Act Like it!","BaseMod","CapriCore","GifTheSpireLib","Lobotomy","Minty Spire (QoL Compilation)","StSLib","Waifu the Spire"],"gold_per_floor":[119,133,133,133,151,151,171,197,223,223,244,260,279,309,309,309,309],"floor_reached":16,"playtime":980,"items_purged":[],"score":112,"play_id":"21c26890-ab64-46ad-853b-b7960fe35f6a","local_time":"20210107144345","is_ascension_mode":false,"campfire_choices":[{"data":"After Image","floor":6,"key":"SMITH"},{"floor":10,"key":"REST"},{"floor":15,"key":"REST"}],"circlet_count":0,"master_deck":["Strike_G","Strike_G","Strike_G","Strike_G","Strike_G","Defend_G","Defend_G","Defend_G","Defend_G","Defend_G","Survivor","Neutralize","Infinite Blades","MeltingLove","CrumblingArmor","After Image+1","Scorched","Cloak And Dagger","FieryBird","PiercingWail","Alriune","Escape Plan","MHz","Cloak And Dagger","Cloak And Dagger","Freischutz","WallGazer","Poisoned Stab","Prepared","CherryBlossoms"],"relics":["Ring of the Snake","CogitoBucket","Matryoshka","Bronze Scales","HornCleat","Regal Pillow","Odd Mushroom","BehaviorAdjustment","Smiling Mask"],"acts_visited":["Exordium"],"potions_floor_usage":[8,14,16,16],"damage_taken":[{"damage":0,"enemies":"Cultist","floor":1,"turns":4},{"damage":0,"enemies":"2 Louse","floor":2,"turns":3},{"damage":1,"enemies":"Jaw Worm","floor":5,"turns":6},{"damage":9,"enemies":"3 Louse","floor":7,"turns":3},{"damage":24,"enemies":"Gremlin Nob","floor":8,"turns":5},{"damage":0,"enemies":"The Mushroom Lair","floor":11,"turns":2},{"damage":0,"enemies":"Blue Slaver","floor":12,"turns":4},{"damage":18,"enemies":"Red Slaver","floor":13,"turns":5},{"damage":6,"enemies":"3 Sentries","floor":14,"turns":2},{"damage":59,"enemies":"Slime Boss","floor":16,"turns":8}],"seed_played":"4559482525636387320","potions_obtained":[{"floor":1,"key":"Weak Potion"},{"floor":5,"key":"Explosive Potion"},{"floor":13,"key":"Swift Potion"},{"floor":14,"key":"EssenceOfSteel"}],"is_trial":false,"path_per_floor":["M","M","T","?","M","R","M","E","T","R","?","M","M","E","R","B"],"character_chosen":"THE_SILENT","items_purchased":[],"campfire_rested":2,"item_purchase_floors":[],"current_hp_per_floor":[70,70,70,45,44,44,35,11,11,47,47,47,29,23,59,0,0],"gold":309,"neow_bonus":"","is_daily":false,"chose_seed":false,"campfire_upgraded":1,"win_rate":0.0,"timestamp":1610001825,"path_taken":["M","?","?","?","M","R","M","E","T","R","?","M","M","E","R","BOSS"],"items_purchased_type":[],"build_version":"2020-12-22","purchased_purges":0,"victory":false,"max_hp_per_floor":[70,70,70,70,70,70,70,70,70,70,70,70,70,70,70,70,70],"card_choices":[{"not_picked":["Prepared","Dodge and Roll"],"picked":"Infinite Blades","floor":1},{"not_picked":["CherryBlossoms","Rudolta"],"picked":"MeltingLove","floor":1},{"not_picked":["Scorched","Murderer"],"picked":"CrumblingArmor","floor":2},{"not_picked":["Dodge and Roll","Setup"],"picked":"After Image","floor":2},{"not_picked":["BeautyBeast","WhitesApple"],"picked":"Scorched","floor":5},{"not_picked":["All Out Attack","Endless Agony"],"picked":"Cloak And Dagger","floor":5},{"not_picked":["VoidDream","SnowQueen"],"picked":"FieryBird","floor":7},{"not_picked":["Acrobatics","Catalyst"],"picked":"PiercingWail","floor":7},{"not_picked":["LittlePrince","BlackSwan"],"picked":"Alriune","floor":8},{"not_picked":["Backflip","Calculated Gamble"],"picked":"Escape Plan","floor":8},{"not_picked":["GalaxyChild","Murderer"],"picked":"MHz","floor":11},{"not_picked":["Deflect","Underhanded Strike"],"picked":"Cloak And Dagger","floor":11},{"not_picked":["Concentrate","Dagger Spray"],"picked":"Cloak And Dagger","floor":12},{"not_picked":["LaLuna","MeatLantern"],"picked":"Freischutz","floor":12},{"not_picked":["OldLady","SnowQueen"],"picked":"WallGazer","floor":13},{"not_picked":["Dagger Spray","Backflip"],"picked":"Poisoned Stab","floor":13},{"not_picked":["Dagger Throw","Malaise"],"picked":"Prepared","floor":14},{"not_picked":["BeautyBeast","OSAHOGD","Bloodbath"],"picked":"Singing Bowl","floor":14},{"not_picked":["UniverseFragment","MeatLantern"],"picked":"CherryBlossoms","floor":14}],"player_experience":245333,"relics_obtained":[{"floor":8,"key":"Bronze Scales"},{"floor":9,"key":"HornCleat"},{"floor":9,"key":"Regal Pillow"},{"floor":11,"key":"Odd Mushroom"},{"floor":14,"key":"Smiling Mask"}],"event_choices":[{"damage_healed":0,"gold_gain":0,"player_choice":"Success","damage_taken":25,"relics_obtained":["Matryoshka"],"max_hp_gain":0,"max_hp_loss":0,"event_name":"Scrap Ooze","floor":4,"gold_loss":0},{"damage_healed":0,"gold_gain":0,"player_choice":"Fought Mushrooms","damage_taken":0,"max_hp_gain":0,"max_hp_loss":0,"event_name":"Mushrooms","floor":11,"gold_loss":0}],"is_beta":false,"boss_relics":[],"items_purged_floors":[],"is_endless":false,"potions_floor_spawned":[1,5,13,14],"killed_by":"Slime Boss","ascension_level":0}}