{"host":"fn5w42qzz69x191g","time":1610039791,"event":{"mods":["BaseMod","KOR Keyword Fix","Minty Spire (QoL Compilation)","Replay The Spire","StSLib","SuperFastMode","The Jungle","The Poker Player"],"gold_per_floor":[126,138,120,137,147,147,162,162,232,245,265,281,292,292,292,395,395,376,376,376,120,120,152,163,163,163,189,189,239,254,23,23,126,126,138,149,160,160,160,160,179,179,179,179,211,224,238,238,238,238],"floor_reached":51,"playtime":2813,"items_purged":["Amnesia","Strike_G","Amnesia"],"score":584,"play_id":"e9bed42d-13f5-45b4-9d8e-ef1b31d3d417","local_time":"20210108021631","is_ascension_mode":false,"campfire_choices":[{"data":"Neutralize","floor":6.0,"key":"SMITH"},{"data":"Bane","floor":8.0,"key":"SMITH"},{"data":"rorgmod:Catalyst","floor":15.0,"key":"SMITH"},{"data":"Sadistic Nature","floor":28.0,"key":"SMITH"},{"data":"Deflect","floor":32.0,"key":"SMITH"},{"data":"Bouncing Flask","floor":40.0,"key":"SMITH"},{"data":"Noxious Fumes","floor":42.0,"key":"SMITH"},{"data":"Sadistic Nature","floor":49,"key":"SMITH"}],"circlet_count":0,"master_deck":["Defend_G","Defend_G","Defend_G","Defend_G","Defend_G","Survivor","Neutralize+1","Dagger Spray","Noxious Fumes+1","Noxious Fumes","Bane+1","Bane+1","PiercingWail","Leg Sweep","Backstab+1","Madness+1","Dash+1","Sadistic Nature+1","Deadly Poison","PiercingWail","Deflect+1","Madness+1","Well Laid Plans","Backflip+1","Bouncing Flask+1","Deflect+1","ReplayTheSpireMod:Speed Training+1","Parasite","Deflect+1","Sadistic Nature+1"],"relics":["Ring of the Snake","MawBank","ReplayTheSpireMod:CursedCoin","Molten Egg 2","Replay:Drink Me","Eternal Feather","Membership Card","Replay:Mystery Machine","Bronze Scales","Sundial","Replay:Baseball","DollysMirror","Replay:Bronze Core","InkBottle","Toxic Egg 2"],"acts_visited":["Exordium","TheCity","TheBeyond"],"potions_floor_usage":[47,50,50],"damage_taken":[{"damage":1.0,"enemies":"2 Louse","floor":1.0,"turns":3.0},{"damage":0.0,"enemies":"Cultist","floor":4.0,"turns":3.0},{"damage":6.0,"enemies":"Jaw Worm","floor":5.0,"turns":4.0},{"damage":8.0,"enemies":"Red Slaver","floor":7.0,"turns":5.0},{"damage":0.0,"enemies":"Blue Slaver","floor":10.0,"turns":4.0},{"damage":0.0,"enemies":"Large Slime","floor":11.0,"turns":4.0},{"damage":0.0,"enemies":"3 Louse","floor":12.0,"turns":2.0},{"damage":0.0,"enemies":"Lots of Slimes","floor":13.0,"turns":1.0},{"damage":8.0,"enemies":"The Guardian","floor":16.0,"turns":9.0},{"damage":5.0,"enemies":"2 Thieves","floor":18.0,"turns":4.0},{"damage":19.0,"enemies":"Book of Stabbing","floor":23.0,"turns":9.0},{"damage":1.0,"enemies":"Spheric Guardian","floor":24.0,"turns":5.0},{"damage":0.0,"enemies":"Gremlin Leader","floor":27.0,"turns":7.0},{"damage":0.0,"enemies":"Snake Plant","floor":30.0,"turns":3.0},{"damage":44.0,"enemies":"Collector","floor":33.0,"turns":7.0},{"damage":0.0,"enemies":"Orb Walker","floor":35.0,"turns":3.0},{"damage":0.0,"enemies":"3 Shapes","floor":36.0,"turns":4.0},{"damage":0.0,"enemies":"Jaw Worm Horde","floor":37.0,"turns":4.0},{"damage":24.0,"enemies":"Spire Growth","floor":41.0,"turns":6.0},{"damage":0,"enemies":"Giant Head","floor":45,"turns":7},{"damage":0,"enemies":"Sphere and 2 Shapes","floor":46,"turns":5},{"damage":12,"enemies":"Writhing Mass","floor":47,"turns":3},{"damage":32,"enemies":"Replay:Hell Engine","floor":50,"turns":14}],"seed_played":"1307463431235132696","potions_obtained":[{"floor":4.0,"key":"Explosive Potion"},{"floor":5.0,"key":"SpeedPotion"},{"floor":10.0,"key":"Regen Potion"},{"floor":11.0,"key":"DuplicationPotion"},{"floor":24.0,"key":"Reflective Coating"},{"floor":27.0,"key":"Venom Potion"},{"floor":35.0,"key":"Fire Potion"},{"floor":37.0,"key":"Energy Potion"},{"floor":44,"key":"Death Potion"}],"is_trial":false,"path_per_floor":["M","?","$","M","M","R","M","R","T","M","M","M","M","?","R","B",null,"M","T","?","$","?","E","M","?","T","E","R","?","M","$","R","B",null,"M","M","M","?","?","R","M","R","T","?","E","M","M","?","R","B",null],"character_chosen":"THE_SILENT","items_purchased":["Noxious Fumes","ReplayTheSpireMod:CursedCoin","Bane","Membership Card","Replay:Baseball","DollysMirror","Well Laid Plans"],"campfire_rested":0,"item_purchase_floors":[3,3,3,21,31,31,31],"current_hp_per_floor":[69,69,69,69,63,63,55,55,55,55,69,69,69,69,69,61,53,48,48,48,48,48,29,28,45,45,45,53,53,53,53,53,9,53,53,53,53,50,50,50,26,41,41,41,41,41,29,29,47,15],"gold":238,"neow_bonus":"RANDOM_COMMON_RELIC","is_daily":false,"chose_seed":false,"campfire_upgraded":8,"win_rate":0.0,"timestamp":1610039791,"path_taken":["M","?","$","M","M","R","M","R","T","M","M","M","?","?","R","BOSS","M","?","?","$","?","E","?","?","T","E","R","?","M","$","R","BOSS","M","M","?","?","?","R","M","R","T","?","E","M","M","?","R","BOSS"],"items_purchased_type":["Card","Relic","Card","Relic","Relic","Relic","Card"],"build_version":"2020-12-22","purchased_purges":3,"victory":true,"max_hp_per_floor":[70,70,70,70,70,70,70,70,70,70,70,70,70,70,70,70,53,53,53,53,53,53,53,53,53,53,53,53,53,53,53,53,53,53,53,53,53,50,50,50,50,50,50,50,50,50,50,50,50,50],"card_choices":[{"not_picked":["Predator","Acrobatics"],"picked":"Dagger Spray","floor":1.0},{"not_picked":["Cloak And Dagger","Poisoned Stab"],"picked":"Bane","floor":4.0},{"not_picked":["Caltrops","Sucker Punch"],"picked":"PiercingWail","floor":5.0},{"not_picked":["rorgmod:Wraith Form 2","Fluid Movement"],"picked":"Leg Sweep","floor":7.0},{"not_picked":["Outmaneuver","Flying Knee+1"],"picked":"Dagger Throw+1","floor":10.0},{"not_picked":["rorgmod:Slice+1","rorgmod:Prepared"],"picked":"Backstab+1","floor":11.0},{"not_picked":["Backflip","Poisoned Stab+1"],"picked":"rorgmod:Catalyst","floor":12.0},{"not_picked":["Tactician","After Image"],"picked":"Dash+1","floor":13.0},{"not_picked":["Envenom","Grand Finale+1"],"picked":"Sadistic Nature","floor":16.0},{"not_picked":["Dagger Throw+1","Fluid Movement"],"picked":"Deadly Poison","floor":18.0},{"not_picked":["Deadly Poison","Quick Slash+1","Backflip"],"picked":"SKIP","floor":23.0},{"not_picked":["Dodge and Roll","Blade Dance"],"picked":"PiercingWail","floor":24.0},{"not_picked":["Grand Finale+1","rorgmod:Slice+1"],"picked":"Deflect","floor":27.0},{"not_picked":["Eviscerate+1","Setup","All Out Attack+1"],"picked":"SKIP","floor":30.0},{"not_picked":["Blade Dance+1","Bane+1"],"picked":"Backflip+1","floor":35.0},{"not_picked":["Sucker Punch+1","Dagger Throw+1"],"picked":"Bouncing Flask","floor":36.0},{"not_picked":["Deadly Poison","Dagger Spray+1","Finisher+1"],"picked":"SKIP","floor":37.0},{"not_picked":["Draining Mist","Acrobatics+1","Grand Finale+1"],"picked":"SKIP","floor":41.0},{"not_picked":["Distraction+1","Glass Knife+1"],"picked":"Deflect+1","floor":45},{"not_picked":["Quick Slash+1","Concentrate+1"],"picked":"ReplayTheSpireMod:Speed Training+1","floor":46},{"not_picked":["ReplayTheSpireMod:Scrap Shanks","Acrobatics+1"],"picked":"Deflect+1","floor":47},{"not_picked":["Deep Breath+1","Madness+1"],"picked":"Sadistic Nature","floor":48}],"player_experience":522792,"relics_obtained":[{"floor":9.0,"key":"Molten Egg 2"},{"floor":19.0,"key":"Eternal Feather"},{"floor":23.0,"key":"Replay:Mystery Machine"},{"floor":26.0,"key":"Bronze Scales"},{"floor":27.0,"key":"Sundial"},{"floor":43.0,"key":"InkBottle"},{"floor":45,"key":"Toxic Egg 2"}],"event_choices":[{"damage_healed":0.0,"max_hp_gain":0.0,"max_hp_loss":0.0,"gold_gain":0.0,"event_name":"The Woman in Blue","player_choice":"Bought 0 Potions","floor":2.0,"gold_loss":0.0,"damage_taken":0.0},{"cards_removed":["Strike_G"],"damage_healed":0.0,"max_hp_gain":0.0,"max_hp_loss":0.0,"gold_gain":0.0,"event_name":"Purifier","player_choice":"Purged","floor":14.0,"gold_loss":0.0,"damage_taken":0.0},{"damage_healed":0.0,"max_hp_gain":0.0,"max_hp_loss":0.0,"gold_gain":0.0,"event_name":"Accursed Blacksmith","player_choice":"Forge","floor":22.0,"gold_loss":0.0,"damage_taken":0.0,"cards_upgraded":["Bane"]},{"damage_healed":17.0,"max_hp_gain":0.0,"max_hp_loss":0.0,"gold_gain":0.0,"event_name":"The Library","player_choice":"Heal","floor":25.0,"gold_loss":0.0,"damage_taken":0.0},{"damage_healed":0.0,"max_hp_gain":0.0,"max_hp_loss":0.0,"gold_gain":100.0,"event_name":"The Joust","player_choice":"Bet on Murderer","floor":29.0,"gold_loss":50.0,"damage_taken":0.0},{"damage_healed":0.0,"max_hp_gain":0.0,"max_hp_loss":3.0,"gold_gain":0.0,"event_name":"Winding Halls","player_choice":"Max HP","floor":38.0,"gold_loss":0.0,"damage_taken":0.0},{"cards_removed":["Dagger Throw"],"damage_healed":0.0,"max_hp_gain":0.0,"max_hp_loss":0.0,"gold_gain":0.0,"event_name":"Falling","player_choice":"Removed Attack","floor":39.0,"gold_loss":0.0,"damage_taken":0.0},{"damage_healed":0,"gold_gain":0,"player_choice":"Got Potions","damage_taken":0,"max_hp_gain":0,"max_hp_loss":0,"event_name":"Lab","floor":44,"gold_loss":0},{"damage_healed":0,"gold_gain":0,"player_choice":"Memory 1","damage_taken":0,"max_hp_gain":0,"max_hp_loss":0,"event_name":"SensoryStone","floor":48,"gold_loss":0}],"is_beta":false,"boss_relics":[{"not_picked":["Coffee Dripper","Painkiller Herb"],"picked":"Replay:Drink Me"},{"not_picked":["Honey Jar","Busted Crown"],"picked":"Replay:Bronze Core"}],"items_purged_floors":[3,21,31],"is_endless":false,"potions_floor_spawned":[4,5,10,11,13,24,27,30,35,37,46],"ascension_level":0}}