{"host":"93mson5lmjgzj0ai","time":1610049949,"event":{"mods":["AchievementEnabler","BaseMod","Conspire","Hubris","Infinite Spire","Minty Spire (QoL Compilation)","Shop Mod","StSLib","SuperFastMode","The Construct"],"gold_per_floor":[14,14,14,27,41,68,68,86,111,139,139,139,139,155,155,256,256,267,267,148,159,179,211,231,242,242,277,292,292,292,303,303,402,402,421,421,466,478,495,820,820,846,872,872,872,889,906,936,936,936],"floor_reached":51,"playtime":1263,"items_purged":["Battle Trance+1","conspire:Purge"],"score":1060,"play_id":"35751596-4b1e-4201-96eb-2729e556db26","local_time":"20210107210549","is_ascension_mode":true,"campfire_choices":[{"data":"Infernal Blade","floor":11.0,"key":"SMITH"},{"data":"Bash","floor":13.0,"key":"SMITH"},{"data":"Battle Trance","floor":15.0,"key":"SMITH"},{"floor":29,"key":"REST"},{"data":"Rupture","floor":32,"key":"SMITH"},{"data":"infinitespire:Collect","floor":41,"key":"SMITH"},{"data":"Sword Boomerang","floor":44,"key":"SMITH"},{"data":"conspire:HitWhereItHurts","floor":49,"key":"SMITH"}],"circlet_count":0,"master_deck":["Bash+1","Double Tap+1","Infernal Blade+1","Clash","Clash","Rupture+1","Thunderclap","Dropkick+1","Intimidate+1","Bloodletting","infinitespire:Collect+1","Reaper","infinitespire:OneForAll+1","Sword Boomerang+1","conspire:HitWhereItHurts+1"],"relics":["Burning Blood","Bag of Marbles","conspire:Dentures","Potion Belt","Mango","Sundial","Black Star","Ornamental Fan","Pen Nib","Gremlin Horn","infinitespire:Beetle Shell","Bottled Flame","hubris:64BitClover","conspire:SpecialSausage","infinitespire:Eraser","conspire:BottledYoYo","Ancient Tea Set","Old Coin","infinitespire:Bottled Soul","InkBottle","hubris:ChampionShield","Pantograph","infinitespire:EmpoweringShard","conspire:TopHat"],"acts_visited":["Exordium","TheCity","TheBeyond"],"potions_floor_usage":[27,40,50,50],"damage_taken":[{"damage":0.0,"enemies":"Small Slimes","floor":1.0,"turns":2.0},{"damage":5.0,"enemies":"2 Louse","floor":4.0,"turns":2.0},{"damage":0.0,"enemies":"Cultist","floor":5.0,"turns":2.0},{"damage":8.0,"enemies":"Gremlin Nob","floor":6.0,"turns":4.0},{"damage":10.0,"enemies":"Exordium Thugs","floor":8.0,"turns":2.0},{"damage":13.0,"enemies":"3 Sentries","floor":10.0,"turns":4.0},{"damage":0.0,"enemies":"Looter","floor":14.0,"turns":1.0},{"damage":21.0,"enemies":"Slime Boss","floor":16.0,"turns":8.0},{"damage":30.0,"enemies":"2 Thieves","floor":18.0,"turns":3.0},{"damage":15.0,"enemies":"3 Byrds","floor":21.0,"turns":3.0},{"damage":0.0,"enemies":"Snake Plant","floor":22.0,"turns":1.0},{"damage":48.0,"enemies":"Slavers","floor":23.0,"turns":4.0},{"damage":6.0,"enemies":"Sentry and Sphere","floor":24.0,"turns":3.0},{"damage":11.0,"enemies":"Centurion and Healer","floor":25.0,"turns":3.0},{"damage":12,"enemies":"Book of Stabbing","floor":27,"turns":2},{"damage":8,"enemies":"Shelled Parasite and Fungi","floor":28,"turns":2},{"damage":0,"enemies":"Snecko","floor":31,"turns":2},{"damage":11,"enemies":"Collector","floor":33,"turns":2},{"damage":3,"enemies":"Orb Walker","floor":35,"turns":1},{"damage":67,"enemies":"conspire:MimicChest","floor":37,"turns":5},{"damage":0,"enemies":"3 Shapes","floor":38,"turns":1},{"damage":0,"enemies":"Jaw Worm Horde","floor":39,"turns":1},{"damage":25,"enemies":"Nemesis","floor":40,"turns":3},{"damage":3,"enemies":"Reptomancer","floor":42,"turns":1},{"damage":12,"enemies":"Transient","floor":46,"turns":3},{"damage":3,"enemies":"Sphere and 2 Shapes","floor":47,"turns":1},{"damage":28,"enemies":"Nemesis","floor":48,"turns":3},{"damage":3,"enemies":"Time Eater","floor":50,"turns":2}],"seed_played":"-3094853570943165095","potions_obtained":[{"floor":1.0,"key":"DistilledChaos"},{"floor":6.0,"key":"Swift Potion"},{"floor":16.0,"key":"ElixirPotion"},{"floor":18.0,"key":"FearPotion"},{"floor":19.0,"key":"PowerPotion"},{"floor":19.0,"key":"LiquidMemories"},{"floor":19.0,"key":"SneckoOil"},{"floor":25.0,"key":"Energy Potion"},{"floor":27,"key":"LiquidBronze"},{"floor":31,"key":"FairyPotion"},{"floor":38,"key":"CultistPotion"},{"floor":40,"key":"DistilledChaos"},{"floor":42,"key":"SkillPotion"},{"floor":46,"key":"AttackPotion"}],"is_trial":false,"path_per_floor":["M","?","?","M","M","E","?","M","T","E","R","T","R","M","R","B",null,"M","?","$","M","M","E","M","M","T","E","M","R","AVR","M","R","B",null,"M","AVR","?","M","M","E","R","E","T","R","?","M","M","E","R","B",null],"character_chosen":"IRONCLAD","items_purchased":["Rupture","Thunderclap"],"campfire_rested":1,"item_purchase_floors":[20,20],"current_hp_per_floor":[80,80,85,85,85,83,83,79,79,86,86,86,86,92,92,77,99,75,75,75,66,72,30,30,25,25,19,17,46,46,52,52,47,99,99,99,38,71,99,96,96,99,99,99,99,96,99,77,77,99],"gold":936,"neow_bonus":"TRANSFORM_TWO_CARDS","is_daily":false,"chose_seed":false,"campfire_upgraded":7,"win_rate":0.0,"timestamp":1610049949,"path_taken":["M","?","?","M","M","E","?","M","T","E","R","?","R","M","R","BOSS","M","?","$","M","M","E","M","M","T","E","?","R","AVR","M","R","BOSS","M","AVR","?","M","M","E","R","E","T","R","?","M","?","E","R","BOSS"],"items_purchased_type":["Card","Card"],"build_version":"2020-12-22","purchased_purges":2,"victory":true,"max_hp_per_floor":[80,80,85,85,85,85,85,85,85,99,99,99,99,99,99,99,99,99,99,99,99,99,99,99,99,99,99,99,99,99,99,99,99,99,99,99,99,99,99,99,99,99,99,99,99,99,99,99,99,99],"card_choices":[{"not_picked":["Cleave","Twin Strike","hubris:ReadiedAction"],"picked":"SKIP","floor":1.0},{"not_picked":["Dual Wield","Headbutt","Armaments"],"picked":"SKIP","floor":4.0},{"not_picked":["Iron Wave","Ghostly Armor","Flex"],"picked":"SKIP","floor":5.0},{"not_picked":["True Grit","Dropkick"],"picked":"Clash","floor":6.0},{"not_picked":["hubris:ReadiedAction","Twin Strike"],"picked":"Clash","floor":8.0},{"not_picked":["Battle Trance","Searing Blow","hubris:CleavingFinish"],"picked":"SKIP","floor":10.0},{"not_picked":["Searing Blow","hubris:CleavingFinish"],"picked":"Battle Trance","floor":10.0},{"not_picked":["Clothesline","Heavy Blade","Body Slam"],"picked":"SKIP","floor":14.0},{"not_picked":["Reaper","Limit Break"],"picked":"conspire:Purge","floor":16.0},{"not_picked":["Clothesline","hubris:ReadiedAction"],"picked":"Clash","floor":18.0},{"not_picked":["Thunderclap","Armaments","Shrug It Off"],"picked":"SKIP","floor":21.0},{"not_picked":["hubris:ReadiedAction","Flex","Headbutt"],"picked":"SKIP","floor":22.0},{"not_picked":["Feel No Pain+1","Anger"],"picked":"Dropkick+1","floor":23.0},{"not_picked":["hubris:ReadiedAction","Second Wind"],"picked":"Intimidate+1","floor":24.0},{"not_picked":["Infernal Blade","Pommel Strike","Body Slam"],"picked":"SKIP","floor":25.0},{"not_picked":["Body Slam+1","Feel No Pain"],"picked":"Bloodletting","floor":27},{"not_picked":["True Grit","Seeing Red","Flame Barrier"],"picked":"SKIP","floor":28},{"not_picked":["Thunderclap","Uppercut","Iron Wave"],"picked":"SKIP","floor":31},{"not_picked":["Feed","Double Tap"],"picked":"Reaper","floor":33},{"not_picked":["Warcry+1","Shrug It Off+1"],"picked":"infinitespire:OneForAll+1","floor":35},{"not_picked":["Headbutt","Thunderclap+1"],"picked":"Sword Boomerang","floor":38},{"not_picked":["Headbutt+1","Blood for Blood","infinitespire:OneForAll+1"],"picked":"SKIP","floor":39},{"not_picked":["Cleave","Second Wind","hubris:ReadiedAction"],"picked":"SKIP","floor":40},{"not_picked":["Clothesline+1","Clash","Headbutt"],"picked":"SKIP","floor":42},{"not_picked":["Shockwave","Iron Wave","Thunderclap+1"],"picked":"SKIP","floor":46},{"not_picked":["Flex","Clothesline"],"picked":"conspire:HitWhereItHurts","floor":47},{"not_picked":["Burning Pact+1","Iron Wave+1","Reckless Charge+1"],"picked":"SKIP","floor":48}],"player_experience":14129,"relics_obtained":[{"floor":2.0,"key":"Bag of Marbles"},{"floor":6.0,"key":"conspire:Dentures"},{"floor":9.0,"key":"Potion Belt"},{"floor":10.0,"key":"Mango"},{"floor":12.0,"key":"Sundial"},{"floor":23.0,"key":"Ornamental Fan"},{"floor":23.0,"key":"Pen Nib"},{"floor":26.0,"key":"Gremlin Horn"},{"floor":27,"key":"infinitespire:Beetle Shell"},{"floor":27,"key":"Bottled Flame"},{"floor":37,"key":"conspire:BottledYoYo"},{"floor":40,"key":"Ancient Tea Set"},{"floor":40,"key":"Old Coin"},{"floor":42,"key":"infinitespire:Bottled Soul"},{"floor":42,"key":"InkBottle"},{"floor":43,"key":"hubris:ChampionShield"},{"floor":47,"key":"Pantograph"},{"floor":48,"key":"infinitespire:EmpoweringShard"},{"floor":48,"key":"conspire:TopHat"}],"event_choices":[{"damage_healed":0.0,"max_hp_gain":5.0,"max_hp_loss":0.0,"gold_gain":0.0,"event_name":"Big Fish","player_choice":"Donut","floor":3.0,"gold_loss":0.0,"damage_taken":0.0},{"damage_healed":0.0,"max_hp_gain":0.0,"max_hp_loss":0.0,"gold_gain":0.0,"event_name":"Lab","player_choice":"Got Potions","floor":19.0,"gold_loss":0.0,"damage_taken":0.0},{"damage_healed":0,"gold_gain":0,"player_choice":"Ignored","damage_taken":0,"max_hp_gain":0,"max_hp_loss":0,"event_name":"SecretPortal","floor":45,"gold_loss":0}],"is_beta":false,"boss_relics":[{"not_picked":["Astrolabe","Mark of Pain"],"picked":"Black Star"},{"not_picked":["Calling Bell","SacredBark"],"picked":"conspire:SpecialSausage"}],"items_purged_floors":[30,36],"is_endless":false,"potions_floor_spawned":[1,6,16,18,25,27,31,38,40,42,46],"ascension_level":1}}