{"host":"bc298c4gavna5tx2","time":1610033519,"event":{"mods":["ATMod(°¢èªMod)","Act Like it!","BaseMod","Challenge The Spire","Downfall","Minty Spire (QoL Compilation)","MostiFishMod","Quick Restart","Spicy Shops","StSLib","¡¾¹¦ÄÜMod¡¿»ìãçÖ®»·ÐÞ¸´²¹¶¡","¡¾ÒÅÎï¿¨ÅÆ¡¿REMEMod"],"gold_per_floor":[99,199,199,199,47,47,119,137,150,150,60,60,60,80,91,217,217,142,152,252,252,268,268,268],"floor_reached":23,"playtime":1111,"items_purged":["sneckomod:Defend"],"score":202,"play_id":"68769b75-cf71-4296-86f6-60092cfc8cee","local_time":"20210107233159","is_ascension_mode":false,"campfire_choices":[{"data":"AT_FamilyPortrait","floor":1.0,"key":"SMITH"},{"data":"sneckomod:Unknown3Cost","floor":6.0,"key":"SMITH"},{"data":"sneckomod:DiceBoulder+1","floor":13,"key":"SMITH"},{"data":"sneckomod:UnknownRareSkill","floor":18,"key":"SMITH"}],"circlet_count":0,"master_deck":["sneckomod:TailWhip","sneckomod:SnekBite","sneckomod:Unknown","sneckomod:Unknown","AT_FamilyPortrait+1","sneckomod:UnknownClassHEXA_GHOST_PURPLE","sneckomod:SlitherStrike","sneckomod:DiceBoulder+2","sneckomod:Unknown3Cost+1","sneckomod:SerpentMind","sneckomod:UnknownRareSkill+1","sneckomod:UnknownUncommonPower+1","sneckomod:UnknownClassPURPLE","sneckomod:UnknownVulnerable","sneckomod:UnknownClassTHE_CHAMP_GRAY","sneckomod:UnknownClassRED","sneckomod:UnknownClassSLIMEBOUND","sneckomod:SoulExchange"],"relics":["sneckomod:SneckoSoul","REME_ComplimentaryCards","AT_ATBox","DaveBox","ChiXiaoBlade","downfall:HeartsMalice","AT_ArchangelStaff","AT_EbonyIvory","TimeKeys","downfall:HeartBlessingBlue","Anchor","Peace Pipe","StrikeDummy"],"acts_visited":["Exordium","TheCity"],"potions_floor_usage":[14,22],"damage_taken":[{"damage":0.0,"enemies":"2 Louse","floor":3.0,"turns":1.0},{"damage":0.0,"enemies":"Small Slimes","floor":4.0,"turns":1.0},{"damage":0.0,"enemies":"downfall:FleeingMerchant","floor":5.0,"turns":1.0},{"damage":1,"enemies":"Jaw Worm","floor":8,"turns":2},{"damage":0,"enemies":"3 Louse","floor":9,"turns":5},{"damage":4,"enemies":"downfall:FleeingMerchant","floor":11,"turns":4},{"damage":13,"enemies":"Lots of Slimes","floor":14,"turns":2},{"damage":0,"enemies":"Large Slime","floor":15,"turns":4},{"damage":41,"enemies":"downfall:Ironclad","floor":16,"turns":6},{"damage":5,"enemies":"Spheric Guardian","floor":19,"turns":3},{"damage":59,"enemies":"downfall:Watcher","floor":20,"turns":6},{"damage":38,"enemies":"3 Cultists","floor":22,"turns":5},{"damage":9,"enemies":"Slavers","floor":23,"turns":1}],"seed_played":"-2807774244111091316","potions_obtained":[{"floor":8,"key":"hexamod:EctoCoolerPotion"},{"floor":9,"key":"SpeedPotion"},{"floor":14,"key":"CultistPotion"},{"floor":15,"key":"LiquidBronze"},{"floor":20,"key":"AttackPotion"}],"is_trial":false,"path_per_floor":["R","?","M","M","$","R","T","M","M","?","$","?","R","M","M","B",null,"R","M","?","?","M","E"],"character_chosen":"THE_SNECKO","items_purchased":["AT_ArchangelStaff"],"campfire_rested":0,"item_purchase_floors":[5],"current_hp_per_floor":[91,91,91,91,92,92,92,91,91,84,84,84,84,71,71,31,93,103,99,40,45,7,0,0],"gold":268,"neow_bonus":"THREE_ENEMY_KILL","is_daily":false,"chose_seed":false,"campfire_upgraded":4,"win_rate":0.0,"timestamp":1610033519,"path_taken":["R","?","M","M","$","R","T","M","M","?","?","?","R","?","M","BOSS","R","M","?","?","M","E"],"items_purchased_type":["Relic"],"build_version":"2020-12-22","purchased_purges":1,"victory":false,"max_hp_per_floor":[91,91,91,91,92,92,92,92,92,92,92,92,92,92,92,93,93,103,104,104,109,109,109,109],"card_choices":[{"not_picked":["sneckomod:SoulRoll","sneckomod:UnknownClassSLIMEBOUND"],"picked":"sneckomod:SlitherStrike","floor":3.0},{"not_picked":["sneckomod:UnknownStrike","sneckomod:RainOfDice"],"picked":"sneckomod:DiceBoulder","floor":4.0},{"not_picked":["sneckomod:SoulRoll","sneckomod:SerpentIdol"],"picked":"sneckomod:Unknown3Cost","floor":5.0},{"not_picked":["sneckomod:UnknownClassTHE_CHAMP_GRAY","sneckomod:Unknown1Cost","sneckomod:MasterEye","sneckomod:QuickMove"],"picked":"SKIP","floor":8},{"not_picked":["sneckomod:UnknownWeak","sneckomod:DiceBlock","sneckomod:UnknownEthereal"],"picked":"SKIP","floor":9},{"not_picked":["sneckomod:DefensiveFlair","sneckomod:UnknownStrike","sneckomod:DiceCrush"],"picked":"SKIP","floor":11},{"not_picked":["sneckomod:UnknownCommonAttack","sneckomod:UnknownWeak","sneckomod:ImprovisedGuard"],"picked":"SKIP","floor":14},{"not_picked":["sneckomod:UnknownWeak","sneckomod:UnknownClassRED"],"picked":"sneckomod:SerpentMind","floor":15},{"not_picked":["sneckomod:SoulExchange","sneckomod:Restock"],"picked":"sneckomod:UnknownRareSkill","floor":16},{"not_picked":["sneckomod:IronFang","sneckomod:Unknown1Cost"],"picked":"sneckomod:UnknownUncommonPower+1","floor":19},{"not_picked":["sneckomod:UnknownClassTHE_CHAMP_GRAY","sneckomod:UnknownCommonSkill","sneckomod:CheapStock","sneckomod:UnknownBlock"],"picked":"sneckomod:SoulExchange","floor":22}],"player_experience":128930,"relics_obtained":[{"floor":20,"key":"Peace Pipe"},{"floor":20,"key":"StrikeDummy"}],"event_choices":[{"damage_healed":0,"gold_gain":0,"player_choice":"Success","damage_taken":7,"relics_obtained":["AT_EbonyIvory"],"max_hp_gain":0,"max_hp_loss":0,"event_name":"Scrap Ooze","floor":10,"gold_loss":0},{"damage_healed":0,"gold_gain":0,"player_choice":"Forge","damage_taken":0,"max_hp_gain":0,"max_hp_loss":0,"event_name":"Accursed Blacksmith","floor":12,"gold_loss":0,"cards_upgraded":["sneckomod:DiceBoulder"]}],"is_beta":false,"boss_relics":[{"not_picked":["REME_DuelDisc","Runic Dome"],"picked":"TimeKeys"}],"items_purged_floors":[11],"is_endless":false,"potions_floor_spawned":[8,9,14,15,20],"killed_by":"Slavers","ascension_level":0}}