{"host":"pmjhag63emupgley","time":1610010028,"event":{"mods":["AchievementEnabler","BaseMod","Colored Map","Colored Powertips","Minty Spire (QoL Compilation)","Relic Stats"],"gold_per_floor":[99,99,99,99,99,99,99,99,99,99,25,25,0,0,0,0,0,0,0,0,0,0,0,0,0,0,0,0,0,0,0,0,0,0],"floor_reached":33,"playtime":1525,"items_purged":["Regret"],"score":427,"play_id":"ce2fb3c3-4f08-44cc-9218-744a7b32b3b9","local_time":"20210107170028","is_ascension_mode":true,"campfire_choices":[{"data":"Blur","floor":10,"key":"SMITH"},{"floor":15,"key":"REST"},{"floor":23,"key":"REST"},{"floor":28,"key":"REST"},{"floor":32,"key":"REST"}],"circlet_count":0,"master_deck":["Strike_G","Strike_G","Strike_G","Strike_G","Defend_G","Defend_G","Defend_G","Defend_G","Defend_G","Survivor","Neutralize","Dash","Poisoned Stab","Prepared","Deflect","Backstab","Blur+1","Blade Dance","Finisher","Well Laid Plans","Storm of Steel","Cloak And Dagger","Necronomicurse","Cloak And Dagger","Predator","Deflect","PiercingWail","Catalyst+1","Accuracy","Masterful Stab+1"],"relics":["Ectoplasm","Smiling Mask","Vajra","Snake Skull","Strawberry","Boot","Orichalcum","Black Star","Necronomicon","Red Mask","CeramicFish","Toy Ornithopter","Anchor","FossilizedHelix","The Specimen"],"acts_visited":["Exordium","TheCity"],"potions_floor_usage":[8,14,20,29,30,31],"damage_taken":[{"damage":8,"enemies":"Jaw Worm","floor":1,"turns":6},{"damage":0,"enemies":"Cultist","floor":3,"turns":3},{"damage":0,"enemies":"Small Slimes","floor":4,"turns":3},{"damage":0,"enemies":"Red Slaver","floor":5,"turns":3},{"damage":12,"enemies":"Lagavulin","floor":6,"turns":10},{"damage":8,"enemies":"3 Sentries","floor":8,"turns":7},{"damage":0,"enemies":"Looter","floor":13,"turns":3},{"damage":4,"enemies":"Gremlin Nob","floor":14,"turns":4},{"damage":26,"enemies":"Hexaghost","floor":16,"turns":12},{"damage":0,"enemies":"Chosen","floor":18,"turns":4},{"damage":29,"enemies":"Masked Bandits","floor":20,"turns":5},{"damage":6,"enemies":"Slavers","floor":24,"turns":8},{"damage":17,"enemies":"Shell Parasite","floor":25,"turns":4},{"damage":0,"enemies":"Centurion and Healer","floor":27,"turns":4},{"damage":14,"enemies":"3 Cultists","floor":29,"turns":6},{"damage":22,"enemies":"Book of Stabbing","floor":30,"turns":5},{"damage":12,"enemies":"Snecko","floor":31,"turns":6},{"damage":45,"enemies":"Champ","floor":33,"turns":9}],"seed_played":"5807119532019293303","potions_obtained":[{"floor":1,"key":"ColorlessPotion"},{"floor":4,"key":"SkillPotion"},{"floor":8,"key":"EssenceOfSteel"},{"floor":16,"key":"CultistPotion"},{"floor":20,"key":"DuplicationPotion"},{"floor":25,"key":"PowerPotion"}],"is_trial":false,"path_per_floor":["M","?","M","M","M","E","?","E","T","R","$","?","M","E","R","B",null,"M","?","?","?","$","R","E","M","T","M","R","M","E","M","R","B"],"character_chosen":"THE_SILENT","items_purchased":["Blade Dance"],"campfire_rested":4,"item_purchase_floors":[11],"current_hp_per_floor":[55,55,55,55,55,43,43,35,42,42,42,42,42,38,61,35,67,67,51,22,22,22,45,39,22,22,22,45,36,19,12,35,0,0],"gold":0,"neow_bonus":"BOSS_RELIC","is_daily":false,"chose_seed":false,"campfire_upgraded":1,"win_rate":0.0,"timestamp":1610010028,"path_taken":["M","?","M","?","?","E","?","E","T","R","$","?","?","E","R","BOSS","M","?","?","?","$","R","E","M","T","?","R","M","E","M","R","BOSS"],"items_purchased_type":["Card"],"build_version":"2020-12-22","purchased_purges":1,"victory":false,"max_hp_per_floor":[70,70,70,70,70,70,70,70,77,77,77,77,77,77,77,77,77,77,77,77,77,77,77,77,77,77,77,77,77,77,77,77,77,77],"relic_stats":{"counters":[18,102],"CeramicFish":0,"Ectoplasm":554,"Snake Skull":[13],"Black Star":2,"Necronomicon":[17],"Orichalcum":[42],"Smiling Mask":25,"Boot":[23],"obtain_stats":[{"The Specimen":30,"CeramicFish":24,"Vajra":7,"Snake Skull":8,"Orichalcum":14,"Smiling Mask":6,"Boot":12,"Anchor":26,"Strawberry":9,"Ectoplasm":0,"Black Star":17,"Necronomicon":19,"Red Mask":20,"Toy Ornithopter":24,"FossilizedHelix":30,"Ring of the Snake":0},{"The Specimen":16,"CeramicFish":12,"Vajra":5,"Snake Skull":6,"Orichalcum":8,"Smiling Mask":5,"Boot":6,"Anchor":13,"Strawberry":6,"Ectoplasm":0,"Black Star":9,"Necronomicon":10,"Red Mask":11,"Toy Ornithopter":12,"FossilizedHelix":16,"Ring of the Snake":0},{"The Specimen":87,"CeramicFish":68,"Vajra":25,"Snake Skull":32,"Orichalcum":39,"Smiling Mask":25,"Boot":32,"Anchor":72,"Strawberry":32,"Ectoplasm":0,"Black Star":51,"Necronomicon":55,"Red Mask":60,"Toy Ornithopter":68,"FossilizedHelix":87,"Ring of the Snake":0}],"Toy Ornithopter":15},"card_choices":[{"not_picked":["Dagger Spray","Tactician"],"picked":"Dash","floor":1},{"not_picked":["Skewer","Bane"],"picked":"Prepared","floor":3},{"not_picked":["Flying Knee","Backstab"],"picked":"Deflect","floor":4},{"not_picked":["Poisoned Stab","Sucker Punch"],"picked":"Backstab","floor":5},{"not_picked":["Underhanded Strike","Tactician"],"picked":"Deadly Poison","floor":6},{"not_picked":["Bane","Terror"],"picked":"Blur","floor":8},{"not_picked":["Blur","Caltrops"],"picked":"Finisher","floor":13},{"not_picked":["Underhanded Strike","Grand Finale"],"picked":"Well Laid Plans","floor":14},{"not_picked":["Bullet Time","Night Terror"],"picked":"Storm of Steel","floor":16},{"not_picked":["Catalyst","Dagger Spray+1"],"picked":"Cloak And Dagger","floor":18},{"not_picked":["Deadly Poison","Flying Knee+1"],"picked":"Cloak And Dagger","floor":20},{"not_picked":["Backstab","Choke"],"picked":"Predator","floor":24},{"not_picked":["Leg Sweep","Dagger Spray+1"],"picked":"Deflect","floor":25},{"not_picked":["Finisher","Caltrops"],"picked":"PiercingWail","floor":27},{"not_picked":["Bane","Underhanded Strike"],"picked":"Catalyst+1","floor":29},{"not_picked":["Adrenaline","Quick Slash+1"],"picked":"Accuracy","floor":30},{"not_picked":["Underhanded Strike","Dodge and Roll+1"],"picked":"Masterful Stab+1","floor":31}],"player_experience":394467,"relics_obtained":[{"floor":6,"key":"Smiling Mask"},{"floor":8,"key":"Snake Skull"},{"floor":9,"key":"Strawberry"},{"floor":14,"key":"Orichalcum"},{"floor":19,"key":"Necronomicon"},{"floor":20,"key":"Red Mask"},{"floor":24,"key":"CeramicFish"},{"floor":24,"key":"Toy Ornithopter"},{"floor":26,"key":"Anchor"},{"floor":30,"key":"FossilizedHelix"},{"floor":30,"key":"The Specimen"}],"event_choices":[{"damage_healed":0,"gold_gain":0,"player_choice":"1 cards matched","damage_taken":0,"max_hp_gain":0,"max_hp_loss":0,"event_name":"Match and Keep!","floor":2,"gold_loss":0,"cards_obtained":["Poisoned Stab"]},{"damage_healed":0,"gold_gain":0,"player_choice":"Box","damage_taken":0,"relics_obtained":["Vajra"],"max_hp_gain":0,"max_hp_loss":0,"event_name":"Big Fish","floor":7,"gold_loss":0,"cards_obtained":["Regret"]},{"cards_removed":["Deadly Poison"],"damage_healed":0,"gold_gain":0,"player_choice":"Gave Card","damage_taken":0,"relics_obtained":["Boot"],"max_hp_gain":0,"max_hp_loss":0,"event_name":"WeMeetAgain","floor":12,"gold_loss":0},{"damage_healed":0,"gold_gain":0,"player_choice":"Obtained Book","damage_taken":16,"max_hp_gain":0,"max_hp_loss":0,"event_name":"Cursed Tome","floor":19,"gold_loss":0},{"damage_healed":0,"gold_gain":0,"player_choice":"Fought Bandits","damage_taken":0,"max_hp_gain":0,"max_hp_loss":0,"event_name":"Masked Bandits","floor":20,"gold_loss":0},{"cards_removed":["Strike_G"],"damage_healed":0,"gold_gain":0,"player_choice":"Card Removal","damage_taken":0,"max_hp_gain":0,"max_hp_loss":0,"event_name":"Wheel of Change","floor":21,"gold_loss":0}],"is_beta":false,"boss_relics":[{"not_picked":["Runic Dome","SlaversCollar"],"picked":"Black Star"}],"items_purged_floors":[11],"is_endless":false,"potions_floor_spawned":[1,4,8,16,20,25,27],"killed_by":"Champ","ascension_level":8}}