{"host":"d4km6p8r92tm3vpl","time":1610026528,"event":{"mods":["AchievementEnabler","BaseMod","Colored Map","Colored Powertips","DeckTracker","Minty Spire (QoL Compilation)","Relic Stats","StSLib"],"gold_per_floor":[110,110,185,208,233,233,277,297,297,322,358,358,381,67,67,186,186,200,200,214,214,39,39,77,93,116,130,161,161,112,130,130,258,258,272,297,172,22,38,77,140,155,236,257,2,17,38,38,38,38,38,38,16,60,60],"floor_reached":56,"playtime":2366,"items_purged":["Strike_G","Strike_G","Strike_G+1","Strike_G+1","Strike_G+1"],"score":1754,"play_id":"a139f39c-a182-42f1-98cf-421c5586cb5d","local_time":"20210107083528","is_ascension_mode":true,"campfire_choices":[{"data":"Accuracy","floor":6,"key":"SMITH"},{"floor":15,"key":"REST"},{"data":"Footwork","floor":23,"key":"SMITH"},{"data":"Blade Dance","floor":32,"key":"SMITH"},{"floor":49,"key":"RECALL"},{"data":"After Image","floor":52,"key":"SMITH"}],"circlet_count":0,"master_deck":["AscendersBane","Defend_G+1","Defend_G+1","Defend_G+1","Defend_G+1","Survivor","Neutralize","Sucker Punch","Blade Dance","Accuracy+1","Cloak And Dagger","Quick Slash","All Out Attack","Storm of Steel","Flying Knee","Infinite Blades","Footwork+1","Backflip","Footwork+1","Cloak And Dagger","Blade Dance+1","Cloak And Dagger+1","After Image+1","Blade Dance","Blur+1","Noxious Fumes","Dodge and Roll+1","Crippling Poison","Accuracy","Backflip+1","Cloak And Dagger","Accuracy"],"relics":["Ring of the Serpent","Akabeko","Golden Idol","Bird Faced Urn","Lizard Tail","Tough Bandages","Blood Vial","Mummified Hand","WingedGreaves","Pen Nib","Calipers","Philosopher\u0027s Stone","Kunai","Peace Pipe","Bag of Marbles"],"acts_visited":["Exordium","TheCity","TheBeyond","TheEnding"],"potions_floor_usage":[7,11,20,24,28,31,55,55],"damage_taken":[{"damage":6,"enemies":"Jaw Worm","floor":1,"turns":5},{"damage":1,"enemies":"Small Slimes","floor":4,"turns":4},{"damage":0,"enemies":"Cultist","floor":5,"turns":3},{"damage":10,"enemies":"Lagavulin","floor":7,"turns":5},{"damage":0,"enemies":"Blue Slaver","floor":8,"turns":4},{"damage":0,"enemies":"Looter","floor":10,"turns":3},{"damage":22,"enemies":"Gremlin Nob","floor":11,"turns":4},{"damage":9,"enemies":"Exordium Wildlife","floor":13,"turns":6},{"damage":17,"enemies":"The Guardian","floor":16,"turns":15},{"damage":8,"enemies":"Shell Parasite","floor":18,"turns":5},{"damage":3,"enemies":"Spheric Guardian","floor":20,"turns":4},{"damage":21,"enemies":"Book of Stabbing","floor":24,"turns":6},{"damage":1,"enemies":"Centurion and Healer","floor":25,"turns":5},{"damage":11,"enemies":"Chosen and Byrds","floor":27,"turns":8},{"damage":4,"enemies":"Gremlin Leader","floor":28,"turns":7},{"damage":0,"enemies":"Snecko","floor":31,"turns":3},{"damage":13,"enemies":"Automaton","floor":33,"turns":9},{"damage":19,"enemies":"3 Darklings","floor":35,"turns":6},{"damage":0,"enemies":"Orb Walker","floor":36,"turns":3},{"damage":4,"enemies":"3 Darklings","floor":39,"turns":6},{"damage":29,"enemies":"Reptomancer","floor":40,"turns":7},{"damage":0,"enemies":"Mind Bloom Boss Battle","floor":41,"turns":6},{"damage":15,"enemies":"4 Shapes","floor":42,"turns":5},{"damage":11,"enemies":"Jaw Worm Horde","floor":44,"turns":5},{"damage":0,"enemies":"Sphere and 2 Shapes","floor":46,"turns":6},{"damage":5,"enemies":"4 Shapes","floor":47,"turns":6},{"damage":12,"enemies":"Donu and Deca","floor":50,"turns":10},{"damage":14,"enemies":"Shield and Spear","floor":54,"turns":8},{"damage":63,"enemies":"The Heart","floor":55,"turns":11}],"seed_played":"5037562724242985400","potions_obtained":[{"floor":1,"key":"CunningPotion"},{"floor":5,"key":"Fruit Juice"},{"floor":10,"key":"BlessingOfTheForge"},{"floor":16,"key":"SkillPotion"},{"floor":20,"key":"ColorlessPotion"},{"floor":25,"key":"SkillPotion"},{"floor":28,"key":"Weak Potion"},{"floor":39,"key":"SteroidPotion"}],"is_trial":false,"path_per_floor":["M","?","?","M","M","R","E","M","T","M","E","?","M","$","R","B",null,"M","?","M","?","$","R","E","M","T","M","E","?","$","M","R","B",null,"M","M","$","$","M","E","?","M","T","M","$","M","M","?","R","B",null,"R","$","E","B",null],"character_chosen":"THE_SILENT","items_purchased":["Mummified Hand","Footwork","Blade Dance","Accuracy","Cloak And Dagger"],"campfire_rested":1,"item_purchase_floors":[14,22,30,45,53],"current_hp_per_floor":[57,57,46,45,45,45,35,37,37,39,19,19,14,14,33,20,54,50,50,51,51,51,51,38,45,45,44,50,50,50,58,58,54,62,52,62,62,62,65,42,54,53,53,56,56,65,64,64,64,62,64,64,64,59,16],"gold":60,"neow_bonus":"RANDOM_COMMON_RELIC","is_daily":false,"chose_seed":false,"campfire_upgraded":4,"win_rate":0.0,"timestamp":1610026528,"path_taken":["M","?","?","M","M","R","E","M","T","M","E","?","?","$","R","BOSS","M","?","M","?","?","R","E","?","T","M","E","?","$","M","R","BOSS","M","M","$","$","M","E","?","M","T","M","$","M","M","?","R","BOSS","R","$","E","BOSS"],"items_purchased_type":["Relic","Card","Card","Card","Card"],"build_version":"2020-12-22","purchased_purges":5,"victory":true,"max_hp_per_floor":[70,65,65,65,65,65,65,65,65,65,65,65,65,65,65,65,65,65,65,65,65,65,65,65,65,65,65,65,65,65,65,65,65,65,65,65,65,65,65,65,65,65,65,65,65,65,65,65,65,65,65,65,65,65,70],"relic_stats":{"Blood Vial":38,"Peace Pipe":1,"Lizard Tail":0,"Tough Bandages":[540],"counters":[29,175],"Golden Idol":224,"Mummified Hand":[97],"Bird Faced Urn":[156],"Pen Nib":[44],"Kunai":[62],"obtain_stats":[{"Calipers":28,"Golden Idol":2,"Pen Nib":26,"Akabeko":0,"Blood Vial":12,"Peace Pipe":41,"Lizard Tail":9,"Tough Bandages":11,"Mummified Hand":14,"Bird Faced Urn":7,"Philosopher\u0027s Stone":34,"WingedGreaves":24,"Bag of Marbles":54,"Kunai":40,"Ring of the Serpent":17,"Ring of the Snake":0},{"Calipers":15,"Golden Idol":1,"Pen Nib":13,"Akabeko":0,"Blood Vial":7,"Peace Pipe":22,"Lizard Tail":5,"Tough Bandages":7,"Mummified Hand":8,"Bird Faced Urn":4,"Philosopher\u0027s Stone":17,"WingedGreaves":12,"Bag of Marbles":28,"Kunai":21,"Ring of the Serpent":9,"Ring of the Snake":0},{"Calipers":84,"Golden Idol":5,"Pen Nib":69,"Akabeko":0,"Blood Vial":28,"Peace Pipe":124,"Lizard Tail":21,"Tough Bandages":28,"Mummified Hand":34,"Bird Faced Urn":17,"Philosopher\u0027s Stone":96,"WingedGreaves":64,"Bag of Marbles":164,"Kunai":118,"Ring of the Serpent":49,"Ring of the Snake":0}]},"card_choices":[{"not_picked":["Setup","Flying Knee"],"picked":"Sucker Punch","floor":1},{"not_picked":["Dodge and Roll","Terror"],"picked":"Blade Dance","floor":4},{"not_picked":["Acrobatics","Eviscerate"],"picked":"Accuracy","floor":5},{"not_picked":["Noxious Fumes","Backflip"],"picked":"Cloak And Dagger","floor":7},{"not_picked":["Poisoned Stab","Escape Plan"],"picked":"Quick Slash","floor":8},{"not_picked":["Concentrate","Riddle With Holes","Choke"],"picked":"SKIP","floor":10},{"not_picked":["Dagger Throw","Endless Agony"],"picked":"All Out Attack","floor":11},{"not_picked":["Tactician","Riddle With Holes","Expertise"],"picked":"SKIP","floor":13},{"not_picked":["Unload","Wraith Form v2"],"picked":"Storm of Steel","floor":16},{"not_picked":["Predator","Sucker Punch"],"picked":"Flying Knee","floor":18},{"not_picked":["Sucker Punch","Caltrops"],"picked":"Infinite Blades","floor":20},{"not_picked":["Outmaneuver","Bouncing Flask"],"picked":"Backflip","floor":24},{"not_picked":["Bane+1","Setup"],"picked":"Footwork+1","floor":25},{"not_picked":["Infinite Blades","Backflip"],"picked":"Cloak And Dagger","floor":27},{"not_picked":["Bane+1","Dagger Spray","Crippling Poison+1"],"picked":"SKIP","floor":28},{"not_picked":["Underhanded Strike","Crippling Poison"],"picked":"Cloak And Dagger+1","floor":31},{"not_picked":["Wraith Form v2","Phantasmal Killer"],"picked":"After Image","floor":33},{"not_picked":["Reflex+1","Dagger Spray"],"picked":"Blade Dance","floor":35},{"not_picked":["Dagger Throw+1","Eviscerate+1"],"picked":"Blur+1","floor":36},{"not_picked":["Bouncing Flask","Poisoned Stab+1","Prepared"],"picked":"SKIP","floor":39},{"not_picked":["Outmaneuver+1","Sucker Punch+1","Underhanded Strike+1"],"picked":"SKIP","floor":40},{"not_picked":["Dash","Deadly Poison+1"],"picked":"Noxious Fumes","floor":41},{"not_picked":["Well Laid Plans","Envenom"],"picked":"Dodge and Roll+1","floor":42},{"not_picked":["Bane+1","Quick Slash+1"],"picked":"Crippling Poison","floor":44},{"not_picked":["Deflect","Endless Agony+1"],"picked":"Backflip+1","floor":46},{"not_picked":["Heel Hook","PiercingWail","Deadly Poison"],"picked":"SKIP","floor":47},{"not_picked":["Blur+1","Flechettes+1"],"picked":"Accuracy","floor":54}],"player_experience":815514,"relics_obtained":[{"floor":7,"key":"Bird Faced Urn"},{"floor":9,"key":"Lizard Tail"},{"floor":11,"key":"Tough Bandages"},{"floor":12,"key":"Blood Vial"},{"floor":24,"key":"WingedGreaves"},{"floor":26,"key":"Pen Nib"},{"floor":28,"key":"Calipers"},{"floor":40,"key":"Kunai"},{"floor":41,"key":"Peace Pipe"},{"floor":54,"key":"Bag of Marbles"}],"event_choices":[{"damage_healed":0,"gold_gain":0,"player_choice":"Lose Max HP","damage_taken":0,"relics_obtained":["Golden Idol"],"max_hp_gain":0,"max_hp_loss":5,"event_name":"Golden Idol","floor":2,"gold_loss":0},{"damage_healed":0,"gold_gain":75,"player_choice":"Gather Gold","damage_taken":11,"max_hp_gain":0,"max_hp_loss":0,"event_name":"World of Goop","floor":3,"gold_loss":0},{"damage_healed":0,"gold_gain":0,"player_choice":"Relic","damage_taken":0,"max_hp_gain":0,"max_hp_loss":0,"event_name":"Wheel of Change","floor":12,"gold_loss":0},{"damage_healed":0,"gold_gain":0,"player_choice":"Ignored","damage_taken":0,"max_hp_gain":0,"max_hp_loss":0,"event_name":"Cursed Tome","floor":19,"gold_loss":0},{"damage_healed":0,"gold_gain":0,"player_choice":"Ignored","damage_taken":0,"max_hp_gain":0,"max_hp_loss":0,"event_name":"Vampires","floor":21,"gold_loss":0},{"damage_healed":0,"gold_gain":0,"player_choice":"Simplicity","damage_taken":0,"max_hp_gain":0,"max_hp_loss":0,"event_name":"Back to Basics","floor":29,"gold_loss":0,"cards_upgraded":["Strike_G","Strike_G","Strike_G","Defend_G","Defend_G","Defend_G","Defend_G","Defend_G"]},{"damage_healed":0,"gold_gain":0,"player_choice":"Fight","damage_taken":0,"max_hp_gain":0,"max_hp_loss":0,"event_name":"MindBloom","floor":41,"gold_loss":0},{"cards_removed":["Defend_G"],"damage_healed":0,"gold_gain":0,"player_choice":"Purged","damage_taken":0,"max_hp_gain":0,"max_hp_loss":0,"event_name":"Purifier","floor":48,"gold_loss":0}],"is_beta":false,"boss_relics":[{"not_picked":["Tiny House","HoveringKite"],"picked":"Ring of the Serpent"},{"not_picked":["Runic Dome","Calling Bell"],"picked":"Philosopher\u0027s Stone"}],"items_purged_floors":[14,22,37,38,45],"is_endless":false,"potions_floor_spawned":[1,5,10,16,18,20,25,28,39,40,44,47,54],"ascension_level":11}}