{"host":"cbabs5wvj1yqiyjm","time":1610062678,"event":{"mods":["AchievementEnabler","Act Like it!","Bartender","BaseMod","Bestiary","Better Third Choice","BetterRewards","Colored Powertips","Downfall","Friendly Minions","Hallownest","Hermit","Infinite Spire","Kratos Character Expansion","Marisa????????","Minty Spire (QoL Compilation)","Rare Cards Sparkle","Replay The Spire","SOS???????","Spicy Shops","StSLib","Td1madao Mod","The Bladedancer","The Bug Knight","The Cursed","The Disciple","The Forsaken","The Marked","The Necromancer","The Servant 0.9.4","Wandering Minibosses","???Mod??????Boss"],"gold_per_floor":[112,112,112,112,128,138,138,138,156,156,156,156,169,59,84,97,97,97,97],"floor_reached":18,"playtime":4475,"items_purged":[],"score":102,"play_id":"226322fb-e18e-4672-8600-c1b5c2b68701","local_time":"20210107183758","is_ascension_mode":false,"campfire_choices":[{"floor":8,"key":"REST"},{"floor":10,"key":"REST"},{"data":"Outmaneuver","floor":12,"key":"SMITH"},{"floor":17,"key":"REST"}],"circlet_count":0,"master_deck":["Strike_G","Strike_G","Strike_G","Strike_G","Strike_G+1","Defend_G","Defend_G","Defend_G","Defend_G","Defend_G","Survivor","Neutralize","Venomology","Blade Dance+1","Deadly Poison","Riddle With Holes+1","Outmaneuver+1","Bane","ReplayTheSpireMod:Shiv Toss+1","Backstab"],"relics":["Ring of the Snake","Smiling Mask","Whetstone"],"acts_visited":["Exordium"],"potions_floor_usage":[1,9,13,13,18,18],"damage_taken":[{"damage":0,"enemies":"Small Slimes","floor":1,"turns":3},{"damage":6,"enemies":"2 Louse","floor":5,"turns":3},{"damage":0,"enemies":"Jaw Worm","floor":6,"turns":4},{"damage":11,"enemies":"Blue Slaver","floor":9,"turns":3},{"damage":19,"enemies":"Exordium Thugs","floor":13,"turns":4},{"damage":0,"enemies":"Gremlin Gang","floor":16,"turns":3},{"damage":72,"enemies":"The Guardian","floor":18,"turns":16}],"seed_played":"-730680695323277463","potions_obtained":[{"floor":1,"key":"Toxic Potion"},{"floor":9,"key":"ColorlessPotion"}],"is_trial":false,"path_per_floor":["M","?","PTL","PTL","M","M","?","R","M","R","T","R","M","$","T","M","R","B"],"character_chosen":"THE_SILENT","items_purchased":["ReplayTheSpireMod:Shiv Toss+1"],"campfire_rested":3,"item_purchase_floors":[14],"current_hp_per_floor":[70,70,70,70,64,64,64,70,59,70,70,70,51,51,51,51,70,0,0],"gold":97,"neow_bonus":"ONE_RANDOM_RARE_CARD","is_daily":false,"chose_seed":false,"campfire_upgraded":1,"win_rate":0.0,"timestamp":1610062678,"path_taken":["M","?","PTL","PTL","M","M","?","R","M","R","T","R","M","$","?","M","R","BOSS"],"items_purchased_type":["Card"],"build_version":"2020-12-22","purchased_purges":0,"victory":false,"max_hp_per_floor":[70,70,70,70,70,70,70,70,70,70,70,70,70,70,70,70,70,70,70],"card_choices":[{"not_picked":["Heel Hook","Dagger Throw"],"picked":"Blade Dance","floor":1},{"not_picked":["Dagger Spray","Deflect"],"picked":"Deadly Poison","floor":5},{"not_picked":["Quick Slash","Dagger Spray"],"picked":"Riddle With Holes","floor":6},{"not_picked":["Blur","Reflex"],"picked":"Outmaneuver","floor":9},{"not_picked":["ReplayTheSpireMod:Scrap Shanks","Acrobatics"],"picked":"Bane","floor":13},{"not_picked":["Bane","Well Laid Plans"],"picked":"Backstab","floor":16}],"player_experience":59646,"relics_obtained":[{"floor":11,"key":"Smiling Mask"},{"floor":15,"key":"Whetstone"}],"event_choices":[{"damage_healed":0,"gold_gain":0,"player_choice":"Leave","damage_taken":0,"max_hp_gain":0,"max_hp_loss":0,"event_name":"The Cleric","floor":2,"gold_loss":0},{"damage_healed":0,"gold_gain":0,"player_choice":"Grow","damage_taken":0,"max_hp_gain":0,"max_hp_loss":0,"event_name":"Living Wall","floor":7,"gold_loss":0,"cards_upgraded":["Blade Dance"]}],"is_beta":false,"boss_relics":[],"items_purged_floors":[],"is_endless":false,"potions_floor_spawned":[1,9],"killed_by":"The Guardian","ascension_level":0}}