{"host":"tjicewryrzew529r","time":1610030271,"event":{"mods":["AchievementEnabler","BaseMod","Block Reminder","Colored Map","Googly Eyes","Highlight Path","Minty Spire (QoL Compilation)","StSLib","The Servant 0.9.4"],"gold_per_floor":[116,126,126,150,175,175,194,234,234,234,278,298,298,298,298,424,424,438,457,225,225,225,225,256,272,295,18,35,35,45,64,64,64,64],"floor_reached":33,"playtime":1963,"items_purged":["Strike_S","Parasite"],"score":335,"play_id":"398ba1c6-1e42-4910-ac9e-b87ea0386154","local_time":"20210107223751","is_ascension_mode":true,"campfire_choices":[{"data":"Luminosity","floor":6,"key":"SMITH"},{"floor":10,"key":"REST"},{"data":"Dilation","floor":15,"key":"SMITH"},{"data":"Deny","floor":23,"key":"SMITH"},{"data":"FanOfKnives","floor":29,"key":"SMITH"},{"data":"Panache","floor":32,"key":"SMITH"}],"circlet_count":0,"master_deck":["Strike_S","Strike_S+1","Strike_S","Defend_S","Defend_S","Defend_S","Defend_S","KidneyShot","Exchange","Luminosity+1","Potential+1","Reset","Alleviate","Orbit","Dilation+1","Deny+1","Rearm","StarChef+1","FanOfKnives+1","Panache+1","SpecialFormula","Sabotage"],"relics":["Uniform","Nunchaku","Bloody Idol","TungstenRod","InkBottle","Centennial Puzzle","Cursed Key","Whetstone","PocketWatch","Bag of Preparation"],"acts_visited":["Exordium","TheCity"],"potions_floor_usage":[8,8,16,24],"damage_taken":[{"damage":3,"enemies":"2 Louse","floor":1,"turns":4},{"damage":0,"enemies":"Small Slimes","floor":2,"turns":4},{"damage":6,"enemies":"Jaw Worm","floor":4,"turns":4},{"damage":6,"enemies":"3 Louse","floor":5,"turns":4},{"damage":6,"enemies":"2 Fungi Beasts","floor":7,"turns":5},{"damage":19,"enemies":"Gremlin Nob","floor":8,"turns":4},{"damage":13,"enemies":"3 Sentries","floor":11,"turns":8},{"damage":3,"enemies":"Looter","floor":12,"turns":3},{"damage":10,"enemies":"Slime Boss","floor":16,"turns":9},{"damage":14,"enemies":"2 Thieves","floor":18,"turns":4},{"damage":4,"enemies":"Chosen","floor":19,"turns":4},{"damage":10,"enemies":"Gremlin Leader","floor":24,"turns":5},{"damage":0,"enemies":"Snecko","floor":25,"turns":5},{"damage":6,"enemies":"3 Cultists","floor":28,"turns":5},{"damage":6,"enemies":"Snake Plant","floor":30,"turns":6},{"damage":8,"enemies":"Cultist and Chosen","floor":31,"turns":6},{"damage":60,"enemies":"Automaton","floor":33,"turns":6}],"seed_played":"-1089924958839658655","potions_obtained":[{"floor":2,"key":"SkillPotion"},{"floor":7,"key":"DuplicationPotion"},{"floor":12,"key":"Strength Potion"},{"floor":16,"key":"SteroidPotion"},{"floor":19,"key":"SteroidPotion"},{"floor":31,"key":"Strength Potion"}],"is_trial":false,"path_per_floor":["M","M","?","M","M","R","M","E","T","R","E","M","?","?","R","B",null,"M","M","$","?","?","R","E","M","T","$","M","R","M","M","R","B"],"character_chosen":"THE_SERVANT","items_purchased":["Whetstone","Panache"],"campfire_rested":1,"item_purchase_floors":[20,27],"current_hp_per_floor":[62,62,46,40,34,34,28,9,9,28,15,12,33,33,33,23,65,51,47,47,47,47,47,42,47,52,52,51,51,50,52,52,0,0],"gold":64,"neow_bonus":"RANDOM_COMMON_RELIC","is_daily":false,"chose_seed":false,"campfire_upgraded":5,"win_rate":0.0,"timestamp":1610030271,"path_taken":["M","M","?","M","M","R","M","E","T","R","E","M","?","?","R","BOSS","M","M","$","?","?","R","E","M","T","$","M","R","M","M","R","BOSS"],"items_purchased_type":["Relic","Card"],"build_version":"2020-12-22","purchased_purges":2,"victory":false,"max_hp_per_floor":[65,65,65,65,65,65,65,65,65,65,65,65,65,65,65,65,65,65,65,65,65,65,65,65,65,65,62,62,62,62,62,62,62,62],"card_choices":[{"not_picked":["Spin","Unruled"],"picked":"Luminosity","floor":1},{"not_picked":["Replace","Rewind"],"picked":"Potential","floor":2},{"not_picked":["Defy","TimeWarp"],"picked":"Reset","floor":4},{"not_picked":["Revamp","Rewind"],"picked":"Alleviate","floor":5},{"not_picked":["Spin","TimeTheft","DoubleEdge"],"picked":"SKIP","floor":7},{"not_picked":["Rearm","Ricochet"],"picked":"Orbit","floor":8},{"not_picked":["Foresight","Hightail"],"picked":"Dilation","floor":11},{"not_picked":["Replace","Revamp","Spin"],"picked":"SKIP","floor":12},{"not_picked":["FlawlessForm","ForgedInTime"],"picked":"Deny","floor":16},{"not_picked":["Starlight","FastForward+1"],"picked":"Rearm","floor":18},{"not_picked":["Sabotage","DoubleEdge"],"picked":"StarChef+1","floor":19},{"not_picked":["Rearm+1","Spin","ShatteredReality"],"picked":"SKIP","floor":24},{"not_picked":["Shuttle","Alleviate+1"],"picked":"FanOfKnives","floor":25},{"not_picked":["Revamp","FastForward","Spin"],"picked":"SKIP","floor":28},{"not_picked":["Unruled","Defy"],"picked":"SpecialFormula","floor":30},{"not_picked":["Spin","Ricochet"],"picked":"Sabotage","floor":31}],"player_experience":406936,"relics_obtained":[{"floor":8,"key":"TungstenRod"},{"floor":9,"key":"InkBottle"},{"floor":11,"key":"Centennial Puzzle"},{"floor":24,"key":"PocketWatch"},{"floor":26,"key":"Bag of Preparation"}],"event_choices":[{"damage_healed":0,"gold_gain":0,"player_choice":"Take Damage","damage_taken":16,"relics_obtained":["Golden Idol"],"max_hp_gain":0,"max_hp_loss":0,"event_name":"Golden Idol","floor":3,"gold_loss":0},{"damage_healed":21,"gold_gain":0,"player_choice":"Banana","damage_taken":0,"max_hp_gain":0,"max_hp_loss":0,"event_name":"Big Fish","floor":13,"gold_loss":0},{"damage_healed":0,"gold_gain":0,"player_choice":"Ignored","damage_taken":0,"max_hp_gain":0,"max_hp_loss":0,"event_name":"Liars Game","floor":14,"gold_loss":0},{"damage_healed":0,"gold_gain":0,"player_choice":"Gave Idol","damage_taken":0,"relics_obtained":["Bloody Idol"],"max_hp_gain":0,"max_hp_loss":0,"event_name":"Forgotten Altar","floor":21,"relics_lost":["Golden Idol"],"gold_loss":0},{"damage_healed":0,"gold_gain":0,"player_choice":"Ignored","damage_taken":0,"max_hp_gain":0,"max_hp_loss":0,"event_name":"Cursed Tome","floor":22,"gold_loss":0}],"is_beta":false,"boss_relics":[{"not_picked":["MysterySword","Black Star"],"picked":"Cursed Key"}],"items_purged_floors":[20,27],"is_endless":false,"potions_floor_spawned":[2,7,12,16,19,31],"killed_by":"Automaton","ascension_level":4}}