{"host":"ig7tc0uedzltt2sr","time":1610004904,"event":{"mods":["BaseMod","Better Twitch Integration","Block Reminder","Colored Map","Colored Powertips","Communication Mod","Current Relic Mod","GifTheSpireLib","HexUI Lib","Minty Spire (QoL Compilation)","Quick Restart","Random Character Button","Rare Cards Sparkle","Relic Sorter","Relic Stats","Slay the Relics Exporter","StSLib","SuperFastMode","Synergy Search","Twitch Decklist","Twitch Utils","everything is the same but u backflip on backflip","slay the spire mod where everything is the same but ironclad has a cowboy hat"],"gold_per_floor":[113,113,133,145,31,31,44,0,0,15,27,27,27],"floor_reached":12,"playtime":98,"items_purged":[],"score":72,"play_id":"35234119-05a7-4ab7-840d-2f7149ebeab9","local_time":"20210106233504","is_ascension_mode":false,"campfire_choices":[{"floor":6,"key":"REST"}],"circlet_count":0,"master_deck":["Strike_R","Strike_R","Strike_R","Strike_R","Defend_R","Defend_R","Defend_R","Defend_R","Bash","Carnage","Rage","Shrug It Off","Flame Barrier","Feel No Pain","Combust","Flex","Second Wind","Sword Boomerang"],"relics":["Burning Blood","NeowsBlessing","Nunchaku"],"acts_visited":["Exordium"],"potions_floor_usage":[],"damage_taken":[{"damage":0,"enemies":"Jaw Worm","floor":1,"turns":1},{"damage":0,"enemies":"2 Louse","floor":3,"turns":1},{"damage":0,"enemies":"Small Slimes","floor":4,"turns":1},{"damage":2,"enemies":"3 Louse","floor":7,"turns":6},{"damage":5,"enemies":"Looter","floor":8,"turns":5},{"damage":22,"enemies":"Exordium Thugs","floor":10,"turns":7},{"damage":25,"enemies":"Lots of Slimes","floor":11,"turns":7},{"damage":56,"enemies":"Lagavulin","floor":12,"turns":7}],"seed_played":"-3788125300928477719","potions_obtained":[{"floor":1,"key":"SkillPotion"},{"floor":3,"key":"Fire Potion"},{"floor":4,"key":"SkillPotion"},{"floor":11,"key":"LiquidBronze"}],"is_trial":false,"path_per_floor":["M","?","M","M","$","R","M","M","T","M","M","E"],"character_chosen":"IRONCLAD","items_purchased":["Flame Barrier","Feel No Pain"],"campfire_rested":1,"item_purchase_floors":[5,5],"current_hp_per_floor":[80,73,79,80,80,80,80,80,80,64,45,0,0],"gold":27,"neow_bonus":"THREE_ENEMY_KILL","is_daily":false,"chose_seed":false,"campfire_upgraded":0,"win_rate":0.0,"timestamp":1610004904,"path_taken":["M","?","M","M","$","R","M","M","T","M","M","E"],"items_purchased_type":["Card","Card"],"build_version":"2020-12-22","purchased_purges":0,"victory":false,"max_hp_per_floor":[80,80,80,80,80,80,80,80,80,80,80,80,80],"relic_stats":{"Nunchaku":[1],"counters":[8,35],"obtain_stats":[{"Nunchaku":9,"NeowsBlessing":0,"Burning Blood":0},{"Nunchaku":5,"NeowsBlessing":0,"Burning Blood":0},{"Nunchaku":14,"NeowsBlessing":0,"Burning Blood":0}],"Burning Blood":26},"card_choices":[{"not_picked":["Clash","Burning Pact"],"picked":"Carnage","floor":1},{"not_picked":["Burning Pact","Carnage"],"picked":"Rage","floor":3},{"not_picked":["Thunderclap","Uppercut"],"picked":"Shrug It Off","floor":4},{"not_picked":["Headbutt","Disarm"],"picked":"Combust","floor":7},{"not_picked":["Heavy Blade","Warcry"],"picked":"Flex","floor":8},{"not_picked":["Armaments","Pommel Strike"],"picked":"Second Wind","floor":10},{"not_picked":["Thunderclap","Whirlwind"],"picked":"Sword Boomerang","floor":11}],"player_experience":1453661,"relics_obtained":[{"floor":9,"key":"Nunchaku"}],"event_choices":[{"cards_removed":["Strike_R"],"damage_healed":0,"gold_gain":0,"player_choice":"Card Removal","damage_taken":7,"max_hp_gain":0,"max_hp_loss":0,"event_name":"Golden Wing","floor":2,"gold_loss":0}],"is_beta":false,"boss_relics":[],"items_purged_floors":[],"is_endless":false,"potions_floor_spawned":[1,3,4,11],"killed_by":"Lagavulin","ascension_level":0}}