{"host":"artti7o26te9gn1a","time":1610062898,"event":{"mods":["AchievementEnabler","BaseMod","Beaked The Cultist","BetterRewards","Downfall","Minty Spire (QoL Compilation)","StSLib","Trackpad"],"gold_per_floor":[113,21,21,21,0,0,27,43,43,4,32,32,32,32,32,106,106,120,69,82,98,98,98,98,98],"floor_reached":24,"playtime":836,"items_purged":[],"score":595,"play_id":"6139b64d-7a7b-472f-8ffb-ea7c5e46d4c3","local_time":"20210108004138","is_ascension_mode":true,"campfire_choices":[{"floor":6,"key":"REST"},{"floor":12,"key":"REST"},{"floor":15,"key":"REST"},{"floor":23,"key":"REST"}],"circlet_count":0,"master_deck":["AscendersBane","Defend_G","Defend_G","Defend_G","Defend_G","Defend_G","Survivor","Neutralize","Blade Dance","Caltrops","Infinite Blades+1","Blade Dance","Cloak And Dagger","Dagger Throw","Footwork","Dagger Spray","Adrenaline","Dodge and Roll","Cloak And Dagger","Bite","Bite","Bite","Bite","Bite"],"relics":["Ring of the Snake","trackpad:DisasterInABottle","trackpad:WritersBlock","Pocketwatch","Bottled Flame","Busted Crown"],"acts_visited":["Exordium","TheCity"],"potions_floor_usage":[16,20,21],"damage_taken":[{"damage":1,"enemies":"Jaw Worm","floor":1,"turns":2},{"damage":20,"enemies":"Lagavulin","floor":7,"turns":6},{"damage":5,"enemies":"Small Slimes","floor":8,"turns":3},{"damage":14,"enemies":"3 Sentries","floor":11,"turns":5},{"damage":43,"enemies":"Hexaghost","floor":16,"turns":10},{"damage":0,"enemies":"3 Byrds","floor":18,"turns":4},{"damage":29,"enemies":"Chosen","floor":20,"turns":5},{"damage":14,"enemies":"3 Cultists","floor":21,"turns":5},{"damage":49,"enemies":"Gremlin Leader","floor":24,"turns":5}],"seed_played":"-5296208044957368982","potions_obtained":[{"floor":1,"key":"DuplicationPotion"},{"floor":18,"key":"SpeedPotion"},{"floor":20,"key":"hexamod:EctoCoolerPotion"}],"is_trial":false,"path_per_floor":["M","$","?","?","?","R","E","M","T","$","E","R","$","?","R","B",null,"M","$","M","M","?","R","E"],"character_chosen":"THE_SILENT","items_purchased":["trackpad:DisasterInABottle","Blade Dance","Infinite Blades","Blade Dance","Footwork","Dodge and Roll"],"campfire_rested":4,"item_purchase_floors":[0,0,2,2,10,19],"current_hp_per_floor":[58,58,58,38,38,57,37,32,32,32,18,37,37,30,49,6,51,51,51,22,8,8,21,0,0],"gold":98,"neow_bonus":"","is_daily":false,"chose_seed":false,"campfire_upgraded":0,"win_rate":0.0,"timestamp":1610062898,"path_taken":["M","$","?","?","?","R","E","M","T","$","E","R","$","?","R","BOSS","M","$","M","M","?","R","E"],"items_purchased_type":["Relic","Card","Card","Card","Card","Card"],"build_version":"2020-12-22","purchased_purges":0,"victory":false,"max_hp_per_floor":[66,66,66,66,66,66,66,66,66,66,66,66,66,66,66,66,66,66,66,66,66,46,46,46,46],"card_choices":[{"not_picked":["Riddle With Holes","Eviscerate"],"picked":"Caltrops","floor":1},{"not_picked":["Phantasmal Killer","Outmaneuver"],"picked":"Cloak And Dagger","floor":7},{"not_picked":["Flying Knee","Doppelganger"],"picked":"Dagger Throw","floor":8},{"not_picked":["Acrobatics","Distraction"],"picked":"Dagger Spray","floor":11},{"not_picked":["Wraith Form v2","Venomology"],"picked":"Adrenaline","floor":16},{"not_picked":["Flying Knee"],"picked":"SKIP","floor":18},{"not_picked":[],"picked":"Cloak And Dagger","floor":20},{"not_picked":["Bouncing Flask"],"picked":"SKIP","floor":21}],"player_experience":766577,"relics_obtained":[{"floor":7,"key":"trackpad:WritersBlock"},{"floor":9,"key":"Pocketwatch"},{"floor":11,"key":"Bottled Flame"}],"event_choices":[{"damage_healed":0,"gold_gain":0,"player_choice":"Grow","damage_taken":0,"max_hp_gain":0,"max_hp_loss":0,"event_name":"Living Wall","floor":3,"gold_loss":0,"cards_upgraded":["Infinite Blades"]},{"damage_healed":0,"gold_gain":0,"player_choice":"Entered Light","damage_taken":20,"max_hp_gain":0,"max_hp_loss":0,"event_name":"Shining Light","floor":4,"gold_loss":0,"cards_upgraded":["Strike_G","Strike_G"]},{"damage_healed":0,"gold_gain":0,"player_choice":"Left Gold","damage_taken":0,"max_hp_gain":0,"max_hp_loss":0,"event_name":"World of Goop","floor":5,"gold_loss":21},{"cards_removed":["Strike_G"],"damage_healed":0,"gold_gain":0,"player_choice":"Card Removal","damage_taken":7,"max_hp_gain":0,"max_hp_loss":0,"event_name":"Golden Wing","floor":14,"gold_loss":0},{"damage_healed":0,"gold_gain":0,"player_choice":"Became a vampire","damage_taken":0,"max_hp_gain":0,"max_hp_loss":20,"event_name":"Vampires","floor":22,"gold_loss":0,"cards_obtained":["Bite","Bite","Bite","Bite","Bite"]}],"is_beta":false,"boss_relics":[{"not_picked":["SlaversCollar","SacredBark"],"picked":"Busted Crown"}],"items_purged_floors":[],"is_endless":false,"potions_floor_spawned":[1,18,20],"killed_by":"Gremlin Leader","ascension_level":18}}