{"host":"njruw0b0uprlitpx","time":1610002130,"event":{"mods":["2.2 Compatiblity","Astrologer","Bartender","BaseMod","Better Altar","Better Match","Better Note","Better Sensory Stone","Better Skull","Better Third Choice","BetterRewards","Block Reminder","Colored Map","Colored Powertips","Energized Spire","Jedi Mod","Keyboard Shortcuts","Magitek Elite","Minty Spire (QoL Compilation)","Quick Restart","Relic Stats","Replay The Spire","SacredBarkPlus","Spicy Shops","StSLib","SuperFastMode","The Dragon Tamer","The Forsaken","The Gatherer","The Marked","The Mystic","The Necromancer","The Spell Scribe","Wandering Minibosses"],"gold_per_floor":[154,167,167,6,6,6,105,105,131,281,13,79,79,123,123,243,243,317,1,1,1,47,106,106,106,106,106,164,19,19,48,48,166,116,164,164,9,342,380,380,380,380,416,416,485,502,19,19,19,111,111,141],"floor_reached":53,"playtime":1838,"items_purged":["Pain","Doubt","Regret","Defend_W"],"score":2101,"play_id":"10913e52-330d-4644-aa23-a00f160682cf","local_time":"20210107004850","is_ascension_mode":true,"campfire_choices":[{"data":"Discovery","floor":6,"key":"SMITH"},{"data":"Cloudkill","floor":8,"key":"SMITH"},{"floor":15,"key":"REST"},{"floor":24,"key":"REST"},{"data":"Blood_Curse","floor":27,"key":"SMITH"},{"floor":30,"key":"REST"},{"data":"Spectral_Walk","floor":32,"key":"SMITH"},{"data":"Reap_The_Weak","floor":40,"key":"SMITH"},{"floor":44,"key":"REST"},{"floor":51,"key":"REST"}],"circlet_count":0,"master_deck":["AscendersBane","Strike_W","Strike_W","Strike_W","Strike_W","Defend_W","Defend_W","Defend_W","Negative_Energy_Arrows+1","Bone_Wall","Thousand_Bone_Knives+1","Death_March_Dance","Bone_Armory+1","Negative_Energy_Sphere+1","Necromantic_Selection+1","jedi:forcepush","Vampiric_Strike+1","Shackles_Of_Pain","Looming Evil","Summon_Vampire_Lady+1","Discovery+1","Injury","Siphon_Strength+1","Acid_Javelin","Vampiric_Strike","Summon_Undead_Army+1","Summon_Death_Knight+1","Negative_Energy_Burst","Bone_Prison","Blood_Curse+1","Summon_Undead+1","Plague_Bolt+1","Blood_Is_Power","Blood_Is_Power","Spectral_Walk+1","Reap_The_Weak+1","Strike_W","Bone_Armory+1","Siphon_Strength+1","Pride","Necrotic_Claws","Spectral_Armor+1","Bone_Shift","Life_Drain","Pride","Spectral_Walk","Slay_Living","Negative_Energy_Sphere","Pot Of Greed","Pot Of Greed","Pot Of Greed","Pot Of Greed","Pot Of Greed","Stop_Heart"],"relics":["Vampire_Amulet","Replay:Bandana","jedi:purplefairy","Du-Vu Doll","ReplayTheSpireMod:CursedCoin","Frozen Egg 2","Ribbon","Guide Book","Juzu Bracelet","Replay:Kaleidoscope","Ring of Searing","Blood Vial","Potion Belt","Whetstone","energizedSpire:SpiderWeb","Pear","Blue Doll","Vajra","ReplayTheSpireMod:Shallot","jedi:archwizardhat","Membership Card","energizedSpire:HugeHouse","Mummified Hand","Replay:Bottled Snecko","Lee\u0027s Waffle","Replay:Rubber Ducky","Blue Candle","Grinning Jar"],"acts_visited":["Exordium","TheCity","TheBeyond"],"potions_floor_usage":[12,16,23,23,33,33,43,46,50,50,52],"damage_taken":[{"damage":4,"enemies":"Jaw Worm","floor":1,"turns":2},{"damage":14,"enemies":"Lagavulin","floor":7,"turns":3},{"damage":36,"enemies":"3 Sentries","floor":12,"turns":4},{"damage":11,"enemies":"Small Slimes","floor":14,"turns":2},{"damage":31,"enemies":"The Guardian","floor":16,"turns":4},{"damage":11,"enemies":"3 Byrds","floor":18,"turns":3},{"damage":21,"enemies":"Shell Parasite","floor":22,"turns":2},{"damage":32,"enemies":"Gremlin Leader","floor":23,"turns":5},{"damage":32,"enemies":"Book of Stabbing","floor":28,"turns":3},{"damage":19,"enemies":"Snecko","floor":31,"turns":4},{"damage":27,"enemies":"Champ","floor":33,"turns":7},{"damage":24,"enemies":"3 Shapes","floor":35,"turns":4},{"damage":10,"enemies":"Orb Walker","floor":39,"turns":2},{"damage":61,"enemies":"4 Shapes","floor":43,"turns":5},{"damage":8,"enemies":"Writhing Mass","floor":46,"turns":5},{"damage":33,"enemies":"Reptomancer","floor":50,"turns":5},{"damage":77,"enemies":"Donu and Deca","floor":52,"turns":5}],"seed_played":"-4686394786848027588","potions_obtained":[{"floor":7,"key":"SkillPotion"},{"floor":13,"key":"Flashbang"},{"floor":13,"key":"Energy Potion"},{"floor":14,"key":"Regen Potion"},{"floor":16,"key":"SkillPotion"},{"floor":18,"key":"LiquidBronze"},{"floor":23,"key":"LifebloodPotion"},{"floor":31,"key":"jedi:StrikingPotion"},{"floor":33,"key":"FairyPotion"},{"floor":46,"key":"SpeedPotion"}],"is_trial":false,"path_per_floor":["M","?","?","$","?","R","E","R","T","?","$","E","?","M","R","B",null,"M","$","?","?","M","E","R","?","T","R","E","$","R","M","R","B",null,"M","?","$","?","M","R","PTL","PTL","M","R","T","M","$","T","?","E","R","B",null],"character_chosen":"NECROMANCER","items_purchased":["Replay:Bandana","Thousand_Bone_Knives","Death_March_Dance","Du-Vu Doll","ReplayTheSpireMod:CursedCoin","Frozen Egg 2","Bone_Armory+1","Negative_Energy_Sphere+1","Necromantic_Selection","Guide Book","Juzu Bracelet","jedi:forcepush","Summon_Vampire_Lady+1","Discovery","Siphon_Strength+1","Acid_Javelin","Bone_Prison","Pear","Membership Card","Blood_Is_Power","Mummified Hand","Necrotic_Claws","Flashbang","Lee\u0027s Waffle","Replay:Rubber Ducky","Spectral_Walk","Slay_Living","Flashbang","FearPotion","jedi:StrikingPotion","Negative_Energy_Sphere"],"campfire_rested":5,"item_purchase_floors":[0,0,0,0,0,0,0,0,0,0,0,0,4,4,11,11,19,19,29,29,37,37,37,47,47,47,47,47,47,47,47],"current_hp_per_floor":[62,62,62,62,62,67,55,56,56,56,56,43,43,38,59,53,67,64,74,74,74,57,46,70,70,70,80,54,54,78,73,78,58,72,59,59,59,59,59,60,60,60,26,48,48,53,83,83,83,68,83,17],"gold":141,"neow_bonus":"","is_daily":false,"chose_seed":false,"campfire_upgraded":5,"win_rate":0.0,"timestamp":1610002130,"path_taken":["M","?","?","$","?","R","E","R","T","?","$","E","?","M","R","BOSS","M","$","?","?","M","E","R","?","T","R","E","?","R","M","R","BOSS","M","?","$","?","M","R","PTL","PTL","M","R","T","M","$","?","?","E","R","BOSS"],"items_purchased_type":["Relic","Card","Card","Relic","Relic","Relic","Card","Card","Card","Relic","Relic","Card","Card","Card","Card","Card","Card","Relic","Relic","Card","Relic","Card","Potion","Relic","Relic","Card","Card","Potion","Potion","Potion","Card"],"build_version":"2020-12-22","purchased_purges":4,"victory":true,"max_hp_per_floor":[71,71,71,71,71,71,71,71,71,71,71,71,71,71,71,71,71,71,81,81,81,81,81,81,81,81,81,81,81,81,81,81,81,76,76,76,76,76,76,76,76,76,76,76,76,76,83,83,83,83,83,83],"relic_stats":{"Blood Vial":25,"Lee\u0027s Waffle":30,"counters":[155,502],"Mummified Hand":[94],"Blue Candle":[5],"Juzu Bracelet":1,"Whetstone":["Vampiric_Strike","Negative_Energy_Arrows"],"obtain_stats":[{"Golden Egg":5,"jedi:zontanonomicon":29,"Spirit Poop":36,"Whetstone":12,"Bottled Tornado":9,"Sling":0,"Boot":26,"Ring of Searing":4,"Old Coin":31,"jedi:shrinkray":5,"Blood Vial":7,"Replay:Ringing Soul":16,"theForsaken:HumbleEgg":25,"jedi:firstaidkit":27,"Sundial":14,"Ribbon":0,"Fusion Hammer":36,"HandDrill":40,"Replay:Wax Seal":26,"Replay:Bottled Steam":19,"Pear":19,"Counterbalance":2,"Blue Candle":48,"Velvet Choker":17,"Eternal Feather":26,"Akabeko":28,"Runic Dome":34,"Snecko Eye":17,"Tintinnabulum":9,"Kintsugi":17,"StrikeDummy":50,"Unceasing Top":39,"Abe\u0027s Treasure":34,"Lantern":2,"Painkiller Herb":17,"Blue Doll":21,"Bag of Preparation":39,"jedi:archwizardhat":10,"Cursed Key":36,"Power_Wrist":0,"Pet Ghost":29,"Replay:Rubber Ducky":47,"Matryoshka":0,"Ring of Fangs":2,"WingedGreaves":10,"energizedSpire:HugeHouse":34,"Replay:Bottled Eggs":8,"InkBottle":47,"Potion Belt":14,"Lee\u0027s Waffle":47,"Golden Idol":5,"jedi:purplefairy":0,"PreservedInsect":19,"Protect_Vest":11,"jedi:crownofsimplicity":50,"Frozen Egg 2":40,"energizedSpire:SpiderWeb":17,"Replay:Arrowhead":39,"Ornamental Fan":43,"Orrery":0,"Garlic":36,"Bottled Lightning":12,"ReplayTheSpireMod:Ring of Challenge":2,"ReplayTheSpireMod:Onyx Gauntlets":17,"wanderingMiniBosses:Inkheart":30,"Ice Cream":38,"Divine Protection":45,"Gremlin Horn":13,"CeramicFish":11,"Vajra":12,"DollysMirror":23,"Strawberry":40,"Philosopher\u0027s Stone":19,"Vampire_Amulet":0,"Toxic Egg 2":10,"Happy Flower":39,"ReplayTheSpireMod:CursedCoin":19,"Replay:Grab Bag":19,"Choco_Feather":0,"Oddly Smooth Stone":45,"Replay:Kaleidoscope":2,"War Paint":33,"jedi:HeartOfTheCards":33,"Du-Vu Doll":6,"jedi:heavyjacket":45,"Replay:Baseball":26,"jedi:hotpepper":17,"ReplayTheSpireMod:Shallot":26,"Shuriken":11,"Bronze Scales":26,"Simple Rune":24,"Onion Ring":29,"ReplayTheSpireMod:TigerMarble":9,"Grinning Jar":50,"Meat on the Bone":12,"Pocketwatch":0,"ReplayTheSpireMod:Ring of Exchange":0,"Mango":0,"Incense Burner":0,"Juzu Bracelet":0,"theForsaken:Gavel":0,"PrismaticShard":11,"ClockworkSouvenir":0,"Replay:Bandana":24,"Nunchaku":8,"Chameleon Ring":31,"Mummified Hand":0,"Pantograph":12,"Gambling Chip":41,"jedi:matchstick":42,"Genji_Glove":0,"Red Mask":33,"Replay:Bottled Snecko":48,"Runic Pyramid":19,"Gremlin Food":0,"BargainBundle":39,"ReplayTheSpireMod:Ninjato":0,"Replay:Towering Pillar of Hats":0,"Guide Book":37,"Odd Mushroom":8,"White Beast Statue":40,"Calling Bell":19,"Strange Spoon":0,"CaptainsWheel":0,"jedi:kaleidoscope":31,"jedi:ominousloannote":39,"ChewingGum":19,"Gem_Box":36,"Membership Card":0,"Guard_Bracelet":26,"FossilizedHelix":19,"ReplayTheSpireMod:ShopPack":5},{"Golden Egg":98,"jedi:zontanonomicon":11,"Spirit Poop":60,"Whetstone":141,"Bottled Tornado":47,"Sling":20,"Boot":32,"Ring of Searing":69,"Old Coin":109,"jedi:shrinkray":119,"Blood Vial":140,"Replay:Ringing Soul":4,"theForsaken:HumbleEgg":107,"jedi:firstaidkit":11,"Sundial":27,"Ribbon":95,"Fusion Hammer":13,"HandDrill":90,"Replay:Wax Seal":55,"Replay:Bottled Steam":5,"Pear":144,"Counterbalance":1,"Blue Candle":153,"Velvet Choker":28,"Eternal Feather":10,"Akabeko":11,"Runic Dome":59,"Snecko Eye":51,"Tintinnabulum":99,"Kintsugi":51,"StrikeDummy":19,"Unceasing Top":61,"Abe\u0027s Treasure":130,"Lantern":96,"Painkiller Herb":76,"Blue Doll":144,"Bag of Preparation":15,"jedi:archwizardhat":72,"Cursed Key":35,"Power_Wrist":95,"Pet Ghost":57,"Replay:Rubber Ducky":153,"Matryoshka":43,"Ring of Fangs":44,"WingedGreaves":48,"energizedSpire:HugeHouse":149,"Replay:Bottled Eggs":3,"InkBottle":18,"Potion Belt":50,"Lee\u0027s Waffle":153,"Golden Idol":139,"jedi:purplefairy":138,"PreservedInsect":5,"Protect_Vest":121,"jedi:crownofsimplicity":42,"Frozen Egg 2":134,"energizedSpire:SpiderWeb":143,"Replay:Arrowhead":37,"Ornamental Fan":91,"Orrery":95,"Garlic":111,"Bottled Lightning":49,"ReplayTheSpireMod:Ring of Challenge":44,"ReplayTheSpireMod:Onyx Gauntlets":51,"wanderingMiniBosses:Inkheart":34,"Ice Cream":15,"Divine Protection":16,"Gremlin Horn":74,"CeramicFish":72,"Vajra":49,"DollysMirror":8,"Strawberry":90,"Philosopher\u0027s Stone":5,"Vampire_Amulet":0,"Toxic Egg 2":25,"Happy Flower":15,"ReplayTheSpireMod:CursedCoin":29,"Replay:Grab Bag":5,"Choco_Feather":67,"Oddly Smooth Stone":92,"Replay:Kaleidoscope":139,"War Paint":34,"jedi:HeartOfTheCards":86,"Du-Vu Doll":46,"jedi:heavyjacket":40,"Replay:Baseball":83,"jedi:hotpepper":124,"ReplayTheSpireMod:Shallot":146,"Shuriken":99,"Bronze Scales":55,"Simple Rune":82,"Onion Ring":128,"ReplayTheSpireMod:TigerMarble":3,"Grinning Jar":154,"Meat on the Bone":26,"Pocketwatch":118,"ReplayTheSpireMod:Ring of Exchange":95,"Mango":95,"Incense Burner":67,"Juzu Bracelet":138,"theForsaken:Gavel":95,"PrismaticShard":99,"ClockworkSouvenir":95,"Replay:Bandana":32,"Nunchaku":71,"Chameleon Ring":129,"Mummified Hand":118,"Pantograph":4,"Gambling Chip":38,"jedi:matchstick":39,"Genji_Glove":67,"Red Mask":12,"Replay:Bottled Snecko":93,"Runic Pyramid":5,"Gremlin Food":20,"BargainBundle":15,"ReplayTheSpireMod:Ninjato":43,"Replay:Towering Pillar of Hats":43,"Guide Book":60,"Odd Mushroom":47,"White Beast Statue":62,"Calling Bell":5,"Strange Spoon":95,"CaptainsWheel":67,"jedi:kaleidoscope":58,"jedi:ominousloannote":61,"ChewingGum":5,"Gem_Box":87,"Membership Card":95,"Guard_Bracelet":107,"FossilizedHelix":5,"ReplayTheSpireMod:ShopPack":119},{"Golden Egg":312,"jedi:zontanonomicon":45,"Spirit Poop":232,"Whetstone":447,"Bottled Tornado":205,"Sling":82,"Boot":140,"Ring of Searing":248,"Old Coin":344,"jedi:shrinkray":369,"Blood Vial":443,"Replay:Ringing Soul":13,"theForsaken:HumbleEgg":340,"jedi:firstaidkit":45,"Sundial":110,"Ribbon":307,"Fusion Hammer":54,"HandDrill":291,"Replay:Wax Seal":224,"Replay:Bottled Steam":19,"Pear":455,"Counterbalance":3,"Blue Candle":492,"Velvet Choker":118,"Eternal Feather":41,"Akabeko":45,"Runic Dome":231,"Snecko Eye":217,"Tintinnabulum":314,"Kintsugi":217,"StrikeDummy":76,"Unceasing Top":233,"Abe\u0027s Treasure":407,"Lantern":309,"Painkiller Herb":263,"Blue Doll":455,"Bag of Preparation":61,"jedi:archwizardhat":252,"Cursed Key":160,"Power_Wrist":307,"Pet Ghost":226,"Replay:Rubber Ducky":492,"Matryoshka":193,"Ring of Fangs":196,"WingedGreaves":208,"energizedSpire:HugeHouse":476,"Replay:Bottled Eggs":11,"InkBottle":72,"Potion Belt":213,"Lee\u0027s Waffle":492,"Golden Idol":440,"jedi:purplefairy":438,"PreservedInsect":19,"Protect_Vest":377,"jedi:crownofsimplicity":186,"Frozen Egg 2":421,"energizedSpire:SpiderWeb":453,"Replay:Arrowhead":168,"Ornamental Fan":294,"Orrery":307,"Garlic":350,"Bottled Lightning":209,"ReplayTheSpireMod:Ring of Challenge":196,"ReplayTheSpireMod:Onyx Gauntlets":217,"wanderingMiniBosses:Inkheart":153,"Ice Cream":61,"Divine Protection":65,"Gremlin Horn":256,"CeramicFish":252,"Vajra":209,"DollysMirror":32,"Strawberry":291,"Philosopher\u0027s Stone":19,"Vampire_Amulet":0,"Toxic Egg 2":101,"Happy Flower":61,"ReplayTheSpireMod:CursedCoin":124,"Replay:Grab Bag":19,"Choco_Feather":246,"Oddly Smooth Stone":296,"Replay:Kaleidoscope":440,"War Paint":153,"jedi:HeartOfTheCards":283,"Du-Vu Doll":202,"jedi:heavyjacket":180,"Replay:Baseball":275,"jedi:hotpepper":388,"ReplayTheSpireMod:Shallot":462,"Shuriken":314,"Bronze Scales":224,"Simple Rune":273,"Onion Ring":399,"ReplayTheSpireMod:TigerMarble":11,"Grinning Jar":497,"Meat on the Bone":107,"Pocketwatch":367,"ReplayTheSpireMod:Ring of Exchange":307,"Mango":307,"Incense Burner":246,"Juzu Bracelet":438,"theForsaken:Gavel":307,"PrismaticShard":314,"ClockworkSouvenir":307,"Replay:Bandana":140,"Nunchaku":250,"Chameleon Ring":402,"Mummified Hand":367,"Pantograph":13,"Gambling Chip":171,"jedi:matchstick":176,"Genji_Glove":246,"Red Mask":48,"Replay:Bottled Snecko":301,"Runic Pyramid":19,"Gremlin Food":82,"BargainBundle":61,"ReplayTheSpireMod:Ninjato":193,"Replay:Towering Pillar of Hats":193,"Guide Book":232,"Odd Mushroom":205,"White Beast Statue":235,"Calling Bell":19,"Strange Spoon":307,"CaptainsWheel":246,"jedi:kaleidoscope":228,"jedi:ominousloannote":233,"ChewingGum":19,"Gem_Box":287,"Membership Card":307,"Guard_Bracelet":340,"FossilizedHelix":19,"ReplayTheSpireMod:ShopPack":369}]},"card_choices":[{"not_picked":["Violent_Necrosis","Necromantic_Selection"],"picked":"Vampiric_Strike","floor":1},{"not_picked":["Toxic_Smoke_Screen","Bone_Shift"],"picked":"Shackles_Of_Pain","floor":2},{"not_picked":["Life_Tap","Thousand_Bone_Knives"],"picked":"Cloudkill","floor":7},{"not_picked":["Finger_Of_Death","Negative_Energy_Sphere"],"picked":"Vampiric_Strike","floor":12},{"not_picked":["Chill_Blood","Shackles_Of_Pain"],"picked":"Summon_Undead_Army+1","floor":14},{"not_picked":["Blood_Magic+1","Reap_The_Weak"],"picked":"Summon_Death_Knight+1","floor":16},{"not_picked":["Bone_Spikes","Thousand_Bone_Knives"],"picked":"Negative_Energy_Burst","floor":18},{"not_picked":["Death_Knell","Negative_Energy_Mist+1"],"picked":"Blood_Curse","floor":22},{"not_picked":["Bones_to_Steel","Blood_Magic+1"],"picked":"Summon_Undead+1","floor":23},{"not_picked":["Negative_Energy_Javelin+1","Blood_for_Blood+1"],"picked":"Plague_Bolt+1","floor":28},{"not_picked":["Negative_Energy_Javelin","Deaths_Shadow"],"picked":"Spectral_Walk","floor":31},{"not_picked":["Cloudkill","Blood_Magic+1"],"picked":"Reap_The_Weak","floor":33},{"not_picked":["Chill_Blood","Epidemic","Flesh_Made_Foul"],"picked":"SKIP","floor":35},{"not_picked":["Vampiric_Strike+1","Blood_for_Blood+1"],"picked":"Spectral_Armor+1","floor":39},{"not_picked":["Siphon_Strength","Bone_Armor"],"picked":"Bone_Shift","floor":43},{"not_picked":["Chill_Blood","Blood_Whip"],"picked":"Life_Drain","floor":46},{"not_picked":["Toxic_Smoke_Screen+1","Epidemic"],"picked":"Stop_Heart","floor":50}],"player_experience":1663041,"relics_obtained":[{"floor":2,"key":"Replay:Kaleidoscope"},{"floor":3,"key":"Ring of Searing"},{"floor":7,"key":"Blood Vial"},{"floor":9,"key":"Potion Belt"},{"floor":12,"key":"Whetstone"},{"floor":21,"key":"Blue Doll"},{"floor":23,"key":"Vajra"},{"floor":26,"key":"ReplayTheSpireMod:Shallot"},{"floor":28,"key":"jedi:archwizardhat"},{"floor":45,"key":"Replay:Bottled Snecko"},{"floor":48,"key":"Blue Candle"},{"floor":50,"key":"Grinning Jar"}],"event_choices":[{"damage_healed":0,"gold_gain":0,"player_choice":"Take Wound","damage_taken":0,"relics_obtained":["Golden Idol"],"max_hp_gain":0,"max_hp_loss":0,"event_name":"Golden Idol","floor":5,"gold_loss":0,"cards_obtained":["Injury"]},{"damage_healed":0,"gold_gain":150,"player_choice":"AGREE","damage_taken":131,"max_hp_gain":0,"max_hp_loss":0,"event_name":"betterThird:BetterSerpent","floor":10,"gold_loss":0},{"damage_healed":0,"gold_gain":0,"player_choice":"Got Potions","damage_taken":0,"max_hp_gain":0,"max_hp_loss":0,"event_name":"Lab","floor":13,"gold_loss":0},{"cards_removed":["Siphon_Strength"],"damage_healed":0,"gold_gain":0,"player_choice":"Give","damage_taken":0,"max_hp_gain":0,"max_hp_loss":0,"event_name":"betterNote:BetterNote","floor":20,"gold_loss":0,"cards_obtained":["None"]},{"damage_healed":0,"gold_gain":3,"player_choice":"4","damage_taken":0,"max_hp_gain":0,"max_hp_loss":0,"event_name":"betterStone:BetterStone","floor":36,"gold_loss":0,"cards_obtained":["Siphon_Strength"]},{"damage_healed":0,"gold_gain":333,"player_choice":"Gave Idol","damage_taken":0,"max_hp_gain":0,"max_hp_loss":0,"event_name":"The Moai Head","floor":38,"relics_lost":["Golden Idol"],"gold_loss":0},{"damage_healed":0,"gold_gain":0,"player_choice":"Ignored","damage_taken":0,"max_hp_gain":0,"max_hp_loss":0,"event_name":"Mysterious Sphere","floor":49,"gold_loss":0}],"is_beta":false,"boss_relics":[{"not_picked":["Replay:Wanted Poster","SacredBark"],"picked":"energizedSpire:SpiderWeb"},{"not_picked":["Calling Bell","Philosopher\u0027s Stone"],"picked":"energizedSpire:HugeHouse"}],"items_purged_floors":[0,11,29,47],"is_endless":false,"potions_floor_spawned":[7,14,16,18,23,31,33,46],"ascension_level":18}}