{"host":"1c52r9kaxdyo25eq","time":1610026939,"event":{"mods":["AchievementEnabler","BaseMod","Minty Spire (QoL Compilation)","Rare Cards Sparkle","SuperFastMode","everything is the same but u backflip on backflip"],"gold_per_floor":[111,123,134,152,99,99,120,120,147,176,326,123,135,145,145,217,217,236,252,267,267,170,170,1,1,48,66,79,79,79],"floor_reached":29,"playtime":958,"items_purged":["Doubt","Strike_G"],"score":454,"play_id":"7a2b67ab-4630-4b7c-8606-71f5303b1828","local_time":"20210107224219","is_ascension_mode":true,"campfire_choices":[{"data":"Tactician","floor":6.0,"key":"SMITH"},{"floor":8.0,"key":"REST"},{"floor":15.0,"key":"REST"},{"data":"Prepared","floor":23.0,"key":"SMITH"},{"data":"Well Laid Plans","floor":25.0,"key":"SMITH"}],"circlet_count":0,"master_deck":["AscendersBane","Strike_G","Strike_G","Defend_G","Defend_G","Defend_G+1","Defend_G","Survivor+1","Neutralize","Corpse Explosion","Prepared+1","Tactician+1","Acrobatics","Eviscerate","Grand Finale","Deadly Poison","Calculated Gamble","Adrenaline","Acrobatics+1","Venomology+1","Malaise+1","Well Laid Plans+1","Prepared"],"relics":["Ring of the Snake","Odd Mushroom","War Paint","Smiling Mask","Astrolabe","MawBank","Membership Card"],"acts_visited":["Exordium","TheCity"],"potions_floor_usage":[29,29,29],"damage_taken":[{"damage":13.0,"enemies":"Cultist","floor":1.0,"turns":5.0},{"damage":8.0,"enemies":"Small Slimes","floor":2.0,"turns":4.0},{"damage":1.0,"enemies":"2 Louse","floor":3.0,"turns":4.0},{"damage":3.0,"enemies":"Exordium Wildlife","floor":4.0,"turns":3.0},{"damage":0.0,"enemies":"The Mushroom Lair","floor":7.0,"turns":2.0},{"damage":6.0,"enemies":"3 Sentries","floor":10.0,"turns":3.0},{"damage":29.0,"enemies":"Exordium Thugs","floor":13.0,"turns":4.0},{"damage":1.0,"enemies":"Looter","floor":14.0,"turns":4.0},{"damage":17.0,"enemies":"Hexaghost","floor":16.0,"turns":9.0},{"damage":0.0,"enemies":"2 Thieves","floor":18.0,"turns":1.0},{"damage":14.0,"enemies":"Shell Parasite","floor":19.0,"turns":7.0},{"damage":6.0,"enemies":"Shelled Parasite and Fungi","floor":20.0,"turns":3.0},{"damage":13.0,"enemies":"Snake Plant","floor":27.0,"turns":6.0},{"damage":6.0,"enemies":"Sentry and Sphere","floor":28.0,"turns":5.0},{"damage":9,"enemies":"Snecko","floor":29,"turns":5}],"seed_played":"-419308521088797650","potions_obtained":[{"floor":3.0,"key":"Strength Potion"},{"floor":4.0,"key":"Dexterity Potion"},{"floor":13.0,"key":"Strength Potion"},{"floor":16.0,"key":"GamblersBrew"},{"floor":28.0,"key":"FearPotion"}],"is_trial":false,"path_per_floor":["M","M","M","M","$","R","?","R","T","E","?","$","M","M","R","B",null,"M","M","M","?","$","R","$","R","T","M","M","M"],"character_chosen":"THE_SILENT","items_purchased":["Acrobatics","Grand Finale","Prepared","Membership Card"],"campfire_rested":2,"item_purchase_floors":[5,12,22,24],"current_hp_per_floor":[31,23,22,19,19,19,19,38,38,32,32,32,3,2,21,4,51,51,37,31,31,31,31,31,31,31,18,12,3,3],"gold":79,"neow_bonus":"THREE_RARE_CARDS","is_daily":false,"chose_seed":false,"campfire_upgraded":3,"win_rate":0.0,"timestamp":1610026939,"path_taken":["M","?","M","M","$","R","?","R","T","E","?","$","M","M","R","BOSS","M","M","M","?","$","R","?","R","T","M","M","M"],"items_purchased_type":["Card","Card","Card","Relic"],"build_version":"2020-12-22","purchased_purges":2,"victory":false,"max_hp_per_floor":[66,66,66,66,66,66,66,66,66,66,66,66,66,66,66,66,66,66,66,66,66,66,66,66,66,66,66,66,66,66],"card_choices":[{"not_picked":["Glass Knife","Bullet Time"],"picked":"Corpse Explosion","floor":0.0},{"not_picked":["Blade Dance","Deflect"],"picked":"Prepared","floor":1.0},{"not_picked":["Endless Agony","Cloak And Dagger","Dagger Throw"],"picked":"SKIP","floor":2.0},{"not_picked":["Dodge and Roll","Sucker Punch"],"picked":"Tactician","floor":3.0},{"not_picked":["Bane","Underhanded Strike","Dagger Spray"],"picked":"SKIP","floor":4.0},{"not_picked":["Concentrate","Poisoned Stab"],"picked":"Eviscerate","floor":7.0},{"not_picked":["Eviscerate","Slice","Concentrate"],"picked":"SKIP","floor":10.0},{"not_picked":["Escape Plan","Deadly Poison","Terror"],"picked":"SKIP","floor":13.0},{"not_picked":["Escape Plan","Terror"],"picked":"Deadly Poison","floor":13.0},{"not_picked":["Die Die Die","Infinite Blades"],"picked":"Calculated Gamble","floor":14.0},{"not_picked":["Phantasmal Killer","Unload"],"picked":"Adrenaline","floor":16.0},{"not_picked":["Catalyst","Caltrops+1","Dagger Spray"],"picked":"SKIP","floor":18.0},{"not_picked":["Acrobatics","Backstab","Dash"],"picked":"SKIP","floor":19.0},{"not_picked":["Deflect","Infinite Blades"],"picked":"Well Laid Plans","floor":20.0},{"not_picked":["Backflip+1","Tactician","Infinite Blades"],"picked":"SKIP","floor":27.0},{"not_picked":["Dagger Throw","Finisher","Bane"],"picked":"SKIP","floor":28.0},{"not_picked":["Dagger Throw","Finisher","Bane"],"picked":"SKIP","floor":28.0}],"player_experience":554185,"relics_obtained":[{"floor":7.0,"key":"Odd Mushroom"},{"floor":9.0,"key":"War Paint"},{"floor":10.0,"key":"Smiling Mask"},{"floor":21.0,"key":"MawBank"}],"event_choices":[{"damage_healed":0.0,"max_hp_gain":0.0,"max_hp_loss":0.0,"gold_gain":0.0,"event_name":"Mushrooms","player_choice":"Fought Mushrooms","floor":7.0,"gold_loss":0.0,"damage_taken":0.0},{"damage_healed":0.0,"max_hp_gain":0.0,"max_hp_loss":0.0,"gold_gain":150.0,"event_name":"Liars Game","player_choice":"AGREE","floor":11.0,"gold_loss":0.0,"damage_taken":0.0,"cards_obtained":["Doubt"]},{"damage_healed":0.0,"max_hp_gain":0.0,"max_hp_loss":0.0,"gold_gain":0.0,"event_name":"Wheel of Change","player_choice":"Relic","floor":21.0,"gold_loss":0.0,"damage_taken":0.0}],"is_beta":false,"boss_relics":[{"not_picked":["Empty Cage","Velvet Choker"],"picked":"Astrolabe"}],"items_purged_floors":[12,22],"is_endless":false,"potions_floor_spawned":[3,4,13,16,19,28],"killed_by":"Snecko","ascension_level":20}}