{"host":"fdmexzkyss3ff9bv","time":1610024628,"event":{"mods":["BaseMod","Beaked The Cultist","BetterRewards","Downfall","Glutton Mod","Halation","Hubris","Infinite Spire","Minty Spire (QoL Compilation)","Replay The Spire","StSLib","The Animator","The Blackbeard","The Bug Knight","The Construct","The Mystic","The Servant 0.9.4","The Witch"],"gold_per_floor":[109,109,109,129,148,187,218,230,242,278,309,389,432,444,585,597,623,635,647,684,696,739,771,860,872,908,920,948,960,972,972],"floor_reached":33,"playtime":1873,"items_purged":[],"score":297,"play_id":"9a836e6e-e66f-4e00-99cc-78a36200f1d4","local_time":"20210107140348","is_ascension_mode":false,"campfire_choices":[{"floor":8,"key":"REST"},{"floor":15,"key":"REST"},{"floor":29,"key":"RECALL"},{"floor":32,"key":"REST"}],"circlet_count":0,"master_deck":["Strike_B","Strike_B","Strike_B","Defend_B+1","Defend_B","Defend_B","Defend_B","Zap","Dualcast","Melter","Injury","Barrage+1","Double Energy","Melter","Tempest","Force Field+1","Hello World","Heatsinks","ReplaySolidLightProjector","Sweeping Beam","Multi-Cast","Bouncing Flask","hubris:InfiniteBlow+1","Sunder","hubris:Ukulele+1","Lockon","Barrage","Stack"],"relics":["Cracked Core","Membership Card","FossilizedHelix","halation:VictoryRuler","hubris:64BitClover","hubris:Teleporter","Golden Idol","MawBank","War Paint","Odd Mushroom","halation:PromiseList","Sozu","hubris:TinFlute","halation:Prosthetics","Red Mask","Meat on the Bone","hubris:Icosahedron"],"acts_visited":["Exordium","TheCity"],"potions_floor_usage":[7,16,16,21],"damage_taken":[{"damage":0,"enemies":"Jaw Worm","floor":1,"turns":3},{"damage":0,"enemies":"2 Louse","floor":4,"turns":2},{"damage":0,"enemies":"Cultist","floor":5,"turns":3},{"damage":0,"enemies":"Gremlin Nob","floor":6,"turns":3},{"damage":5,"enemies":"3 Louse","floor":7,"turns":2},{"damage":5,"enemies":"Looter","floor":10,"turns":3},{"damage":0,"enemies":"2 Fungi Beasts","floor":11,"turns":2},{"damage":16,"enemies":"Lagavulin Event","floor":12,"turns":5},{"damage":24,"enemies":"The Mushroom Lair","floor":13,"turns":4},{"damage":22,"enemies":"The Guardian","floor":16,"turns":10},{"damage":30,"enemies":"Chosen","floor":18,"turns":5},{"damage":13,"enemies":"2 Thieves","floor":21,"turns":3},{"damage":2,"enemies":"Masked Bandits","floor":24,"turns":4},{"damage":3,"enemies":"Cultist and Chosen","floor":25,"turns":4},{"damage":18,"enemies":"Centurion and Healer","floor":28,"turns":3},{"damage":12,"enemies":"3 Cultists","floor":30,"turns":3},{"damage":69,"enemies":"hubris:MusketHawk","floor":33,"turns":6}],"seed_played":"-2818852294956238369","potions_obtained":[{"floor":6,"key":"Explosive Potion"},{"floor":12,"key":"Slimebound:ThreeZeroPotion"},{"floor":13,"key":"Regen Potion"},{"floor":16,"key":"LiquidMemories"}],"is_trial":false,"path_per_floor":["M","?","?","M","M","E","M","R","T","M","M","?","?","R","B",null,"M","?","AVR","M","$","?","M","T","?","M","R","M","R","B"],"character_chosen":"DEFECT","items_purchased":["Membership Card","FossilizedHelix","hubris:64BitClover"],"campfire_rested":3,"item_purchase_floors":[0,0,0],"current_hp_per_floor":[40,40,40,40,40,40,35,57,57,52,52,36,12,34,27,75,45,45,40,27,27,25,22,22,22,16,16,16,28,0,0],"gold":972,"neow_bonus":"","is_daily":false,"chose_seed":false,"campfire_upgraded":0,"win_rate":0.0,"timestamp":1610024628,"path_taken":["M","?","?","?","M","E","M","R","T","M","?","?","?","R","BOSS","M","?","AVR","M","?","?","M","T","?","M","R","?","R","BOSS"],"items_purchased_type":["Relic","Relic","Relic"],"build_version":"2020-12-13","purchased_purges":0,"victory":false,"max_hp_per_floor":[75,75,75,75,75,75,75,75,75,75,75,75,75,75,75,75,75,75,40,40,40,40,40,40,40,40,40,40,40,40,40],"card_choices":[{"not_picked":["Streamline","BasicCrystalCard"],"picked":"Melter","floor":1},{"not_picked":["hubris:PowerSurge","ReplayTheSpireMod:Reroute Power"],"picked":"Double Energy","floor":4},{"not_picked":["Turbo","Redo"],"picked":"Melter","floor":5},{"not_picked":["White Noise","Genetic Algorithm"],"picked":"Tempest","floor":6},{"not_picked":["Leap","Recycle"],"picked":"Force Field","floor":7},{"not_picked":["Rebound","Turbo"],"picked":"Hello World","floor":10},{"not_picked":["Reprogram","Redo"],"picked":"Heatsinks","floor":11},{"not_picked":["Streamline","Melter"],"picked":"ReplaySolidLightProjector","floor":12},{"not_picked":["Panic Button","Cold Snap"],"picked":"Sweeping Beam","floor":13},{"not_picked":["Hyperbeam","Biased Cognition"],"picked":"Multi-Cast","floor":16},{"not_picked":["Compile Driver","Go for the Eyes+1"],"picked":"Turbo","floor":18},{"not_picked":["Gash+1","Conserve Battery+1"],"picked":"Sunder","floor":21},{"not_picked":["BasicCrystalCard","Compile Driver"],"picked":"hubris:Ukulele+1","floor":24},{"not_picked":["Panic Button","Coolheaded"],"picked":"Lockon","floor":25},{"not_picked":["Undo","Cold Snap"],"picked":"Barrage","floor":28},{"not_picked":["Fission","Cold Snap+1"],"picked":"Stack","floor":30}],"player_experience":90544,"relics_obtained":[{"floor":6,"key":"MawBank"},{"floor":13,"key":"Odd Mushroom"},{"floor":16,"key":"halation:PromiseList"},{"floor":24,"key":"Red Mask"},{"floor":26,"key":"Meat on the Bone"}],"event_choices":[{"damage_healed":0,"gold_gain":0,"player_choice":"Take Wound","damage_taken":0,"relics_obtained":["Golden Idol"],"max_hp_gain":0,"max_hp_loss":0,"event_name":"Golden Idol","floor":2,"gold_loss":0,"cards_obtained":["Injury"]},{"damage_healed":0,"gold_gain":30,"player_choice":"Searched \u00273\u0027 times","damage_taken":0,"relics_obtained":["War Paint"],"max_hp_gain":0,"max_hp_loss":0,"event_name":"Dead Adventurer","floor":12,"gold_loss":0},{"damage_healed":0,"gold_gain":0,"player_choice":"Fought Mushrooms","damage_taken":0,"max_hp_gain":0,"max_hp_loss":0,"event_name":"Mushrooms","floor":13,"gold_loss":0},{"cards_removed":["Turbo"],"damage_healed":0,"gold_gain":0,"player_choice":"Took Card","damage_taken":0,"max_hp_gain":0,"max_hp_loss":0,"event_name":"NoteForYourself","floor":19,"gold_loss":0,"cards_obtained":["Bouncing Flask"]},{"damage_healed":0,"gold_gain":0,"player_choice":"Fought Bandits","damage_taken":0,"max_hp_gain":0,"max_hp_loss":0,"event_name":"Masked Bandits","floor":24,"gold_loss":0}],"is_beta":false,"boss_relics":[{"not_picked":["ReplayTheSpireMod:DimensionalGlitch","halation:LoveArrow"],"picked":"Sozu"}],"items_purged_floors":[],"is_endless":false,"potions_floor_spawned":[6,12,13,16,24,25,28],"killed_by":"hubris:MusketHawk","ascension_level":0}}