{"host":"6qo42zgaknezulyg","time":1610019431,"event":{"mods":["2.2 Compatiblity","BaseMod","Colored Map","Downfall","Keyboard Shortcuts","Minty Spire (QoL Compilation)","Permanent Neow","Quick Restart","StSLib","SuperFastMode"],"gold_per_floor":[99,113,130,130,130,160,160,160,215,241,258,270,270,166,183,255,255,255,272,289,289,177,207,230,130,130,140,140,175,175,205,221,298,298,298,310,447,459,31,31,102,52,62,62,62,76,76,76,88,88],"floor_reached":51,"playtime":2747,"items_purged":["bronze:Strike","Injury","bronze:Defend","bronze:Defend"],"score":1657,"play_id":"3bf56c73-2aa9-402e-9dfd-9719d240f638","local_time":"20210107203711","is_ascension_mode":true,"campfire_choices":[{"data":"bronze:Replicate","floor":1.0,"key":"SMITH"},{"floor":13.0,"key":"REST"},{"data":"bronze:DigitalCarnage","floor":18.0,"key":"SMITH"},{"data":"bronze:Format","floor":25.0,"key":"SMITH"},{"data":"bronze:Verify","floor":35.0,"key":"SMITH"},{"floor":44.0,"key":"RECALL"},{"data":"bronze:Fortify","floor":47.0,"key":"SMITH"}],"circlet_count":0,"master_deck":["AscendersBane","bronze:Replicate+1","bronze:Goto","bronze:Boost","bronze:ChildClass","bronze:DigitalCarnage+1","bronze:Frontload","bronze:ChildClass","bronze:Repair","bronze:BronzeOrb","bronze:Format+1","bronze:Fortify","bronze:Boost","CurseOfTheBell","bronze:ChildClass","bronze:Verify+1","bronze:Separator+1","bronze:Boost","bronze:ChildClass","bronze:Fortify+1","bronze:Iterate+1","expansioncontent:CaCaw"],"relics":["bronze:PlatinumCore","Guardian:PocketSentry","Bottled Flame","Shuriken","Smiling Mask","SlaversCollar","Calling Bell","sneckomod:BlankCard","Pear","FossilizedHelix","Bag of Preparation","Happy Flower","downfall:HeartBlessingGreen","Juzu Bracelet","Red Mask","Guardian:BottledAnomaly","Chemical X","Vajra","Letter Opener"],"acts_visited":["Exordium","TheCity","TheBeyond"],"potions_floor_usage":[50],"damage_taken":[{"damage":4.0,"enemies":"2 Louse","floor":2.0,"turns":3.0},{"damage":0.0,"enemies":"Jaw Worm","floor":3.0,"turns":4.0},{"damage":21.0,"enemies":"Gremlin Nob","floor":6.0,"turns":5.0},{"damage":0.0,"enemies":"Cultist","floor":8.0,"turns":1.0},{"damage":8.0,"enemies":"Lagavulin Event","floor":9.0,"turns":4.0},{"damage":0.0,"enemies":"Lagavulin","floor":10.0,"turns":3.0},{"damage":0.0,"enemies":"2 Fungi Beasts","floor":11.0,"turns":2.0},{"damage":0.0,"enemies":"Exordium Thugs","floor":12.0,"turns":3.0},{"damage":0.0,"enemies":"downfall:FleeingMerchant","floor":14.0,"turns":4.0},{"damage":1.0,"enemies":"Large Slime","floor":15.0,"turns":5.0},{"damage":0.0,"enemies":"downfall:Silent","floor":16.0,"turns":6.0},{"damage":0.0,"enemies":"Shell Parasite","floor":19.0,"turns":4.0},{"damage":0.0,"enemies":"Spheric Guardian","floor":20.0,"turns":1.0},{"damage":0.0,"enemies":"downfall:FleeingMerchant","floor":22.0,"turns":4.0},{"damage":0.0,"enemies":"Book of Stabbing","floor":23.0,"turns":6.0},{"damage":0.0,"enemies":"3 Cultists","floor":27.0,"turns":3.0},{"damage":0.0,"enemies":"Gremlin Leader","floor":29.0,"turns":4.0},{"damage":0.0,"enemies":"Masked Bandits","floor":31.0,"turns":4.0},{"damage":0.0,"enemies":"Snake Plant","floor":32.0,"turns":4.0},{"damage":0.0,"enemies":"downfall:Defect","floor":33.0,"turns":10.0},{"damage":0.0,"enemies":"3 Shapes","floor":36.0,"turns":3.0},{"damage":0.0,"enemies":"downfall:FleeingMerchant","floor":37.0,"turns":4.0},{"damage":0.0,"enemies":"3 Darklings","floor":38.0,"turns":5.0},{"damage":0.0,"enemies":"Jaw Worm Horde","floor":43.0,"turns":4.0},{"damage":0.0,"enemies":"4 Shapes","floor":46.0,"turns":3.0},{"damage":0.0,"enemies":"3 Darklings","floor":49.0,"turns":3.0},{"damage":0,"enemies":"downfall:Ironclad","floor":50,"turns":5}],"seed_played":"-5536298639241164614","potions_obtained":[{"floor":2.0,"key":"SteroidPotion"},{"floor":10.0,"key":"SteroidPotion"},{"floor":11.0,"key":"champ:CounterPotion"},{"floor":16.0,"key":"Guardian:BlockOnCardUsePotion"}],"is_trial":false,"path_per_floor":["R","M","M","?","?","E","T","M","?","E","M","M","R","$","M","B",null,"R","M","M","?","$","E","T","R","?","M","?","E","?","?","M","B",null,"R","M","$","M","$","?","T","$","M","R","?","M","R","?","M","B",null],"character_chosen":"THE_AUTOMATON","items_purchased":["bronze:Fortify","bronze:ChildClass","Guardian:BottledAnomaly","Chemical X","Vajra","bronze:Fortify","Strength Potion"],"campfire_rested":1,"item_purchase_floors":[14,22,37,39,39,39,42],"current_hp_per_floor":[57,53,53,53,53,32,32,32,24,24,24,31,48,55,56,56,57,57,57,57,67,67,67,67,67,67,67,67,67,67,67,67,67,67,67,67,67,67,67,67,67,67,67,67,67,67,67,67,67,67],"gold":88,"neow_bonus":"REMOVE_TWO","is_daily":false,"chose_seed":false,"campfire_upgraded":5,"win_rate":0.0,"timestamp":1610019431,"path_taken":["R","M","M","?","?","E","T","M","?","E","M","?","R","$","M","BOSS","R","M","M","?","$","E","T","R","?","M","?","E","?","?","M","BOSS","R","M","$","M","$","?","T","?","M","R","?","M","R","?","M","BOSS"],"items_purchased_type":["Card","Card","Relic","Relic","Relic","Card","Potion"],"build_version":"2020-12-22","purchased_purges":4,"victory":true,"max_hp_per_floor":[57,57,57,57,57,57,57,57,57,57,57,57,57,57,57,57,57,57,57,57,67,67,67,67,67,67,67,67,67,67,67,67,67,67,67,67,67,67,67,67,67,67,67,67,67,67,67,67,67,67],"card_choices":[{"not_picked":["bronze:Overheat","bronze:Shield"],"picked":"bronze:Boost","floor":2.0},{"not_picked":["bronze:BitShift","bronze:Branch"],"picked":"bronze:ChildClass","floor":3.0},{"not_picked":["bronze:BugBarrage","bronze:CutThrough"],"picked":"bronze:DigitalCarnage","floor":6.0},{"not_picked":["bronze:RecursiveStrike","bronze:CloningBeam"],"picked":"bronze:Frontload","floor":8.0},{"not_picked":["bronze:Overheat","bronze:Shell"],"picked":"bronze:ChildClass","floor":10.0},{"not_picked":["bronze:Turbo","bronze:BugBarrage"],"picked":"bronze:Repair","floor":11.0},{"not_picked":["bronze:CutThrough","bronze:Branch"],"picked":"bronze:BronzeOrb","floor":12.0},{"not_picked":["bronze:WildBeam","bronze:Shield"],"picked":"bronze:Format","floor":14.0},{"not_picked":["bronze:CutThrough","bronze:NullPointer","bronze:Turbo"],"picked":"SKIP","floor":15.0},{"not_picked":["bronze:CutThrough","bronze:BugBarrage","bronze:DelayedGuard"],"picked":"SKIP","floor":19.0},{"not_picked":["bronze:FollowUp","bronze:ChosenStrike"],"picked":"bronze:Boost","floor":20.0},{"not_picked":["bronze:Deprecate","bronze:Return","bronze:Iterate"],"picked":"SKIP","floor":22.0},{"not_picked":["bronze:BitShift","bronze:Optimize","bronze:DelayedGuard"],"picked":"SKIP","floor":23.0},{"not_picked":["bronze:BitShift","bronze:Optimize","bronze:DelayedGuard"],"picked":"SKIP","floor":23.0},{"not_picked":["bronze:BitShift","bronze:Optimize","bronze:DelayedGuard"],"picked":"SKIP","floor":23.0},{"not_picked":["bronze:Shield","bronze:DigitalCarnage","bronze:Turbo"],"picked":"SKIP","floor":27.0},{"not_picked":["bronze:Shield","bronze:DigitalCarnage","bronze:Turbo"],"picked":"SKIP","floor":27.0},{"not_picked":["bronze:Flail","bronze:Shield","bronze:RecursiveStrike"],"picked":"SKIP","floor":29.0},{"not_picked":["bronze:Flail","bronze:Shield","bronze:RecursiveStrike"],"picked":"SKIP","floor":29.0},{"not_picked":["bronze:InfiniteLoop","bronze:DigitalCarnage","bronze:Constructor"],"picked":"SKIP","floor":32.0},{"not_picked":["bronze:InfiniteLoop","bronze:Mutator"],"picked":"bronze:Verify","floor":33.0},{"not_picked":["bronze:ForceShield","bronze:WildBeam"],"picked":"bronze:Separator+1","floor":36.0},{"not_picked":["bronze:Shell","bronze:Safeguard"],"picked":"bronze:Boost","floor":37.0},{"not_picked":["bronze:Deprecate+1","bronze:ForceShield"],"picked":"bronze:ChildClass","floor":38.0},{"not_picked":["bronze:CutThrough","bronze:DelayedSlice","bronze:ChildClass"],"picked":"SKIP","floor":43.0},{"not_picked":["bronze:Iterate+1","bronze:DelayedSlice","bronze:Deprecate"],"picked":"SKIP","floor":46.0},{"not_picked":["bronze:DelayedSlice","bronze:Deprecate"],"picked":"bronze:Iterate+1","floor":46.0},{"not_picked":["expansioncontent:Torchfire","expansioncontent:SuperHexaguard"],"picked":"expansioncontent:CaCaw","floor":48.0},{"not_picked":["bronze:FindAndReplace","bronze:Invalidate","bronze:Terminator"],"picked":"SKIP","floor":49.0}],"player_experience":1135647,"relics_obtained":[{"floor":6.0,"key":"Guardian:PocketSentry"},{"floor":7.0,"key":"Bottled Flame"},{"floor":10.0,"key":"Smiling Mask"},{"floor":21.0,"key":"sneckomod:BlankCard"},{"floor":21.0,"key":"Pear"},{"floor":21.0,"key":"FossilizedHelix"},{"floor":23.0,"key":"Bag of Preparation"},{"floor":24.0,"key":"Happy Flower"},{"floor":29.0,"key":"Juzu Bracelet"},{"floor":31.0,"key":"Red Mask"},{"floor":41.0,"key":"Letter Opener"}],"event_choices":[{"cards_removed":["bronze:Strike"],"damage_healed":0.0,"max_hp_gain":0.0,"max_hp_loss":0.0,"gold_gain":0.0,"event_name":"The Cleric","player_choice":"Card Removal","floor":5.0,"gold_loss":0.0,"damage_taken":0.0},{"damage_healed":0.0,"max_hp_gain":0.0,"max_hp_loss":0.0,"gold_gain":0.0,"event_name":"Masked Bandits","player_choice":"Fought Bandits","floor":31.0,"gold_loss":0.0,"damage_taken":0.0}],"is_beta":false,"boss_relics":[{"not_picked":["bronze:ElectromagneticCoil","Pandora\u0027s Box"],"picked":"SlaversCollar"},{"not_picked":["SacredBark","bronze:MakeshiftBattery"],"picked":"bronze:PlatinumCore"}],"items_purged_floors":[14,22,37,39],"is_endless":false,"potions_floor_spawned":[2,10,11,12,16,19,27,33,36,43],"ascension_level":15}}