{"host":"yptvp0rjza9g9li7","time":1610027560,"event":{"mods":["AchievementEnabler","BaseMod","Colored Map","Colored Powertips","DeckTracker","Minty Spire (QoL Compilation)","SuperFastMode"],"gold_per_floor":[118,40,40,40,57,86,86,99,99,127,127,144,159,334,334,437,437,425,48,65,77,92,92,92,24,48,48,73,73,172,182,182,284,284,299,318,336,336,352,352,352],"floor_reached":40,"playtime":3172,"items_purged":["Strike_G"],"score":443,"play_id":"418fa55d-a725-4ce1-96ef-85fdefedb0dd","local_time":"20210107225240","is_ascension_mode":false,"campfire_choices":[{"data":"Venomology","floor":7.0,"key":"SMITH"},{"floor":11.0,"key":"REST"},{"floor":15.0,"key":"REST"},{"data":"Accuracy","floor":23.0,"key":"SMITH"},{"data":"A Thousand Cuts","floor":27.0,"key":"SMITH"},{"floor":29.0,"key":"REST"},{"floor":32.0,"key":"REST"}],"circlet_count":0,"master_deck":["Strike_G","Strike_G+1","Defend_G","Defend_G","Defend_G","Defend_G","Defend_G","Survivor","Neutralize+1","Venomology+1","Quick Slash","Accuracy+1","Dagger Throw","Dodge and Roll","Reflex","Backflip","Dagger Throw+1","Infinite Blades","Cloak And Dagger","Doubt","A Thousand Cuts+1","Blade Dance+1","Blade Dance+1","Backstab+1","Deadly Poison+1","Finisher+1","Well Laid Plans","Reflex+1","Tactician","Escape Plan","Cloak And Dagger"],"relics":["Ring of the Snake","FaceOfCleric","Girya","Pocketwatch","Molten Egg 2","SacredBark","DollysMirror","Whetstone","Bronze Scales","Smiling Mask"],"acts_visited":["TheCity","TheBeyond"],"potions_floor_usage":[40,40],"damage_taken":[{"damage":0.0,"enemies":"Small Slimes","floor":1.0,"turns":6.0},{"damage":0.0,"enemies":"Jaw Worm","floor":5.0,"turns":4.0},{"damage":39.0,"enemies":"Gremlin Nob","floor":6.0,"turns":6.0},{"damage":0.0,"enemies":"Cultist","floor":8.0,"turns":4.0},{"damage":22.0,"enemies":"3 Sentries","floor":10.0,"turns":9.0},{"damage":14.0,"enemies":"2 Fungi Beasts","floor":12.0,"turns":4.0},{"damage":7.0,"enemies":"Large Slime","floor":13.0,"turns":2.0},{"damage":8.0,"enemies":"Slime Boss","floor":16.0,"turns":12.0},{"damage":21.0,"enemies":"2 Thieves","floor":18.0,"turns":4.0},{"damage":11.0,"enemies":"Chosen","floor":20.0,"turns":5.0},{"damage":6.0,"enemies":"Centurion and Healer","floor":21.0,"turns":5.0},{"damage":23.0,"enemies":"Sentry and Sphere","floor":22.0,"turns":6.0},{"damage":51.0,"enemies":"Slavers","floor":28.0,"turns":4.0},{"damage":10.0,"enemies":"Chosen and Byrds","floor":31.0,"turns":3.0},{"damage":29.0,"enemies":"Champ","floor":33.0,"turns":7.0},{"damage":25.0,"enemies":"3 Darklings","floor":35.0,"turns":4.0},{"damage":7.0,"enemies":"Orb Walker","floor":36.0,"turns":2.0},{"damage":0.0,"enemies":"Writhing Mass","floor":37.0,"turns":2.0},{"damage":39.0,"enemies":"4 Shapes","floor":39.0,"turns":4.0},{"damage":23,"enemies":"Giant Head","floor":40,"turns":5}],"seed_played":"937483212019452928","potions_obtained":[{"floor":1.0,"key":"Block Potion"},{"floor":6.0,"key":"Ancient Potion"},{"floor":8.0,"key":"Block Potion"},{"floor":10.0,"key":"ColorlessPotion"},{"floor":21.0,"key":"Swift Potion"},{"floor":31.0,"key":"Poison Potion"},{"floor":33.0,"key":"SteroidPotion"},{"floor":35.0,"key":"Explosive Potion"},{"floor":36.0,"key":"Energy Potion"}],"is_trial":false,"path_per_floor":["M","$","?","?","M","E","R","M","T","E","R","M","M","?","R","B",null,"M","$","M","M","M","R","?","$","T","R","E","R","?","M","R","B",null,"M","M","M","?","M","E"],"character_chosen":"THE_SILENT","items_purchased":["Accuracy","DollysMirror","Whetstone","Well Laid Plans"],"campfire_rested":4,"item_purchase_floors":[2,19,19,25],"current_hp_per_floor":[70,70,70,70,71,33,33,34,34,13,35,22,16,16,38,31,77,57,57,47,76,54,54,54,54,54,54,4,28,28,19,43,15,84,60,54,55,55,17,0,0],"gold":352,"neow_bonus":"ONE_RANDOM_RARE_CARD","is_daily":false,"chose_seed":false,"campfire_upgraded":3,"win_rate":0.0,"timestamp":1610027560,"path_taken":["M","$","?","?","M","E","R","M","T","E","R","M","?","?","R","BOSS","M","$","M","M","M","R","?","$","T","R","E","R","?","M","R","BOSS","M","M","M","?","M","E"],"items_purchased_type":["Card","Relic","Relic","Card"],"build_version":"2020-12-22","purchased_purges":1,"victory":false,"max_hp_per_floor":[70,70,70,70,71,72,72,73,73,74,74,75,76,76,76,77,77,78,78,79,80,81,81,81,81,81,81,82,82,82,83,83,84,84,85,86,87,87,88,88,88],"card_choices":[{"not_picked":["Blur","Flying Knee"],"picked":"Quick Slash","floor":1.0},{"not_picked":["Flying Knee","Quick Slash"],"picked":"Dodge and Roll","floor":5.0},{"not_picked":["Escape Plan","Prepared"],"picked":"Reflex","floor":6.0},{"not_picked":["Well Laid Plans","Poisoned Stab"],"picked":"Backflip","floor":8.0},{"not_picked":["Predator+1","Deflect"],"picked":"Dagger Throw+1","floor":10.0},{"not_picked":["Prepared","Flying Knee+1"],"picked":"Infinite Blades","floor":12.0},{"not_picked":["Malaise","Poisoned Stab+1"],"picked":"Cloak And Dagger","floor":13.0},{"not_picked":["Envenom","Unload+1"],"picked":"A Thousand Cuts","floor":16.0},{"not_picked":["Flechettes+1","Eviscerate+1"],"picked":"Blade Dance+1","floor":18.0},{"not_picked":["Poisoned Stab+1","Prepared"],"picked":"Backstab+1","floor":20.0},{"not_picked":["Bane+1","Bouncing Flask+1"],"picked":"Deadly Poison+1","floor":21.0},{"not_picked":["Dagger Spray+1","Noxious Fumes+1"],"picked":"Finisher+1","floor":22.0},{"not_picked":["Well Laid Plans","Die Die Die+1"],"picked":"Reflex+1","floor":28.0},{"not_picked":["Bane+1","Deadly Poison+1"],"picked":"Tactician","floor":31.0},{"not_picked":["Quick Slash+1","Flying Knee+1"],"picked":"Escape Plan","floor":35.0},{"not_picked":["PiercingWail+1","Dodge and Roll+1"],"picked":"Cloak And Dagger","floor":36.0},{"not_picked":["Terror","Noxious Fumes+1","Finisher+1"],"picked":"SKIP","floor":37.0},{"not_picked":["Eviscerate+1","Outmaneuver","Dodge and Roll+1"],"picked":"SKIP","floor":39.0}],"player_experience":163400,"relics_obtained":[{"floor":6.0,"key":"Girya"},{"floor":9.0,"key":"Pocketwatch"},{"floor":10.0,"key":"Molten Egg 2"},{"floor":26.0,"key":"Bronze Scales"},{"floor":28.0,"key":"Smiling Mask"}],"event_choices":[{"damage_healed":0.0,"max_hp_gain":0.0,"max_hp_loss":0.0,"gold_gain":0.0,"cards_transformed":["Strike_G"],"event_name":"Living Wall","player_choice":"Change","floor":3.0,"gold_loss":0.0,"damage_taken":0.0,"cards_obtained":["Dagger Throw"]},{"damage_healed":0.0,"max_hp_gain":0.0,"max_hp_loss":0.0,"gold_gain":0.0,"event_name":"FaceTrader","player_choice":"Trade","floor":4.0,"gold_loss":0.0,"damage_taken":0.0,"relics_obtained":["FaceOfCleric"]},{"damage_healed":0.0,"max_hp_gain":0.0,"max_hp_loss":0.0,"gold_gain":175.0,"event_name":"Liars Game","player_choice":"AGREE","floor":14.0,"gold_loss":0.0,"damage_taken":0.0,"cards_obtained":["Doubt"]},{"damage_healed":0.0,"max_hp_gain":0.0,"max_hp_loss":0.0,"gold_gain":0.0,"event_name":"Ghosts","player_choice":"Ignored","floor":24.0,"gold_loss":0.0,"damage_taken":0.0},{"damage_healed":0.0,"max_hp_gain":0.0,"max_hp_loss":0.0,"gold_gain":99.0,"event_name":"Nest","player_choice":"Stole From Cult","floor":30.0,"gold_loss":0.0,"damage_taken":0.0},{"cards_removed":["Strike_G"],"damage_healed":0.0,"max_hp_gain":0.0,"max_hp_loss":0.0,"gold_gain":0.0,"event_name":"Falling","player_choice":"Removed Attack","floor":38.0,"gold_loss":0.0,"damage_taken":0.0}],"is_beta":false,"boss_relics":[{"not_picked":["Fusion Hammer","Black Star"],"picked":"SacredBark"},{"not_picked":[]}],"items_purged_floors":[19],"is_endless":false,"potions_floor_spawned":[1,6,8,10,21,31,33,35,36],"killed_by":"Giant Head","ascension_level":0}}