{"host":"ig7tc0uedzltt2sr","time":1610003553,"event":{"mods":["BaseMod","Better Twitch Integration","Block Reminder","Colored Map","Colored Powertips","Communication Mod","Current Relic Mod","GifTheSpireLib","HexUI Lib","Minty Spire (QoL Compilation)","Quick Restart","Random Character Button","Rare Cards Sparkle","Relic Sorter","Relic Stats","Slay the Relics Exporter","StSLib","SuperFastMode","Synergy Search","Twitch Decklist","Twitch Utils","everything is the same but u backflip on backflip","slay the spire mod where everything is the same but ironclad has a cowboy hat"],"gold_per_floor":[109,109,129,148,164,164,114,127,172,172,172,172],"floor_reached":11,"playtime":113,"items_purged":[],"score":65,"play_id":"aa4bc0fb-bda6-4307-a443-7197b3fae4ab","local_time":"20210106231233","is_ascension_mode":false,"campfire_choices":[{"floor":6,"key":"REST"},{"floor":10,"key":"REST"}],"circlet_count":0,"master_deck":["Strike_R","Strike_R","Strike_R","Strike_R","Strike_R","Defend_R","Defend_R","Defend_R","Defend_R","Bash","Dark Embrace","Carnage","Heavy Blade","Shrug It Off","True Grit"],"relics":["Philosopher\u0027s Stone","Bag of Preparation"],"acts_visited":["Exordium"],"potions_floor_usage":[],"damage_taken":[{"damage":4,"enemies":"2 Louse","floor":1,"turns":6},{"damage":8,"enemies":"Cultist","floor":3,"turns":5},{"damage":2,"enemies":"Jaw Worm","floor":4,"turns":4},{"damage":17,"enemies":"3 Louse","floor":5,"turns":3},{"damage":3,"enemies":"Blue Slaver","floor":8,"turns":3},{"damage":91,"enemies":"Lagavulin","floor":11,"turns":25}],"seed_played":"1346896139573771996","potions_obtained":[{"floor":1,"key":"Ancient Potion"},{"floor":8,"key":"HeartOfIron"}],"is_trial":false,"path_per_floor":["M","?","M","M","M","R","$","M","T","R","E"],"character_chosen":"IRONCLAD","items_purchased":["FearPotion"],"campfire_rested":2,"item_purchase_floors":[7],"current_hp_per_floor":[76,76,68,66,49,73,73,70,70,80,0,0],"gold":172,"neow_bonus":"BOSS_RELIC","is_daily":false,"chose_seed":false,"campfire_upgraded":0,"win_rate":0.0,"timestamp":1610003553,"path_taken":["M","?","M","M","?","R","$","M","T","R","E"],"items_purchased_type":["Potion"],"build_version":"2020-12-22","purchased_purges":0,"victory":false,"max_hp_per_floor":[80,80,80,80,80,80,80,80,80,80,80,80],"relic_stats":{"counters":[6,46],"Bag of Preparation":[2],"obtain_stats":[{"Philosopher\u0027s Stone":0,"Bag of Preparation":9,"Burning Blood":0},{"Philosopher\u0027s Stone":0,"Bag of Preparation":5,"Burning Blood":0},{"Philosopher\u0027s Stone":0,"Bag of Preparation":21,"Burning Blood":0}]},"card_choices":[{"not_picked":["Pommel Strike","Twin Strike"],"picked":"Dark Embrace","floor":1},{"not_picked":["Body Slam","Shrug It Off"],"picked":"Carnage","floor":3},{"not_picked":["True Grit","Pummel"],"picked":"Heavy Blade","floor":4},{"not_picked":["Flex","Searing Blow"],"picked":"Shrug It Off","floor":5},{"not_picked":["Cleave","Headbutt"],"picked":"True Grit","floor":8}],"player_experience":1452580,"relics_obtained":[{"floor":9,"key":"Bag of Preparation"}],"event_choices":[{"damage_healed":0,"gold_gain":0,"player_choice":"Ignored","damage_taken":0,"max_hp_gain":0,"max_hp_loss":0,"event_name":"Upgrade Shrine","floor":2,"gold_loss":0}],"is_beta":false,"boss_relics":[],"items_purged_floors":[],"is_endless":false,"potions_floor_spawned":[1,8],"killed_by":"Lagavulin","ascension_level":0}}