{"host":"vvp4eihuvtuugjfx","time":1610048333,"event":{"mods":["AchievementEnabler","Act Like it!","Aspiration","BaseMod","Better Altar","Better Match","Better Note","Better Sensory Stone","Better Skull","Better Third Choice","BetterRewards","CCEM","Colored Map","Colored Powertips","Downfall","GifTheSpireLib","Hallownest","Highlight Path","Mimic Mod","Minty Spire (QoL Compilation)","Permanent Neow","Quick Restart","Replay The Spire","Shop Mod","Spicy Shops","StSLib","The Bug Knight","Unceasing Turn Reminder"],"gold_per_floor":[115,115,74,87,105,140,155,190,228,245,258,268,268,297,297,397,397,410,410,410,421,461,492,492,525,549,562,574,587,587,622,622,727,827,845,845,845,858,458,458,491,509,547,577,577,604,622,492,492,492,492,492,172,207,207],"floor_reached":56,"playtime":8100,"items_purged":["Eruption","Establishment","Replay:BluntJabs"],"score":1834,"play_id":"1685ad8e-3515-4ecd-a7fa-44fd02531967","local_time":"20210107203853","is_ascension_mode":true,"campfire_choices":[{"data":"ReplayTheSpireMod:Brewmster","floor":15,"key":"SMITH"},{"data":"TalkToTheHand","floor":15,"key":"SMITH"},{"data":"Wish","floor":30,"key":"SMITH"},{"data":"TalkToTheHand","floor":30,"key":"SMITH"},{"floor":32,"key":"RECALL"},{"data":"Scrawl","floor":40,"key":"SMITH"},{"data":"Nirvana","floor":40,"key":"SMITH"},{"data":"ConjureBlade","floor":45,"key":"SMITH"},{"data":"JustLucky","floor":45,"key":"SMITH"},{"data":"DevaForm","floor":49,"key":"SMITH"},{"data":"Wallop","floor":49,"key":"SMITH"},{"data":"Perseverance","floor":52,"key":"SMITH"},{"data":"Prostrate","floor":52,"key":"SMITH"}],"circlet_count":0,"master_deck":["Vigilance","ThirdEye","ThirdEye","CutThroughFate","TalkToTheHand+1","ReplayTheSpireMod:Brewmster+1","Evaluate","JustLucky+1","Prostrate+1","FlurryOfBlows","Wallop+1","FlurryOfBlows","LikeWater","FlurryOfBlows","FlurryOfBlows","Tantrum","Brilliance","Pray+1","Weave","Nirvana+1","Wireheading+1","EmptyFist","TalkToTheHand+1","Replay:ManipulateFuture+1","Wish+1","FlurryOfBlows","DeusExMachina","EmptyBody","Scrawl+1","Weave","Prostrate","ConjureBlade+1","Perseverance+1","Prostrate+1","CutThroughFate","DevaForm+1","Weave","Nirvana","CutThroughFate"],"relics":["PureWater","Thread and Needle","Happy Flower","betterThird:SlimedRelic","Garlic","Replay:Arrowhead","aspiration:Lifesprig","TungstenRod","Oddly Smooth Stone","CCEMRelics:TransientCore","aspiration:FetidBarrel","CCEMRelics:Pendulum","Ancient Tea Set","Replay:Wanted Poster","MerchantsRug","Replay:Rubber Ducky","CCEMRelics:OverlyComfyChair","Strange Spoon","Snack Pack","Replay:Multitool"],"acts_visited":["Exordium","TheCity","TheBeyond","TheEnding"],"potions_floor_usage":[1,4,5,5,6,6,6,7,8,8,8,8,9,9,9,10,11,11,12,14,14,16,18,22,23,25,27,28,31,33,33,33,35,38,41,42,43,44,50,54,54,55,55,55,55],"damage_taken":[{"damage":4,"enemies":"2 Louse","floor":1,"turns":3},{"damage":3,"enemies":"Jaw Worm","floor":4,"turns":4},{"damage":0,"enemies":"Cultist","floor":5,"turns":4},{"damage":11,"enemies":"Gremlin Nob","floor":6,"turns":4},{"damage":0,"enemies":"2 Fungi Beasts","floor":7,"turns":4},{"damage":0,"enemies":"3 Sentries","floor":8,"turns":12},{"damage":0,"enemies":"Exordium Wildlife","floor":9,"turns":8},{"damage":0,"enemies":"Exordium Wildlife","floor":10,"turns":2},{"damage":0,"enemies":"Blue Slaver","floor":11,"turns":3},{"damage":0,"enemies":"Exordium Thugs","floor":12,"turns":4},{"damage":0,"enemies":"Gremlin Nob","floor":14,"turns":2},{"damage":0,"enemies":"Slime Boss","floor":16,"turns":5},{"damage":0,"enemies":"Shell Parasite","floor":18,"turns":4},{"damage":0,"enemies":"2 Thieves","floor":21,"turns":2},{"damage":0,"enemies":"Sentry and Sphere","floor":22,"turns":4},{"damage":0,"enemies":"Gremlin Leader","floor":23,"turns":3},{"damage":0,"enemies":"Slavers","floor":25,"turns":4},{"damage":9,"enemies":"Sentry and Sphere","floor":27,"turns":4},{"damage":0,"enemies":"Centurion and Healer","floor":28,"turns":5},{"damage":0,"enemies":"Snake Plant","floor":29,"turns":5},{"damage":0,"enemies":"Gremlin Leader","floor":31,"turns":7},{"damage":9,"enemies":"Collector","floor":33,"turns":8},{"damage":6,"enemies":"3 Shapes","floor":35,"turns":3},{"damage":0,"enemies":"3 Darklings","floor":38,"turns":6},{"damage":0,"enemies":"Giant Head","floor":41,"turns":6},{"damage":46,"enemies":"Writhing Mass","floor":42,"turns":6},{"damage":0,"enemies":"3 Darklings","floor":43,"turns":6},{"damage":13,"enemies":"Nemesis","floor":44,"turns":7},{"damage":15,"enemies":"Reptomancer","floor":46,"turns":3},{"damage":0,"enemies":"3 Darklings","floor":47,"turns":4},{"damage":31,"enemies":"Replay:Hell Engine","floor":50,"turns":7},{"damage":43,"enemies":"Shield and Spear","floor":54,"turns":10},{"damage":91,"enemies":"The Heart","floor":55,"turns":9}],"seed_played":"2525696205988823303","potions_obtained":[{"floor":1,"key":"Block Potion"},{"floor":8,"key":"AttackPotion"},{"floor":10,"key":"SpeedPotion"},{"floor":12,"key":"SteroidPotion"},{"floor":23,"key":"LifebloodPotion"},{"floor":31,"key":"BottledMiracle"},{"floor":41,"key":"Fire Potion"},{"floor":46,"key":"FairyPotion"}],"is_trial":false,"path_per_floor":["M","?","?","M","M","E","M","E","MIM","M","M","M","T","E","R","B",null,"M","?","?","M","MIM","E","?","E","T","M","M","M","R","E","R","B",null,"M","?","T","M","$","R","E","M","MIM","E","R","E","M","$","R","B",null,"R","$","E","B",null],"character_chosen":"WATCHER","items_purchased":["Thread and Needle","Tiny Chest","ThirdEye","CutThroughFate","TalkToTheHand","ReplayTheSpireMod:Brewmster","Evaluate","Weave","Prostrate","MerchantsRug","Strange Spoon","Weave","Snack Pack","Nirvana"],"campfire_rested":0,"item_purchase_floors":[0,0,0,0,0,0,0,39,39,39,48,48,53,53],"current_hp_per_floor":[29,29,18,15,15,4,4,4,4,4,4,4,4,4,4,4,55,61,61,61,67,73,79,79,85,85,82,88,94,94,97,97,91,95,95,100,100,101,101,101,102,61,67,60,60,51,64,64,64,57,98,98,98,108,48],"gold":207,"neow_bonus":"","is_daily":false,"chose_seed":false,"campfire_upgraded":12,"win_rate":0.0,"timestamp":1610048333,"path_taken":["M","?","?","M","M","E","M","E","MIM","M","?","M","?","E","R","BOSS","M","?","?","?","?","E","?","E","T","?","M","M","R","E","R","BOSS","M","?","?","?","$","R","E","M","MIM","E","R","E","M","$","R","BOSS","R","$","E","BOSS"],"items_purchased_type":["Relic","Relic","Card","Card","Card","Card","Card","Card","Card","Relic","Relic","Card","Relic","Card"],"build_version":"2020-12-22","purchased_purges":3,"victory":true,"max_hp_per_floor":[72,72,72,72,72,72,72,72,72,72,72,72,72,72,72,72,72,75,75,75,80,83,87,87,90,90,93,95,97,97,97,97,96,96,100,100,100,101,101,101,102,103,104,104,104,108,111,111,111,111,111,111,111,108,106],"card_choices":[{"not_picked":["EmptyFist","EmptyBody"],"picked":"JustLucky","floor":1},{"not_picked":["Vengeance","WaveOfTheHand"],"picked":"Prostrate","floor":4},{"not_picked":["Replay:AtTheReady","CrushJoints"],"picked":"FlurryOfBlows","floor":5},{"not_picked":["FlyingSleeves","Protect"],"picked":"Establishment","floor":6},{"not_picked":["Replay:AtTheReady","LikeWater"],"picked":"Wallop","floor":7},{"not_picked":["TalkToTheHand","FlyingSleeves"],"picked":"Replay:BluntJabs","floor":8},{"not_picked":["ClearTheMind","BowlingBash"],"picked":"FlurryOfBlows","floor":9},{"not_picked":["ClearTheMind","WaveOfTheHand"],"picked":"LikeWater","floor":10},{"not_picked":["CrushJoints","BowlingBash"],"picked":"FlurryOfBlows","floor":11},{"not_picked":["FollowUp","Meditate"],"picked":"FlurryOfBlows","floor":12},{"not_picked":["EmptyFist","Vault"],"picked":"Tantrum","floor":14},{"not_picked":["MasterReality","Scrawl"],"picked":"Brilliance","floor":16},{"not_picked":["Replay:Cycle","WreathOfFlame+1"],"picked":"Pray+1","floor":18},{"not_picked":["Protect+1","Replay:AtTheReady"],"picked":"Nirvana","floor":21},{"not_picked":["Prostrate","WreathOfFlame+1"],"picked":"Wireheading+1","floor":22},{"not_picked":["FlyingSleeves","Ragnarok"],"picked":"EmptyFist","floor":23},{"not_picked":["Conclude","FlurryOfBlows"],"picked":"TalkToTheHand","floor":25},{"not_picked":["ThirdEye","Replay:Battleflow+1"],"picked":"Replay:ManipulateFuture+1","floor":27},{"not_picked":["BowlingBash","FearNoEvil","SashWhip+1"],"picked":"SKIP","floor":28},{"not_picked":["BattleHymn","Tantrum"],"picked":"Wish","floor":29},{"not_picked":["Meditate","Prostrate"],"picked":"FlurryOfBlows","floor":31},{"not_picked":["Alpha","Brilliance"],"picked":"DeusExMachina","floor":33},{"not_picked":["Evaluate","ThirdEye+1"],"picked":"EmptyBody","floor":35},{"not_picked":["Prostrate+1","FlurryOfBlows"],"picked":"Scrawl","floor":38},{"not_picked":["FlyingSleeves+1","SandsOfTime+1"],"picked":"ConjureBlade","floor":41},{"not_picked":["FlyingSleeves+1","BowlingBash"],"picked":"Perseverance","floor":42},{"not_picked":["Vengeance","Halt"],"picked":"Prostrate+1","floor":43},{"not_picked":["Halt","InnerPeace"],"picked":"CutThroughFate","floor":44},{"not_picked":["FlyingSleeves+1","Prostrate"],"picked":"DevaForm","floor":46},{"not_picked":["Protect+1","BowlingBash","Replay:BluntJabs"],"picked":"SKIP","floor":47},{"not_picked":["ReachHeaven+1","Replay:Battleflow"],"picked":"CutThroughFate","floor":54}],"player_experience":757597,"relics_obtained":[{"floor":6,"key":"Garlic"},{"floor":8,"key":"Replay:Arrowhead"},{"floor":9,"key":"aspiration:Lifesprig"},{"floor":13,"key":"TungstenRod"},{"floor":14,"key":"Oddly Smooth Stone"},{"floor":23,"key":"Blue Candle"},{"floor":25,"key":"CCEMRelics:Pendulum"},{"floor":26,"key":"Ancient Tea Set"},{"floor":31,"key":"aspiration:HiddenCompartment"},{"floor":37,"key":"Darkstone Periapt"},{"floor":41,"key":"Anchor"},{"floor":43,"key":"Girya"},{"floor":44,"key":"Replay:Rubber Ducky"},{"floor":46,"key":"CCEMRelics:OverlyComfyChair"},{"floor":54,"key":"Replay:Multitool"}],"event_choices":[{"damage_healed":0,"gold_gain":0,"player_choice":"Slimed","damage_taken":11,"max_hp_gain":0,"max_hp_loss":0,"event_name":"betterThird:BetterGoop","floor":3,"gold_loss":41},{"damage_healed":0,"gold_gain":0,"player_choice":"Materialism","damage_taken":0,"max_hp_gain":0,"max_hp_loss":7,"event_name":"betterThird:BetterWriting","floor":19,"gold_loss":0},{"damage_healed":0,"gold_gain":0,"player_choice":"Read","damage_taken":0,"max_hp_gain":0,"max_hp_loss":0,"event_name":"The Library","floor":20,"gold_loss":0,"cards_obtained":["Weave"]},{"damage_healed":0,"gold_gain":0,"player_choice":"Gave Potion","damage_taken":0,"relics_obtained":["aspiration:FetidBarrel"],"max_hp_gain":0,"max_hp_loss":0,"event_name":"WeMeetAgain","floor":24,"gold_loss":0}],"is_beta":false,"boss_relics":[{"not_picked":["Astrolabe","Empty Cage"],"picked":"CCEMRelics:TransientCore"},{"not_picked":["Snecko Eye","aspiration:FutureDiary"],"picked":"Replay:Wanted Poster"}],"items_purged_floors":[39,39,48],"is_endless":false,"potions_floor_spawned":[1,8,10,12,21,23,27,31,41,46,47],"ascension_level":8}}