{"host":"6r341r9cz00j2qc1","time":1610059899,"event":{"mods":["BaseMod","Better Third Choice","Downfall","GungeonMod","Hermit","Lobotomy","LobotomyExtend","Minty Spire (QoL Compilation)","Replay The Spire","Shop Mod","StSLib"],"gold_per_floor":[131,152,176,202,182,182,224,248,248,248,248,268,268,88,88,211,211,238,290,317,341,353,353],"floor_reached":22,"playtime":1750,"items_purged":[],"score":186,"play_id":"110b4a4c-e8a0-44b2-9337-a1ea88ea3f9a","local_time":"20210107235139","is_ascension_mode":false,"campfire_choices":[{"data":"Life Link","floor":6,"key":"SMITH"},{"floor":10,"key":"RECALL"},{"data":"Infernal Blade","floor":13,"key":"SMITH"},{"floor":15,"key":"DIG"}],"circlet_count":0,"master_deck":["Strike_R","Strike_R","Strike_R","Strike_R","Strike_R","Defend_R","Defend_R","Defend_R","Defend_R","Bash","ReplayTheSpireMod:Stacked","Life Link+1","Spot Weakness","Thunderclap","Infernal Blade+1","Cleave","ReplayReversal","Anger","Demonic Infusion","CurseOfTheBell","Flex+1","Sever Soul","Dropkick","Parasite","Parasite","Parasite"],"relics":["Burning Blood","Replay:Bandana","LetterFromLob","Regal Pillow","Replay:Baseball","MerchantsRug","Frozen Egg 2","Calling Bell","Smiling Mask","Snack Pack","Dead Branch","Red Mask","LaetitiaHeart"],"acts_visited":["Exordium","TheCity"],"potions_floor_usage":[16,20,22],"damage_taken":[{"damage":1,"enemies":"Cultist","floor":1,"turns":3},{"damage":6,"enemies":"Small Slimes","floor":2,"turns":5},{"damage":6,"enemies":"Jaw Worm","floor":3,"turns":3},{"damage":11,"enemies":"2 Fungi Beasts","floor":4,"turns":4},{"damage":25,"enemies":"Gremlin Nob","floor":7,"turns":4},{"damage":2,"enemies":"Exordium Wildlife","floor":8,"turns":2},{"damage":0,"enemies":"3 Louse","floor":12,"turns":2},{"damage":88,"enemies":"Fading Forest","floor":16,"turns":11},{"damage":13,"enemies":"Shell Parasite","floor":18,"turns":5},{"damage":47,"enemies":"Masked Bandits","floor":19,"turns":4},{"damage":41,"enemies":"Spheric Guardian","floor":20,"turns":6},{"damage":0,"enemies":"Spheric Guardian","floor":21,"turns":2},{"damage":2,"enemies":"Spheric Guardian","floor":21,"turns":3},{"damage":16,"enemies":"Centurion and Healer","floor":22,"turns":3}],"seed_played":"7056221518764755192","potions_obtained":[{"floor":1,"key":"Languid Potion"},{"floor":3,"key":"Regen Potion"},{"floor":5,"key":"CultistPotion"},{"floor":12,"key":"BloodPotion"},{"floor":16,"key":"Milkshake"}],"is_trial":false,"path_per_floor":["M","M","M","M","?","R","E","M","T","R","M","M","R","$","R","B",null,"M","?","M","?","M"],"character_chosen":"IRONCLAD","items_purchased":["MerchantsRug","Anger"],"campfire_rested":0,"item_purchase_floors":[14,14],"current_hp_per_floor":[80,80,80,75,75,75,56,60,60,60,60,66,66,66,66,11,80,75,36,19,13,0,0],"gold":353,"neow_bonus":"RANDOM_COMMON_RELIC","is_daily":false,"chose_seed":false,"campfire_upgraded":2,"win_rate":0.0,"timestamp":1610059899,"path_taken":["M","?","M","M","?","R","E","M","T","R","M","?","R","$","R","BOSS","M","?","M","?","M"],"items_purchased_type":["Relic","Card"],"build_version":"2020-12-22","purchased_purges":0,"victory":false,"max_hp_per_floor":[80,80,80,80,80,80,80,80,80,80,80,80,80,80,80,80,80,80,80,80,80,80,80],"card_choices":[{"not_picked":["Pommel Strike","Shrug It Off"],"picked":"ReplayTheSpireMod:Stacked","floor":1},{"not_picked":["Hemogenesis","Shrug It Off"],"picked":"Life Link","floor":2},{"not_picked":["Shrug It Off","Havoc"],"picked":"Spot Weakness","floor":3},{"not_picked":["Warcry","Feel No Pain"],"picked":"Thunderclap","floor":4},{"not_picked":["Uppercut","Perfected Strike"],"picked":"Infernal Blade","floor":7},{"not_picked":["Ghostly Armor","Sever Soul"],"picked":"Cleave","floor":8},{"not_picked":["True Grit","Sentinel"],"picked":"ReplayReversal","floor":12},{"not_picked":["Brutality+1","Immolate"],"picked":"Demonic Infusion","floor":16},{"not_picked":["Flame Barrier","Shrug It Off"],"picked":"Flex+1","floor":18},{"not_picked":["Rupture+1","True Grit"],"picked":"Sever Soul","floor":19},{"not_picked":["Shrug It Off","Thunderclap"],"picked":"Dropkick","floor":20}],"player_experience":476891,"relics_obtained":[{"floor":1,"key":"LetterFromLob"},{"floor":7,"key":"Regal Pillow"},{"floor":9,"key":"Replay:Baseball"},{"floor":15,"key":"Frozen Egg 2"},{"floor":17,"key":"Smiling Mask"},{"floor":17,"key":"Snack Pack"},{"floor":17,"key":"Dead Branch"},{"floor":19,"key":"Red Mask"}],"event_choices":[{"damage_healed":0,"gold_gain":0,"player_choice":"Bought 1 Potion","damage_taken":0,"max_hp_gain":0,"max_hp_loss":0,"event_name":"The Woman in Blue","floor":5,"gold_loss":0},{"damage_healed":0,"gold_gain":0,"player_choice":"Fought Bandits","damage_taken":0,"max_hp_gain":0,"max_hp_loss":0,"event_name":"Masked Bandits","floor":19,"gold_loss":0}],"is_beta":false,"boss_relics":[{"not_picked":["Mark of Pain","Electric Blood"],"picked":"Calling Bell"}],"items_purged_floors":[],"is_endless":false,"potions_floor_spawned":[1,3,12,16,21],"killed_by":"Centurion and Healer","ascension_level":0}}