{"host":"J","time":1610024621,"event":{"mods":["BaseMod","Better Third Choice","Minty Spire (QoL Compilation)","StSLib"],"gold_per_floor":[111,128,143,143,153,153,185,27,27,27,40,73,92,110,110,110,110],"floor_reached":16,"playtime":425,"items_purged":[],"score":228,"play_id":"2c3f2144-bce2-483c-b557-18294a01fcb1","local_time":"20210107140341","is_ascension_mode":true,"campfire_choices":[{"floor":6.0,"key":"REST"},{"data":"Blade Dance","floor":10,"key":"SMITH"},{"floor":15,"key":"DIG"}],"circlet_count":0,"master_deck":["AscendersBane","Strike_G","Strike_G","Strike_G","Strike_G","Strike_G","Defend_G","Defend_G","Defend_G","Defend_G","Survivor","Neutralize","Tactician","Dash","Dagger Spray","Bouncing Flask","Quick Slash","Blade Dance+1","Dagger Throw","Backflip","Blur"],"relics":["Ring of the Snake","Centennial Puzzle","Oddly Smooth Stone","Ornamental Fan","Shovel","Bottled Flame"],"acts_visited":["Exordium"],"potions_floor_usage":[7,12],"damage_taken":[{"damage":1.0,"enemies":"Cultist","floor":1.0,"turns":5.0},{"damage":4.0,"enemies":"Small Slimes","floor":2.0,"turns":4.0},{"damage":0.0,"enemies":"2 Louse","floor":3.0,"turns":3.0},{"damage":19.0,"enemies":"Exordium Wildlife","floor":5.0,"turns":5.0},{"damage":15,"enemies":"Lagavulin","floor":7,"turns":6},{"damage":4,"enemies":"3 Louse","floor":11,"turns":3},{"damage":11,"enemies":"Gremlin Nob","floor":12,"turns":4},{"damage":0,"enemies":"2 Fungi Beasts","floor":13,"turns":2},{"damage":0,"enemies":"Red Slaver","floor":14,"turns":2},{"damage":29,"enemies":"Slime Boss","floor":16,"turns":5}],"seed_played":"9000449791632895296","potions_obtained":[{"floor":0.0,"key":"DuplicationPotion"},{"floor":0.0,"key":"CultistPotion"},{"floor":11,"key":"EssenceOfSteel"},{"floor":13,"key":"Dexterity Potion"}],"is_trial":false,"path_per_floor":["M","M","M","?","M","R","E","$","T","R","M","E","M","M","R","B"],"character_chosen":"THE_SILENT","items_purchased":["Oddly Smooth Stone"],"campfire_rested":1,"item_purchase_floors":[8],"current_hp_per_floor":[58,54,54,54,35,54,39,39,39,39,35,24,24,24,24,0,0],"gold":110,"neow_bonus":"THREE_SMALL_POTIONS","is_daily":false,"chose_seed":false,"campfire_upgraded":1,"win_rate":0.0,"timestamp":1610024621,"path_taken":["M","?","?","?","M","R","E","$","T","R","?","E","M","M","R","BOSS"],"items_purchased_type":["Relic"],"build_version":"2020-12-18","purchased_purges":0,"victory":false,"max_hp_per_floor":[66,66,66,66,66,66,66,66,66,66,66,66,66,66,66,66,66],"card_choices":[{"not_picked":["Dodge and Roll","Dagger Throw"],"picked":"Tactician","floor":1.0},{"not_picked":["Catalyst","Deflect"],"picked":"Dash","floor":2.0},{"not_picked":["Tactician","Bane"],"picked":"Dagger Spray","floor":3.0},{"not_picked":["Heel Hook","Crippling Poison"],"picked":"Quick Slash","floor":5.0},{"not_picked":["Sucker Punch","Accuracy"],"picked":"Blade Dance","floor":7},{"not_picked":["Dash","Glass Knife","Riddle With Holes"],"picked":"SKIP","floor":11},{"not_picked":["Flying Knee","Deflect"],"picked":"Dagger Throw","floor":12},{"not_picked":["Heel Hook","Dagger Spray"],"picked":"Backflip","floor":13},{"not_picked":["Catalyst","Dodge and Roll"],"picked":"Blur","floor":14}],"player_experience":1072583,"relics_obtained":[{"floor":7,"key":"Centennial Puzzle"},{"floor":9,"key":"Ornamental Fan"},{"floor":12,"key":"Shovel"},{"floor":15,"key":"Bottled Flame"}],"event_choices":[{"damage_healed":0.0,"max_hp_gain":0.0,"max_hp_loss":0.0,"gold_gain":0.0,"cards_transformed":["Defend_G"],"event_name":"Transmorgrifier","player_choice":"Transformed","floor":4.0,"gold_loss":0.0,"damage_taken":0.0,"cards_obtained":["Bouncing Flask"]}],"is_beta":true,"boss_relics":[],"items_purged_floors":[],"is_endless":false,"potions_floor_spawned":[1,11,13,14],"killed_by":"Slime Boss","ascension_level":20}}