{"host":"yiit85oc4oi3nqs8","time":1610030144,"event":{"mods":["AchievementEnabler","BaseMod","Better Third Choice","Block Reminder","DeckTracker","Highlight Path","Keyboard Shortcuts","Minty Spire (QoL Compilation)","MonsterHotkey","Quick Restart","Random Character Button","Relic Stats","StSLib"],"gold_per_floor":[117,192,192,49,49,61,61,61,95,114,114,114,114,134,134,151,101,101,116,131,131,131,227,227,242,256,269,269,285,303,303,303,328,328,342,342,375,375,375,400,400,400,400,415,443,455,455],"floor_reached":46,"playtime":1856,"items_purged":[],"score":621,"play_id":"f950eaed-04b1-43e5-8dfe-c329bb183902","local_time":"20210107233544","is_ascension_mode":true,"campfire_choices":[{"data":"Prostrate","floor":7,"key":"SMITH"},{"data":"Pray","floor":8,"key":"SMITH"},{"data":"Devotion","floor":13,"key":"SMITH"},{"data":"Eruption","floor":15,"key":"SMITH"},{"floor":21,"key":"REST"},{"data":"Prostrate","floor":22,"key":"SMITH"},{"floor":32,"key":"REST"},{"data":"Brilliance","floor":34,"key":"SMITH"},{"floor":36,"key":"REST"},{"data":"Consecrate","floor":38,"key":"SMITH"},{"data":"Strike_P","floor":41,"key":"SMITH"},{"data":"Strike_P","floor":42,"key":"SMITH"}],"circlet_count":0,"master_deck":["Strike_P","Strike_P","Strike_P+1","Strike_P+1","Defend_P+1","Defend_P+1","Defend_P+1","Eruption+1","Vigilance+1","Prostrate+1","Pray+1","Devotion+1","Prostrate+1","Brilliance+1","CutThroughFate+1","Consecrate+1"],"relics":["PureWater","NeowsBlessing","Medical Kit","Pen Nib","Blue Candle","Bag of Marbles","VioletLotus","Orichalcum","Kunai","Bronze Scales","War Paint","MawBank"],"acts_visited":["Exordium","TheCity"],"potions_floor_usage":[14,23,25,35,37,37,45,45],"damage_taken":[{"damage":0,"enemies":"Jaw Worm","floor":1,"turns":1},{"damage":0,"enemies":"2 Louse","floor":6,"turns":1},{"damage":0,"enemies":"3 Sentries","floor":9,"turns":2},{"damage":0,"enemies":"Cultist","floor":10,"turns":2},{"damage":0,"enemies":"Gremlin Gang","floor":14,"turns":3},{"damage":3,"enemies":"2 Fungi Beasts","floor":16,"turns":4},{"damage":15,"enemies":"Lots of Slimes","floor":19,"turns":5},{"damage":0,"enemies":"3 Louse","floor":20,"turns":3},{"damage":15,"enemies":"Hexaghost","floor":23,"turns":9},{"damage":10,"enemies":"3 Byrds","floor":25,"turns":5},{"damage":14,"enemies":"Chosen","floor":26,"turns":5},{"damage":18,"enemies":"Snake Plant","floor":27,"turns":3},{"damage":1,"enemies":"Centurion and Healer","floor":29,"turns":4},{"damage":0,"enemies":"Snecko","floor":30,"turns":3},{"damage":7,"enemies":"Book of Stabbing","floor":33,"turns":3},{"damage":7,"enemies":"Snake Plant","floor":35,"turns":3},{"damage":14,"enemies":"Slavers","floor":37,"turns":3},{"damage":0,"enemies":"Snecko","floor":44,"turns":3},{"damage":17,"enemies":"Book of Stabbing","floor":45,"turns":4},{"damage":21,"enemies":"3 Cultists","floor":46,"turns":3}],"seed_played":"5505697096064194959","potions_obtained":[{"floor":6,"key":"Energy Potion"},{"floor":16,"key":"Strength Potion"},{"floor":20,"key":"Regen Potion"},{"floor":23,"key":"Block Potion"},{"floor":29,"key":"Weak Potion"},{"floor":30,"key":"AttackPotion"},{"floor":35,"key":"Swift Potion"},{"floor":37,"key":"PowerPotion"},{"floor":44,"key":"LiquidMemories"}],"is_trial":false,"path_per_floor":["M","?","$","$","?","M","R","R","E","M","T","T","R","M","R","M","?","?","M","M","R","R","B",null,"M","M","M","?","M","M","?","R","E","R","M","R","E","R","T","T","R","R","?","M","E","M"],"character_chosen":"WATCHER","items_purchased":["Medical Kit"],"campfire_rested":3,"item_purchase_floors":[4],"current_hp_per_floor":[65,54,54,54,40,40,40,40,40,40,40,40,40,40,40,37,37,37,22,22,43,43,43,65,55,41,23,23,22,22,22,43,36,36,29,50,36,36,36,36,36,36,36,36,19,0,0],"gold":455,"neow_bonus":"THREE_ENEMY_KILL","is_daily":false,"chose_seed":false,"campfire_upgraded":9,"win_rate":0.0,"timestamp":1610030144,"path_taken":["M","?","$","$","?","M","R","R","E","M","T","T","R","M","R","M","?","?","M","M","R","R","BOSS","M","M","?","?","M","?","?","R","E","R","M","R","E","R","T","T","R","R","?","?","E","M"],"items_purchased_type":["Relic"],"build_version":"2020-12-22","purchased_purges":0,"victory":false,"max_hp_per_floor":[72,72,72,72,72,72,72,72,72,72,72,72,72,72,72,72,72,72,72,72,72,72,72,72,72,72,72,72,72,72,72,72,72,72,72,72,72,72,72,72,72,72,72,72,72,72,72],"relic_stats":{"counters":[20,69],"Blue Candle":[0],"Bronze Scales":[30],"Pen Nib":[11],"VioletLotus":[12],"Kunai":[4],"Orichalcum":[0],"War Paint":["Defend_P","Defend_P"],"Medical Kit":[2],"MawBank":12,"obtain_stats":[{"NeowsBlessing":0,"Blue Candle":11,"Bronze Scales":39,"Pen Nib":9,"VioletLotus":24,"Bag of Marbles":12,"Kunai":37,"PureWater":0,"Orichalcum":33,"War Paint":40,"Medical Kit":4,"MawBank":45},{"NeowsBlessing":0,"Blue Candle":4,"Bronze Scales":17,"Pen Nib":3,"VioletLotus":9,"Bag of Marbles":4,"Kunai":17,"PureWater":0,"Orichalcum":15,"War Paint":17,"Medical Kit":1,"MawBank":19},{"NeowsBlessing":0,"Blue Candle":6,"Bronze Scales":59,"Pen Nib":4,"VioletLotus":30,"Bag of Marbles":6,"Kunai":59,"PureWater":0,"Orichalcum":53,"War Paint":59,"Medical Kit":1,"MawBank":66}]},"card_choices":[{"not_picked":["JustLucky","SashWhip"],"picked":"Prostrate","floor":1},{"not_picked":["Crescendo","ClearTheMind"],"picked":"Pray","floor":6},{"not_picked":["EmptyBody","Collect","Indignation"],"picked":"SKIP","floor":9},{"not_picked":["ThirdEye","MentalFortress"],"picked":"Devotion","floor":10},{"not_picked":["EmptyFist","PathToVictory","Protect"],"picked":"SKIP","floor":14},{"not_picked":["BowlingBash","Adaptation"],"picked":"Prostrate","floor":16},{"not_picked":["Evaluate","MentalFortress","ForeignInfluence"],"picked":"SKIP","floor":19},{"not_picked":["ClearTheMind","Evaluate","Weave"],"picked":"SKIP","floor":20},{"not_picked":["Ragnarok","Judgement"],"picked":"Brilliance","floor":23},{"not_picked":["Adaptation","Evaluate+1","DeceiveReality"],"picked":"SKIP","floor":25},{"not_picked":["Prostrate","Halt"],"picked":"CutThroughFate+1","floor":26},{"not_picked":["Prostrate","SpiritShield"],"picked":"Consecrate","floor":27},{"not_picked":["Halt","EmptyBody","ClearTheMind+1"],"picked":"SKIP","floor":29},{"not_picked":["Consecrate","Perseverance+1","ThirdEye"],"picked":"SKIP","floor":30},{"not_picked":["EmptyMind","Study","CutThroughFate"],"picked":"SKIP","floor":33},{"not_picked":["Consecrate","Fasting2+1","Wish"],"picked":"SKIP","floor":35},{"not_picked":["FollowUp","EmptyMind","Crescendo"],"picked":"SKIP","floor":37},{"not_picked":["EmptyFist+1","TalkToTheHand","EmptyBody"],"picked":"SKIP","floor":44},{"not_picked":["SignatureMove","FollowUp","EmptyBody+1"],"picked":"SKIP","floor":45}],"player_experience":502361,"relics_obtained":[{"floor":9,"key":"Pen Nib"},{"floor":11,"key":"Blue Candle"},{"floor":12,"key":"Bag of Marbles"},{"floor":33,"key":"Orichalcum"},{"floor":37,"key":"Kunai"},{"floor":39,"key":"Bronze Scales"},{"floor":40,"key":"War Paint"},{"floor":45,"key":"MawBank"}],"event_choices":[{"damage_healed":0,"gold_gain":75,"player_choice":"Gold","damage_taken":11,"max_hp_gain":0,"max_hp_loss":0,"event_name":"betterThird:BetterGoop","floor":2,"gold_loss":0},{"damage_healed":54,"gold_gain":0,"player_choice":"Upgrade","damage_taken":14,"max_hp_gain":0,"max_hp_loss":72,"event_name":"betterThird:BetterShining","floor":5,"gold_loss":0,"cards_upgraded":["Vigilance","Defend_P"]},{"cards_removed":["Defend_P"],"damage_healed":0,"gold_gain":0,"player_choice":"Card Removal","damage_taken":0,"max_hp_gain":0,"max_hp_loss":0,"event_name":"The Cleric","floor":17,"gold_loss":50},{"damage_healed":0,"gold_gain":0,"player_choice":"Bought 0 Potions","damage_taken":0,"max_hp_gain":0,"max_hp_loss":0,"event_name":"The Woman in Blue","floor":18,"gold_loss":0},{"damage_healed":0,"gold_gain":0,"player_choice":"Ignored","damage_taken":0,"max_hp_gain":0,"max_hp_loss":0,"event_name":"N\u0027loth","floor":43,"gold_loss":0}],"is_beta":false,"boss_relics":[{"not_picked":["Runic Pyramid","Tiny House"],"picked":"VioletLotus"}],"items_purged_floors":[],"is_endless":false,"potions_floor_spawned":[6,16,20,23,29,30,35,37,44],"killed_by":"3 Cultists","ascension_level":9}}