{"host":"dbkc9h3etq50r1dq","time":1610041190,"event":{"mods":["AchievementEnabler","BaseMod","Block Reminder","Colored Powertips","Curses Come First","Custom Start","Dark Map","Minty Spire (QoL Compilation)","Permanent Neow","Potion Indicator Mod","Rare Cards Sparkle","StSLib","SuperFastMode"],"gold_per_floor":[113,113,113,128,128,128,168,189,214,214,214,88,111,152,152,283,283,299,48,48,72,92,92,126,144,144,144,178,196,196,196],"floor_reached":30,"playtime":1518,"items_purged":["Strike_B"],"score":333,"play_id":"5d52efbe-2b7c-4437-bfb9-5d8741db571c","local_time":"20210108013949","is_ascension_mode":true,"campfire_choices":[{"data":"Capacitor","floor":6.0,"key":"SMITH"},{"data":"Reinforced Body","floor":11.0,"key":"SMITH"},{"floor":15.0,"key":"REST"},{"floor":23.0,"key":"REST"},{"floor":27,"key":"REST"}],"circlet_count":0,"master_deck":["Strike_B","Strike_B","Defend_B","Defend_B","Defend_B","Defend_B","Zap","Dualcast","Compile Driver","Darkness","Capacitor+1","Heatsinks","Reinforced Body+1","Coolheaded","Reinforced Body","Aggregate","Multi-Cast","Barrage","Loop","Mayhem+1","Conserve Battery","Recycle+1","Creative AI","BootSequence+1"],"relics":["Cracked Core","NeowsBlessing","Golden Idol","Letter Opener","Vajra","Omamori","Bag of Preparation","Calling Bell","Orichalcum","Cables","Dead Branch","Blood Vial","Regal Pillow","Blue Candle"],"acts_visited":["Exordium","TheCity"],"potions_floor_usage":[30,30],"damage_taken":[{"damage":0.0,"enemies":"2 Louse","floor":1.0,"turns":1.0},{"damage":0.0,"enemies":"Small Slimes","floor":4.0,"turns":1.0},{"damage":0.0,"enemies":"Lagavulin","floor":7.0,"turns":1.0},{"damage":9.0,"enemies":"Jaw Worm","floor":8.0,"turns":3.0},{"damage":7.0,"enemies":"Large Slime","floor":13.0,"turns":8.0},{"damage":10.0,"enemies":"3 Sentries","floor":14.0,"turns":7.0},{"damage":11.0,"enemies":"Hexaghost","floor":16.0,"turns":10.0},{"damage":9.0,"enemies":"Chosen","floor":18.0,"turns":6.0},{"damage":26.0,"enemies":"3 Byrds","floor":21.0,"turns":4.0},{"damage":8.0,"enemies":"Snecko","floor":22.0,"turns":5.0},{"damage":4.0,"enemies":"Gremlin Leader","floor":24.0,"turns":7.0},{"damage":35,"enemies":"Centurion and Healer","floor":25,"turns":10},{"damage":32,"enemies":"Book of Stabbing","floor":28,"turns":7},{"damage":10,"enemies":"3 Cultists","floor":29,"turns":4},{"damage":22,"enemies":"Gremlin Leader","floor":30,"turns":5}],"seed_played":"6634164152629957669","potions_obtained":[{"floor":4.0,"key":"BlessingOfTheForge"},{"floor":7.0,"key":"SteroidPotion"},{"floor":8.0,"key":"DistilledChaos"},{"floor":14.0,"key":"DistilledChaos"},{"floor":18.0,"key":"EssenceOfSteel"},{"floor":21.0,"key":"Weak Potion"},{"floor":25,"key":"Ancient Potion"},{"floor":28,"key":"FocusPotion"}],"is_trial":false,"path_per_floor":["M","?","?","M","T","R","E","M","T","?","R","$","M","E","R","B",null,"M","$","?","M","M","R","E","M","T","R","E","M","E"],"character_chosen":"DEFECT","items_purchased":["Coolheaded","Loop","Mayhem","Dexterity Potion"],"campfire_rested":3,"item_purchase_floors":[12,19,19,19],"current_hp_per_floor":[75,75,57,57,57,57,57,48,48,66,66,66,59,49,71,60,75,66,66,66,40,32,54,50,17,17,54,24,16,0,0],"gold":196,"neow_bonus":"THREE_ENEMY_KILL","is_daily":false,"chose_seed":false,"campfire_upgraded":2,"win_rate":0.0,"timestamp":1610041189,"path_taken":["M","?","?","M","?","R","E","M","T","?","R","$","M","E","R","BOSS","M","$","?","?","M","R","E","M","T","R","E","M","E"],"items_purchased_type":["Card","Card","Card","Potion"],"build_version":"2020-12-22","purchased_purges":1,"victory":false,"max_hp_per_floor":[75,75,75,75,75,75,75,75,75,75,75,75,75,75,75,75,75,75,75,75,75,75,75,75,75,75,75,75,75,75,75],"card_choices":[{"not_picked":["Go for the Eyes","Double Energy"],"picked":"Compile Driver","floor":1.0},{"not_picked":["Hologram","Doom and Gloom"],"picked":"Capacitor","floor":4.0},{"not_picked":["Lockon","Turbo"],"picked":"Heatsinks","floor":7.0},{"not_picked":["Gash","Hologram"],"picked":"Reinforced Body","floor":8.0},{"not_picked":["Cold Snap","Turbo"],"picked":"Reinforced Body","floor":13.0},{"not_picked":["Machine Learning","Redo"],"picked":"Aggregate","floor":14.0},{"not_picked":["Thunder Strike","Core Surge"],"picked":"Multi-Cast","floor":16.0},{"not_picked":["Compile Driver","Defragment+1"],"picked":"Barrage","floor":18.0},{"not_picked":["Steam","Gash","Hello World+1"],"picked":"SKIP","floor":21.0},{"not_picked":["Sunder","Gash","Undo"],"picked":"SKIP","floor":22.0},{"not_picked":["Hello World","Ball Lightning"],"picked":"Conserve Battery","floor":24.0},{"not_picked":["FTL+1","Blizzard"],"picked":"Recycle+1","floor":25},{"not_picked":["Biased Cognition","Skim"],"picked":"Creative AI","floor":28},{"not_picked":["Rebound","Hologram"],"picked":"BootSequence+1","floor":29}],"player_experience":115070,"relics_obtained":[{"floor":5.0,"key":"Letter Opener"},{"floor":7.0,"key":"Vajra"},{"floor":9.0,"key":"Omamori"},{"floor":14.0,"key":"Bag of Preparation"},{"floor":17.0,"key":"Orichalcum"},{"floor":17.0,"key":"Cables"},{"floor":17.0,"key":"Dead Branch"},{"floor":24.0,"key":"Blood Vial"},{"floor":26,"key":"Regal Pillow"},{"floor":28,"key":"Blue Candle"}],"event_choices":[{"damage_healed":0.0,"max_hp_gain":0.0,"max_hp_loss":0.0,"gold_gain":0.0,"cards_transformed":["Strike_B"],"event_name":"Living Wall","player_choice":"Change","floor":2.0,"gold_loss":0.0,"damage_taken":0.0,"cards_obtained":["Darkness"]},{"damage_healed":0.0,"max_hp_gain":0.0,"max_hp_loss":0.0,"gold_gain":0.0,"event_name":"Golden Idol","player_choice":"Take Damage","floor":3.0,"gold_loss":0.0,"damage_taken":18.0,"relics_obtained":["Golden Idol"]},{"damage_healed":18.0,"max_hp_gain":0.0,"max_hp_loss":0.0,"gold_gain":0.0,"event_name":"Mushrooms","player_choice":"Healed and dodged fight","floor":10.0,"gold_loss":0.0,"damage_taken":0.0,"cards_obtained":["Parasite"]},{"damage_healed":0.0,"max_hp_gain":0.0,"max_hp_loss":0.0,"gold_gain":0.0,"event_name":"Upgrade Shrine","player_choice":"Upgraded","floor":20.0,"gold_loss":0.0,"damage_taken":0.0,"cards_upgraded":["Mayhem"]}],"is_beta":false,"boss_relics":[{"not_picked":["Busted Crown","Philosopher\u0027s Stone"],"picked":"Calling Bell"}],"items_purged_floors":[12],"is_endless":false,"potions_floor_spawned":[4,7,8,14,18,21,25,28],"killed_by":"Gremlin Leader","ascension_level":2}}