{"host":"j8nwej2guqy0wdfh","time":1610023956,"event":{"mods":["Act Like it!","BaseMod","Gensokyo","Luminous","Minty Spire (QoL Compilation)","RumiaBox-露米娅的神秘盒子","Shop Mod","StSLib","WarShipGirlsR/战舰少女R mod","Yuyuko","vexMod","【遗物卡牌】REMEMod"],"gold_per_floor":[115,115,127,127,146,171,182,182,182,201,201,216,216,228,228,329,329,340,186,186,186,186,186,32,32,112,142,142,154,154,154,154,154,154],"floor_reached":33,"playtime":1280,"items_purged":["rmod:strick"],"score":313,"play_id":"c502472c-eab0-4d0f-a08a-b78ada86a2fd","local_time":"20210107205236","is_ascension_mode":false,"campfire_choices":[{"data":"rmod:diamondstrike","floor":11,"key":"SMITH"},{"floor":15,"key":"REST"},{"data":"rmod:expeditionaryescort","floor":23,"key":"SMITH"},{"data":"rmod:wife","floor":25,"key":"SMITH"},{"floor":30,"key":"REST"},{"data":"Apotheosis","floor":32,"key":"SMITH"}],"circlet_count":0,"master_deck":["rmod:strick+1","rmod:strick+1","rmod:defend+1","rmod:defend+1","rmod:defend+1","rmod:defend+1","rmod:basicallowance","rmod:maingunfire","rmod:luckystar","Auto Shields","rmod:circuitoustactics","rmod:heivgo","rmod:ammunitionsupply","rmod:ridicule","rmod:launchingtorpedo","rmod:expeditionaryescort+1","rmod:diamondstrike+1","rmod:firesupport","rmod:overbreakdown","rmod:wife+1","rmod:auspiciousomen","rmod:firesupport+1","rmod:acesubmarine","Pain","rmod:fuelsupply+1","Apotheosis+1"],"relics":["rmod:firstchargereward","REME_ComplimentaryCards","Ice Cream","CultistMask","Bag of Preparation","Dream Catcher","Cursed Key","vexMod:ScavengeHelm","Omamori","InkBottle","Orichalcum"],"acts_visited":["Exordium","TheCity"],"potions_floor_usage":[12],"damage_taken":[{"damage":0,"enemies":"Cultist","floor":1,"turns":3},{"damage":0,"enemies":"Small Slimes","floor":3,"turns":3},{"damage":0,"enemies":"2 Louse","floor":5,"turns":2},{"damage":44,"enemies":"Gremlin Nob","floor":6,"turns":6},{"damage":6,"enemies":"Lots of Slimes","floor":7,"turns":5},{"damage":1,"enemies":"Blue Slaver","floor":10,"turns":3},{"damage":0,"enemies":"Exordium Wildlife","floor":12,"turns":4},{"damage":0,"enemies":"2 Fungi Beasts","floor":14,"turns":2},{"damage":0,"enemies":"Slime Boss","floor":16,"turns":7},{"damage":10,"enemies":"Shell Parasite","floor":18,"turns":5},{"damage":21,"enemies":"Slavers","floor":27,"turns":5},{"damage":25,"enemies":"3 Byrds","floor":29,"turns":5},{"damage":51,"enemies":"Automaton","floor":33,"turns":6}],"seed_played":"-1148273197114355078","potions_obtained":[{"floor":6,"key":"SteroidPotion"},{"floor":7,"key":"Explosive Potion"},{"floor":10,"key":"PowerPotion"},{"floor":18,"key":"FearPotion"}],"is_trial":false,"path_per_floor":["M","T","M","?","M","E","M","?","T","M","R","M","?","M","R","B",null,"M","$","?","?","T","R","$","R","T","E","?","M","R","?","R","B"],"character_chosen":"PRAEFECT","items_purchased":["rmod:acesubmarine","Omamori"],"campfire_rested":2,"item_purchase_floors":[19,24],"current_hp_per_floor":[75,75,75,75,75,31,25,25,25,24,24,24,31,31,53,53,75,65,65,65,65,65,65,65,65,65,44,44,19,41,41,41,0,0],"gold":154,"neow_bonus":"THREE_CARDS","is_daily":false,"chose_seed":false,"campfire_upgraded":4,"win_rate":0.0,"timestamp":1610023956,"path_taken":["M","?","M","?","?","E","M","?","T","?","R","M","?","M","R","BOSS","M","$","?","?","?","R","$","R","T","E","?","?","R","?","R","BOSS"],"items_purchased_type":["Card","Relic"],"build_version":"2020-12-22","purchased_purges":1,"victory":false,"max_hp_per_floor":[75,75,75,75,75,75,75,75,75,75,75,75,75,75,75,75,75,75,75,75,75,75,75,75,75,75,75,75,75,75,75,75,75,75],"card_choices":[{"not_picked":["rmod:ammunitionsupply","rmod:smokecover"],"picked":"rmod:luckystar","floor":0},{"not_picked":["rmod:unsinkable","rmod:generalist"],"picked":"rmod:circuitoustactics","floor":1},{"not_picked":["rmod:tearstotiara","rmod:intelligenceanalysis"],"picked":"rmod:heivgo","floor":3},{"not_picked":["rmod:unsinkable","rmod:circuitoustactics"],"picked":"rmod:ammunitionsupply","floor":5},{"not_picked":["rmod:tearstotiara","rmod:gendarmerie"],"picked":"rmod:ridicule","floor":6},{"not_picked":["rmod:circuitoustactics","rmod:guardianhero"],"picked":"rmod:launchingtorpedo","floor":7},{"not_picked":["rmod:steelsupply","rmod:unsinkable"],"picked":"rmod:diamondstrike","floor":10},{"not_picked":["rmod:circuitoustactics","rmod:fuelsupply"],"picked":"rmod:firesupport","floor":12},{"not_picked":["rmod:smokecover","rmod:luckystar"],"picked":"rmod:overbreakdown","floor":14},{"not_picked":["rmod:selfconfidence","rmod:firesupport"],"picked":"rmod:wife","floor":15},{"not_picked":["rmod:ridicule","rmod:supriseattacks"],"picked":"rmod:auspiciousomen","floor":16},{"not_picked":["rmod:fuelsupply","rmod:royalracing+1"],"picked":"rmod:firesupport+1","floor":18},{"not_picked":["rmod:luckystar","rmod:goodsister"],"picked":"rmod:fuelsupply+1","floor":27},{"not_picked":["rmod:expedition","rmod:smokecover","rmod:sl"],"picked":"SKIP","floor":29}],"player_experience":126643,"relics_obtained":[{"floor":2,"key":"Ice Cream"},{"floor":6,"key":"Bag of Preparation"},{"floor":9,"key":"Dream Catcher"},{"floor":22,"key":"vexMod:ScavengeHelm"},{"floor":26,"key":"InkBottle"},{"floor":27,"key":"Orichalcum"}],"event_choices":[{"damage_healed":0,"gold_gain":0,"player_choice":"Trade","damage_taken":0,"relics_obtained":["CultistMask"],"max_hp_gain":0,"max_hp_loss":0,"event_name":"FaceTrader","floor":4,"gold_loss":0},{"damage_healed":0,"gold_gain":0,"cards_transformed":["rmod:strick"],"player_choice":"Transformed","damage_taken":0,"max_hp_gain":0,"max_hp_loss":0,"event_name":"Transmorgrifier","floor":8,"gold_loss":0,"cards_obtained":["rmod:expeditionaryescort"]},{"damage_healed":0,"gold_gain":0,"player_choice":"Simplicity","damage_taken":0,"max_hp_gain":0,"max_hp_loss":0,"event_name":"Back to Basics","floor":20,"gold_loss":0,"cards_upgraded":["rmod:strick","rmod:strick","rmod:defend","rmod:defend","rmod:defend","rmod:defend"]},{"damage_healed":0,"gold_gain":0,"player_choice":"Ignored","damage_taken":0,"max_hp_gain":0,"max_hp_loss":0,"event_name":"Ghosts","floor":21,"gold_loss":0},{"damage_healed":0,"gold_gain":0,"player_choice":"Bought 0 Potions","damage_taken":0,"max_hp_gain":0,"max_hp_loss":0,"event_name":"The Woman in Blue","floor":28,"gold_loss":0}],"is_beta":false,"boss_relics":[{"not_picked":["vexMod:RockOfEvil","vexMod:EndlessSickness"],"picked":"Cursed Key"}],"items_purged_floors":[19],"is_endless":false,"potions_floor_spawned":[6,7,10,18,27],"killed_by":"Automaton","ascension_level":0}}