{"host":"zcz0awyw9el3eccp","time":1610029425,"event":{"mods":["AchievementEnabler","BaseMod","Colored Powertips","Googly Eyes","Minty Spire (QoL Compilation)","Quick Restart","StSLib"],"gold_per_floor":[110,110,35,35,58,58,77,77,125,139,139,182,182,225,237,374,386,416,527,362,362,385,404,404,279,279,298,319,357,357],"floor_reached":29,"playtime":1562,"items_purged":["Strike_P","Eruption","Eruption"],"score":253,"play_id":"87ae9f68-539b-473b-a623-9586ded7173f","local_time":"20210107152345","is_ascension_mode":false,"campfire_choices":[{"floor":6,"key":"RECALL"},{"data":"Evaluate","floor":8,"key":"SMITH"},{"data":"Vigilance","floor":13,"key":"SMITH"},{"data":"LikeWater","floor":15,"key":"SMITH"},{"data":"Devotion","floor":24,"key":"SMITH"}],"circlet_count":0,"master_deck":["Strike_P","Strike_P","Strike_P","Defend_P","Defend_P","Defend_P","Defend_P","Vigilance+1","Tantrum","Conclude","Evaluate+1","PathToVictory","PathToVictory","Perseverance","LikeWater+1","Devotion+1","CurseOfTheBell","Evaluate","Prostrate","Writhe","WaveOfTheHand","DeceiveReality+1","Study","Evaluate"],"relics":["PureWater","Golden Idol","Du-Vu Doll","FossilizedHelix","MawBank","Calling Bell","Vajra","Sundial","Dead Branch","Toy Ornithopter","Letter Opener","Strawberry"],"acts_visited":["Exordium","TheCity"],"potions_floor_usage":[12,29],"damage_taken":[{"damage":0,"enemies":"2 Louse","floor":1,"turns":4},{"damage":0,"enemies":"Cultist","floor":5,"turns":2},{"damage":0,"enemies":"Jaw Worm","floor":7,"turns":2},{"damage":0,"enemies":"Exordium Wildlife","floor":10,"turns":3},{"damage":8,"enemies":"Lagavulin","floor":12,"turns":5},{"damage":13,"enemies":"3 Sentries","floor":14,"turns":9},{"damage":2,"enemies":"The Guardian","floor":16,"turns":11},{"damage":2,"enemies":"Chosen","floor":18,"turns":6},{"damage":28,"enemies":"2 Thieves","floor":22,"turns":3},{"damage":0,"enemies":"Shelled Parasite and Fungi","floor":23,"turns":4},{"damage":0,"enemies":"Snake Plant","floor":27,"turns":5},{"damage":4,"enemies":"3 Cultists","floor":28,"turns":5},{"damage":28,"enemies":"Book of Stabbing","floor":29,"turns":8}],"seed_played":"-8839260806998222200","potions_obtained":[{"floor":1,"key":"SteroidPotion"},{"floor":10,"key":"Energy Potion"},{"floor":16,"key":"Regen Potion"},{"floor":18,"key":"Strength Potion"},{"floor":29,"key":"Strength Potion"}],"is_trial":false,"path_per_floor":["M","?","$","?","M","R","M","R","T","M","?","E","R","E","R","B",null,"M","?","$","?","M","M","R","$","T","M","M","E"],"character_chosen":"WATCHER","items_purchased":["Prostrate","Dexterity Potion"],"campfire_rested":0,"item_purchase_floors":[20,20],"current_hp_per_floor":[79,79,79,60,60,60,60,60,60,60,48,40,40,27,27,25,79,77,77,77,77,49,49,49,49,49,49,45,44,44],"gold":357,"neow_bonus":"TEN_PERCENT_HP_BONUS","is_daily":false,"chose_seed":false,"campfire_upgraded":4,"win_rate":0.0,"timestamp":1610029425,"path_taken":["M","?","?","?","M","R","M","R","T","?","?","E","R","E","R","BOSS","M","?","$","?","M","M","R","?","T","M","M","E"],"items_purchased_type":["Card","Potion"],"build_version":"2020-12-22","purchased_purges":3,"victory":false,"max_hp_per_floor":[79,79,79,79,79,79,79,79,79,79,79,79,79,79,79,79,79,79,79,79,79,79,79,79,79,79,79,79,86,86],"card_choices":[{"not_picked":["Nirvana","Study"],"picked":"Tantrum","floor":1},{"not_picked":["Conclude","ClearTheMind"],"picked":"Evaluate","floor":5},{"not_picked":["Prostrate","Collect"],"picked":"PathToVictory","floor":7},{"not_picked":["Protect","Pray"],"picked":"PathToVictory","floor":10},{"not_picked":["Crescendo","BowlingBash"],"picked":"Perseverance","floor":12},{"not_picked":["MasterReality","Protect"],"picked":"LikeWater","floor":14},{"not_picked":["Brilliance","Blasphemy"],"picked":"Devotion","floor":16},{"not_picked":["BattleHymn","Prostrate"],"picked":"Evaluate","floor":18},{"not_picked":["FearNoEvil","Indignation"],"picked":"WaveOfTheHand","floor":22},{"not_picked":["ThirdEye+1","Vengeance+1"],"picked":"DeceiveReality+1","floor":23},{"not_picked":["FlurryOfBlows+1","ClearTheMind"],"picked":"Study","floor":27},{"not_picked":["Tantrum","FlyingSleeves","JustLucky"],"picked":"SKIP","floor":28},{"not_picked":["Perseverance","Fasting2"],"picked":"Evaluate","floor":29}],"player_experience":101363,"relics_obtained":[{"floor":12,"key":"FossilizedHelix"},{"floor":14,"key":"MawBank"},{"floor":17,"key":"Vajra"},{"floor":17,"key":"Sundial"},{"floor":17,"key":"Dead Branch"},{"floor":26,"key":"Letter Opener"},{"floor":29,"key":"Strawberry"}],"event_choices":[{"damage_healed":0,"gold_gain":0,"player_choice":"2 cards matched","damage_taken":0,"max_hp_gain":0,"max_hp_loss":0,"event_name":"Match and Keep!","floor":2,"gold_loss":0,"cards_obtained":["Eruption","Conclude"]},{"damage_healed":0,"gold_gain":0,"player_choice":"Take Damage","damage_taken":19,"relics_obtained":["Golden Idol"],"max_hp_gain":0,"max_hp_loss":0,"event_name":"Golden Idol","floor":4,"gold_loss":0},{"damage_healed":0,"gold_gain":0,"player_choice":"Success","damage_taken":12,"relics_obtained":["Du-Vu Doll"],"max_hp_gain":0,"max_hp_loss":0,"event_name":"Scrap Ooze","floor":11,"gold_loss":0},{"damage_healed":0,"gold_gain":99,"player_choice":"Stole From Cult","damage_taken":0,"max_hp_gain":0,"max_hp_loss":0,"event_name":"Nest","floor":19,"gold_loss":0},{"damage_healed":0,"gold_gain":0,"player_choice":"Opened","damage_taken":0,"relics_obtained":["Toy Ornithopter"],"max_hp_gain":0,"max_hp_loss":0,"event_name":"The Mausoleum","floor":21,"gold_loss":0,"cards_obtained":["Writhe"]}],"is_beta":false,"boss_relics":[{"not_picked":["Runic Pyramid","HolyWater"],"picked":"Calling Bell"}],"items_purged_floors":[3,20,25],"is_endless":false,"potions_floor_spawned":[1,10,16,18,29],"killed_by":"Book of Stabbing","ascension_level":0}}