{"host":"363c1o4m0ew2jbar","time":1610012740,"event":{"mods":["AchievementEnabler","BaseMod","Better Note","Downfall","Hubris","Minty Spire (QoL Compilation)","StSLib"],"gold_per_floor":[99,113,128,128,147,147,147,159,84,97,130,142,154,154,171,275,275,200,217,11,11,29,45,45,57,42,52,65,65,165,192,209,305,305,305,316,316,416,427,461,488,500,529,566,578,610,655,407,421,421],"floor_reached":51,"playtime":3573,"items_purged":["Guardian:Defend_Guardian","Guardian:Strike_Guardian"],"score":815,"play_id":"d9105525-f6ff-4885-a285-cc567ce83a37","local_time":"20210106234540","is_ascension_mode":true,"campfire_choices":[{"floor":1,"key":"RECALL"},{"data":"Guardian:FuturePlans","floor":9,"key":"SMITH"},{"data":"Guardian:EvasiveProtocol","floor":18,"key":"SMITH"},{"floor":29,"key":"REST"},{"data":"Guardian:SpikerProtocol","floor":35,"key":"SMITH"},{"floor":45,"key":"REST"}],"circlet_count":0,"master_deck":["Guardian:Strike_Guardian","Guardian:Strike_Guardian","Guardian:Defend_Guardian","Guardian:Defend_Guardian","Guardian:Defend_Guardian","Guardian:CurlUp","Guardian:TwinSlam","Guardian:TimeSifter","Guardian:PiercingHide","Guardian:EvasiveProtocol+1","Guardian:FuturePlans+1","Guardian:ChargeCore","Guardian:PolyBeam","Guardian:BronzeOrb","Guardian:Orbwalk","Guardian:StasisEngine","Guardian:PiercingHide","Guardian:FloatingOrbs","Guardian:SpikerProtocol+1","Guardian:Reroute","Guardian:Repulse","Guardian:BronzeArmor","Guardian:ArmoredProtocol+1","Guardian:Incinerate+1","Guardian:Gem_Yellow"],"relics":["Guardian:ModeShifter","FaceOfCleric","The Courier","downfall:HeartBlessingRed","hubris:Potato","Guardian:StasisSlotReductionRelic","downfall:HeartBlessingGreen","Membership Card","Vajra","hubris:BundleOfHerbs","Blue Candle","Blood Vial","hubris:Backtick","Gremlin Horn","downfall:GremlinWheel","hubris:TenFootPole","MawBank","Frozen Egg 2","hubris:FunFungus","hubris:BottledRain","hexamod:BolsterEngine","Letter Opener"],"acts_visited":["Exordium","TheCity","TheBeyond"],"potions_floor_usage":[28,40,40,44,47,50],"damage_taken":[{"damage":0,"enemies":"Small Slimes","floor":2,"turns":5},{"damage":15,"enemies":"Cultist","floor":3,"turns":5},{"damage":6,"enemies":"2 Louse","floor":5,"turns":3},{"damage":8,"enemies":"Blue Slaver","floor":8,"turns":4},{"damage":0,"enemies":"Large Slime","floor":10,"turns":6},{"damage":10,"enemies":"Lagavulin","floor":11,"turns":7},{"damage":7,"enemies":"Lots of Slimes","floor":12,"turns":4},{"damage":9,"enemies":"Blue Slaver","floor":13,"turns":3},{"damage":0,"enemies":"2 Fungi Beasts","floor":15,"turns":3},{"damage":11,"enemies":"downfall:Watcher","floor":16,"turns":8},{"damage":22,"enemies":"Spheric Guardian","floor":19,"turns":4},{"damage":4,"enemies":"downfall:FleeingMerchant","floor":20,"turns":4},{"damage":0,"enemies":"Shell Parasite","floor":22,"turns":5},{"damage":22,"enemies":"Snake Plant","floor":23,"turns":4},{"damage":8,"enemies":"Snecko","floor":25,"turns":4},{"damage":3,"enemies":"downfall:FleeingMerchant","floor":26,"turns":4},{"damage":6,"enemies":"Centurion and Healer","floor":27,"turns":6},{"damage":4,"enemies":"Sentry and Sphere","floor":28,"turns":5},{"damage":17,"enemies":"downfall:Ironclad","floor":30,"turns":5},{"damage":16,"enemies":"Chosen and Byrds","floor":32,"turns":6},{"damage":25,"enemies":"downfall:Silent","floor":33,"turns":7},{"damage":14,"enemies":"3 Darklings","floor":36,"turns":5},{"damage":24,"enemies":"3 Darklings","floor":38,"turns":4},{"damage":5,"enemies":"Orb Walker","floor":39,"turns":4},{"damage":9,"enemies":"Reptomancer","floor":40,"turns":7},{"damage":32,"enemies":"Jaw Worm Horde","floor":43,"turns":4},{"damage":31,"enemies":"Giant Head","floor":44,"turns":9},{"damage":12,"enemies":"3 Darklings","floor":46,"turns":5},{"damage":1,"enemies":"Reptomancer","floor":47,"turns":7},{"damage":0,"enemies":"downfall:FleeingMerchant","floor":48,"turns":4},{"damage":0,"enemies":"Spire Growth","floor":49,"turns":5},{"damage":14,"enemies":"downfall:Ironclad","floor":50,"turns":12}],"seed_played":"6236467924779209178","potions_obtained":[{"floor":5,"key":"DuplicationPotion"},{"floor":10,"key":"Explosive Potion"},{"floor":15,"key":"ColorlessPotion"},{"floor":28,"key":"FearPotion"},{"floor":38,"key":"PowerPotion"},{"floor":44,"key":"SneckoOil"},{"floor":46,"key":"Slimebound:ThreeZeroPotion"}],"is_trial":false,"path_per_floor":["R","M","M","?","M","?","T","M","R","M","E","M","M","?","M","B",null,"R","M","$","?","M","M","T","M","$","M","M","R","?","T","M","B",null,"R","M","?","?","M","E","T","?","M","E","R","M","E","$","M","B",null],"character_chosen":"GUARDIAN","items_purchased":["Membership Card","Guardian:FloatingOrbs","hexamod:BolsterEngine","Letter Opener","DistilledChaos"],"campfire_rested":2,"item_purchase_floors":[20,20,48,48,48],"current_hp_per_floor":[80,80,65,65,59,59,59,52,52,53,44,38,30,30,31,21,87,87,66,63,63,64,43,43,36,34,29,26,54,38,38,25,3,98,98,85,85,64,62,56,56,56,33,8,39,34,39,48,53,46],"gold":421,"neow_bonus":"ONE_RANDOM_RARE_CARD","is_daily":false,"chose_seed":false,"campfire_upgraded":3,"win_rate":0.0,"timestamp":1610012740,"path_taken":["R","M","M","?","?","?","T","M","R","M","E","M","?","?","M","BOSS","R","M","$","?","M","M","T","M","$","M","M","R","?","?","M","BOSS","R","M","?","?","?","E","T","?","M","E","R","M","E","$","M","BOSS"],"items_purchased_type":["Relic","Card","Relic","Relic","Potion"],"build_version":"2020-12-22","purchased_purges":2,"victory":true,"max_hp_per_floor":[80,80,80,80,80,80,80,81,81,82,83,84,85,85,86,87,87,87,88,89,89,90,91,91,92,93,94,95,95,96,96,97,98,98,98,99,99,100,101,102,102,102,103,104,104,105,106,107,108,109],"card_choices":[{"not_picked":["Guardian:VentSteam","Guardian:RefractedBeam","Guardian:TemporalStrike"],"picked":"SKIP","floor":2},{"not_picked":["Guardian:Recover","Guardian:TimeSifter"],"picked":"Guardian:PiercingHide","floor":3},{"not_picked":["Guardian:Gem_Lightblue","Guardian:Gem_Crimson"],"picked":"Guardian:EvasiveProtocol","floor":5},{"not_picked":["Guardian:TimeBomb","Guardian:CrystalBeam"],"picked":"Guardian:FuturePlans","floor":8},{"not_picked":["Guardian:Recover","Guardian:ShieldCharger","Guardian:RollAttack"],"picked":"SKIP","floor":10},{"not_picked":["Guardian:ShieldSpikes","Guardian:RollAttack"],"picked":"Guardian:ChargeCore","floor":11},{"not_picked":["Guardian:PrimingBeam","Guardian:WalkerClaw"],"picked":"Guardian:PolyBeam","floor":12},{"not_picked":["Guardian:WalkerClaw","Guardian:ChargeCore"],"picked":"Guardian:BronzeOrb","floor":13},{"not_picked":["Guardian:ShieldCharger","Guardian:SentryBeam"],"picked":"Guardian:Orbwalk","floor":15},{"not_picked":["Guardian:StasisStrike","Guardian:HyperBeam_Guardian"],"picked":"Guardian:StasisEngine","floor":16},{"not_picked":["Guardian:Suspension","Guardian:FuturePlans"],"picked":"Guardian:PiercingHide","floor":19},{"not_picked":["Guardian:WalkerClaw","Guardian:PiercingHide"],"picked":"Guardian:Gem_Purple","floor":20},{"not_picked":["Guardian:ChargeCore","Guardian:Gem_Green","Guardian:Suspension+1"],"picked":"SKIP","floor":22},{"not_picked":["Guardian:RollAttack","Guardian:Gem_Lightblue"],"picked":"Guardian:SpikerProtocol","floor":23},{"not_picked":["Guardian:MultiBeam","Guardian:ChargeCore"],"picked":"Guardian:Reroute","floor":25},{"not_picked":["Guardian:Recover","Guardian:CrystalBeam"],"picked":"Guardian:Gem_Crimson","floor":26},{"not_picked":["Guardian:WalkerClaw","Guardian:TemporalStrike"],"picked":"Guardian:Repulse","floor":27},{"not_picked":["Guardian:TemporalShield","Guardian:SentryBeam","Guardian:Suspension"],"picked":"SKIP","floor":28},{"not_picked":["Guardian:Incinerate","Guardian:FloatingOrbs"],"picked":"Guardian:BronzeArmor","floor":30},{"not_picked":["Guardian:Gem_Lightblue","Guardian:HyperBeam_Guardian","Guardian:WalkerClaw+1"],"picked":"SKIP","floor":32},{"not_picked":["Guardian:Suspension","Guardian:ChargeCore+1","Guardian:Recover"],"picked":"SKIP","floor":36},{"not_picked":["Guardian:Clone+1","Guardian:SpikerProtocol+1","Guardian:CrystalBeam"],"picked":"SKIP","floor":39},{"not_picked":["Guardian:CrystalBeam+1","Guardian:PiercingHide","Guardian:ChargeCore+1"],"picked":"SKIP","floor":40},{"not_picked":["Guardian:ShieldSpikes+1","Guardian:PolyBeam+1","Guardian:SentryBeam"],"picked":"SKIP","floor":43},{"not_picked":["Guardian:Emergency+1","Guardian:Gem_Red"],"picked":"Guardian:ArmoredProtocol+1","floor":44},{"not_picked":["Guardian:TemporalShield+1","Guardian:Gem_Green"],"picked":"Guardian:Incinerate+1","floor":46},{"not_picked":["Guardian:VentSteam+1","Guardian:TemporalShield+1","Guardian:Gem_Red"],"picked":"SKIP","floor":47},{"not_picked":["Guardian:TemporalStrike+1","Guardian:CrystalBeam"],"picked":"Guardian:Gem_Yellow","floor":48},{"not_picked":["Guardian:Planning","Guardian:Suspension","Guardian:PrimingBeam"],"picked":"SKIP","floor":49}],"player_experience":1176390,"relics_obtained":[{"floor":7,"key":"The Courier"},{"floor":11,"key":"hubris:Potato"},{"floor":24,"key":"Vajra"},{"floor":30,"key":"hubris:BundleOfHerbs"},{"floor":30,"key":"Blue Candle"},{"floor":31,"key":"Blood Vial"},{"floor":38,"key":"downfall:GremlinWheel"},{"floor":40,"key":"hubris:TenFootPole"},{"floor":41,"key":"MawBank"},{"floor":44,"key":"Frozen Egg 2"},{"floor":45,"key":"hubris:FunFungus"},{"floor":47,"key":"hubris:BottledRain"}],"event_choices":[{"damage_healed":0,"gold_gain":0,"player_choice":"Trade","damage_taken":0,"relics_obtained":["FaceOfCleric"],"max_hp_gain":0,"max_hp_loss":0,"event_name":"FaceTrader","floor":6,"gold_loss":0},{"cards_removed":["Guardian:Strike_Guardian"],"damage_healed":0,"gold_gain":0,"player_choice":"Give","damage_taken":0,"max_hp_gain":0,"max_hp_loss":0,"event_name":"betterNote:BetterNote","floor":21,"gold_loss":0,"cards_obtained":["Guardian:Strike_Guardian"]},{"cards_removed":["Guardian:Strike_Guardian"],"damage_healed":0,"gold_gain":0,"player_choice":"Removed Attack","damage_taken":0,"max_hp_gain":0,"max_hp_loss":0,"event_name":"Falling","floor":42,"gold_loss":0},{"damage_healed":0,"gold_gain":0,"player_choice":"Relic","damage_taken":0,"max_hp_gain":0,"max_hp_loss":0,"event_name":"Wheel of Change","floor":45,"gold_loss":0}],"is_beta":false,"boss_relics":[{"not_picked":["Sozu","Fusion Hammer"],"picked":"Guardian:StasisSlotReductionRelic"},{"not_picked":["hubris:CrackedHourglass","Runic Dome"],"picked":"hubris:Backtick"}],"items_purged_floors":[20,48],"is_endless":false,"potions_floor_spawned":[5,10,15,22,23,27,28,33,36,38,44,46],"ascension_level":2}}