{"host":"acw864156wjp8gcv","time":1610040288,"event":{"mods":["2.2 Compatiblity","AchievementEnabler","Aspiration","BaseMod","Beaked The Cultist","Better Altar","Better Match","Better Note","Better Sensory Stone","Better Silent Start","Better Skull","Better Third Choice","Better Vampires","BetterRewards","Challenge The Spire","Colored Map","Colored Powertips","Conspire","Curses Come First","Downfall","Energized Spire","GifTheSpireLib","Halation","Hubris","Infinite Spire","Ironclad Rager","Jedi Mod","Mimic Mod","Minty Spire (QoL Compilation)","Relic Sorter","Replay The Spire","Shop Mod","Spicy Shops","Spikes Relics","StSLib","Stuff the Spire","The Blue Laboratory","The Construct","The Jungle","Wandering Minibosses","everything is the same but u backflip on backflip","vexMod"],"gold_per_floor":[114,127,211,211,221,221,235,245,1289,1289,1308,832,331,345,345,445,445,417,417,432,427,352,385,385,405,405,405,401,415,415,430,430,533,533,537,4,13,17,28,30,30,34,34,27,46,46,14,14,14,14],"floor_reached":51,"playtime":1885,"items_purged":["construct:DefenseMode+1","construct:Defend_Gold+1"],"score":1305,"play_id":"733bcc78-c3ba-40e4-9b89-30deee6bc06f","local_time":"20210107112448","is_ascension_mode":true,"campfire_choices":[{"data":"construct:GuardCore","floor":6.0,"key":"SMITH"},{"data":"construct:GuardCore+1","floor":10.0,"key":"SMITH"},{"data":"construct:Analyze","floor":15.0,"key":"SMITH"},{"data":"construct:SyphonStrike","floor":24.0,"key":"SMITH"},{"data":"construct:SyphonStrike+1","floor":30.0,"key":"SMITH"},{"data":"construct:ForceCore","floor":32.0,"key":"SMITH"},{"data":"construct:Autoturret","floor":41,"key":"SMITH"},{"data":"jedi:MakeshiftSword","floor":46,"key":"SMITH"},{"data":"construct:FlameCore","floor":49,"key":"SMITH"}],"circlet_count":0,"master_deck":["construct:Defend_Gold+1","construct:Defend_Gold+1","construct:Defend_Gold+1","construct:Strike_Gold+1","construct:Strike_Gold+1","construct:Strike_Gold+1","construct:Strike_Gold+1","construct:Strike_Gold+1","construct:AttackMode+1","construct:GuardCore+2","construct:CriticalHit+1","hubris:InfiniteBlow+62","construct:Analyze+1","construct:GoldenBullet+2","construct:SyphonStrike+2","construct:ForceCore+1","construct:FlameCore+1","construct:ScopeCore+1","construct:Autoturret+2"],"relics":["construct:ClockworkPhoenix","Replay:Baseball","Potion Belt","Coffee Dripper","Coffee Dripper","jedi:battlestandard","Strawberry","hubris:SlimyHat","wanderingMiniBosses:LockLocket","jedi:crownofsimplicity","jedi:purplefairy","jedi:shrinkray","hubris:HollowSoul","ReplayTheSpireMod:Ninjato","Guide Book","Bag of Marbles","SnailShell","hubris:DisguiseKit","jedi:firstaidkit"],"acts_visited":["Exordium","TheCity","TheBeyond"],"potions_floor_usage":[],"damage_taken":[{"damage":0.0,"enemies":"Jaw Worm","floor":1.0,"turns":2.0},{"damage":0.0,"enemies":"Small Slimes","floor":2.0,"turns":2.0},{"damage":0.0,"enemies":"Cultist","floor":5.0,"turns":2.0},{"damage":17.0,"enemies":"Exordium Wildlife","floor":7.0,"turns":4.0},{"damage":0.0,"enemies":"Blue Slaver","floor":8.0,"turns":2.0},{"damage":0.0,"enemies":"Large Slime","floor":9.0,"turns":4.0},{"damage":12.0,"enemies":"Large Slime","floor":11.0,"turns":4.0},{"damage":0.0,"enemies":"2 Fungi Beasts","floor":14.0,"turns":2.0},{"damage":0.0,"enemies":"The Guardian","floor":16.0,"turns":2.0},{"damage":16.0,"enemies":"3 Byrds","floor":18.0,"turns":4.0},{"damage":0.0,"enemies":"Chosen","floor":20.0,"turns":1.0},{"damage":2.0,"enemies":"Shelled Parasite and Fungi","floor":21.0,"turns":2.0},{"damage":0.0,"enemies":"Nightmare","floor":23.0,"turns":1.0},{"damage":0.0,"enemies":"Snecko","floor":25.0,"turns":1.0},{"damage":0.0,"enemies":"Centurion and Healer","floor":27.0,"turns":3.0},{"damage":0.0,"enemies":"Cultist and Chosen","floor":28.0,"turns":3.0},{"damage":2.0,"enemies":"Chosen and Byrds","floor":29.0,"turns":2.0},{"damage":0.0,"enemies":"Book of Stabbing","floor":31.0,"turns":2.0},{"damage":0.0,"enemies":"Automaton","floor":33.0,"turns":1.0},{"damage":12.0,"enemies":"3 Shapes","floor":35.0,"turns":3.0},{"damage":0,"enemies":"3 Darklings","floor":37,"turns":2},{"damage":6,"enemies":"4 Shapes","floor":38,"turns":2},{"damage":0,"enemies":"Sphere and 2 Shapes","floor":39,"turns":2},{"damage":0,"enemies":"Nightmare","floor":40,"turns":2},{"damage":0,"enemies":"R_Hoarder","floor":42,"turns":1},{"damage":4,"enemies":"Giant Head","floor":44,"turns":2},{"damage":0,"enemies":"Writhing Mass","floor":45,"turns":1},{"damage":0,"enemies":"4 Shapes","floor":47,"turns":2},{"damage":0,"enemies":"Sphere and 2 Shapes","floor":48,"turns":3},{"damage":0,"enemies":"infinitespire:MassOfShapes","floor":50,"turns":2}],"seed_played":"-5701273599650781482","potions_obtained":[{"floor":5.0,"key":"blueLaboratory:LouseDecoction"},{"floor":7.0,"key":"Block Potion"},{"floor":11.0,"key":"blueLaboratory:BottledHope"},{"floor":14.0,"key":"Fruit Juice"},{"floor":16.0,"key":"blueLaboratory:LouseDecoction"},{"floor":23.0,"key":"FearPotion"}],"is_trial":true,"path_per_floor":["M","M","?","?","M","R","M","M","MIM","R","M","?","$","M","R","B",null,"M","?","M","M","?","NM","R","M","T","M","M","M","R","E","R","B",null,"M","$","M","M","M","NM","R","E","T","E","M","R","M","M","R","B",null],"character_chosen":"THE_CONSTRUCT_MOD","items_purchased":["Replay:Baseball","construct:Autoturret","construct:Analyze","Potion Belt","ReplayTheSpireMod:Ninjato","Guide Book"],"campfire_rested":0,"item_purchase_floors":[13,13,13,13,36,36],"current_hp_per_floor":[85,85,71,71,71,71,54,54,54,54,42,42,42,42,42,42,92,89,102,102,100,100,105,105,105,105,105,105,103,107,107,107,107,107,95,95,95,89,89,89,99,99,99,95,95,100,100,100,105,105],"gold":14,"neow_bonus":"","is_daily":false,"chose_seed":false,"campfire_upgraded":9,"win_rate":0.0,"timestamp":1610040288,"path_taken":["M","M","?","?","M","R","M","M","MIM","R","?","?","$","M","R","BOSS","M","?","M","M","?","NM","R","M","T","M","M","M","R","E","R","BOSS","M","$","M","M","M","NM","R","E","T","E","M","R","M","M","R","BOSS"],"items_purchased_type":["Relic","Card","Card","Relic","Relic","Relic"],"build_version":"2020-12-22","purchased_purges":2,"victory":true,"max_hp_per_floor":[85,85,92,92,92,92,92,92,92,92,92,92,92,92,92,92,92,92,102,102,102,102,107,107,107,107,107,107,107,107,107,107,107,107,107,107,107,107,107,107,107,107,107,107,107,107,107,107,107,107],"card_choices":[{"not_picked":["construct:FierceBash","construct:Backfire","construct:Antimatter"],"picked":"SKIP","floor":1.0},{"not_picked":["construct:Missile","construct:Anticipate","construct:Reinforce"],"picked":"SKIP","floor":2.0},{"not_picked":["construct:Analyze","construct:Boost"],"picked":"construct:GuardCore","floor":3.0},{"not_picked":["construct:SweepLaser","construct:Hazardproof"],"picked":"construct:CriticalHit","floor":3.0},{"not_picked":["construct:Impenetrable","construct:Electrocute","construct:ShieldGenerator"],"picked":"SKIP","floor":5.0},{"not_picked":["construct:ShiftStrike","construct:Synchronize","construct:ScrapCannon"],"picked":"SKIP","floor":7.0},{"not_picked":["construct:ModeShift","construct:BatteryAcid","construct:SuppressiveFire"],"picked":"SKIP","floor":8.0},{"not_picked":["construct:SweepLaser","construct:Reinforce"],"picked":"construct:SyphonStrike","floor":9.0},{"not_picked":["construct:ShieldGenerator","construct:ShiftStrike","construct:Zapper"],"picked":"SKIP","floor":11.0},{"not_picked":["infinitespire:SevenWalls","ReplayTheSpireMod:Chaos Vortex"],"picked":"hubris:InfiniteBlow+31","floor":12.0},{"not_picked":["construct:SweepLaser","construct:Reinforce","construct:Accumulate"],"picked":"SKIP","floor":14.0},{"not_picked":["construct:LongRangeLance","construct:HyperBeam"],"picked":"construct:GoldenBullet","floor":16.0},{"not_picked":["construct:Forcefield","construct:ChargeShot","construct:ClusterMines"],"picked":"SKIP","floor":18.0},{"not_picked":["construct:Zapper","construct:Accumulate"],"picked":"construct:SyphonStrike","floor":20.0},{"not_picked":["construct:Backfire","construct:ShieldGenerator","construct:ClusterMines"],"picked":"SKIP","floor":21.0},{"not_picked":["construct:Synchronize","construct:HeavyBolt","construct:Electrocute"],"picked":"SKIP","floor":23.0},{"not_picked":["construct:QuickAttack+1","construct:Impenetrable","construct:Versatility"],"picked":"SKIP","floor":25.0},{"not_picked":["construct:Boost","construct:SaveState","construct:Backfire+1"],"picked":"SKIP","floor":27.0},{"not_picked":["construct:Autoturret+1","construct:ShiftStrike","construct:ClockworkEgg"],"picked":"SKIP","floor":28.0},{"not_picked":["construct:Versatility","construct:Zapper","construct:CripplingShot"],"picked":"SKIP","floor":29.0},{"not_picked":["construct:Reinforce","construct:SyphonStrike"],"picked":"construct:ForceCore","floor":31.0},{"not_picked":["construct:Antimatter","construct:Analyze","construct:Failsafe+1"],"picked":"SKIP","floor":35.0},{"not_picked":["construct:Backup","construct:Dampening"],"picked":"construct:FlameCore","floor":37},{"not_picked":["construct:Stasis","construct:ScrapCannon"],"picked":"construct:ScopeCore+1","floor":38},{"not_picked":["construct:Anticipate","construct:Impenetrable+1","construct:HeavyBolt"],"picked":"SKIP","floor":39},{"not_picked":["construct:ChargeShot+1","construct:Backfire","construct:Accumulate"],"picked":"SKIP","floor":40},{"not_picked":["construct:SweepLaser","construct:Reinforce+1","construct:MetalShell+1"],"picked":"SKIP","floor":42},{"not_picked":["construct:OneWayMirror","construct:Anticipate+1","construct:VentSteam"],"picked":"jedi:MakeshiftSword","floor":44},{"not_picked":["construct:FierceBash","construct:BatteryAcid+1","construct:Anticipate+1","Seeing Red"],"picked":"SKIP","floor":45},{"not_picked":["construct:SaveState+1","construct:ModeShift","construct:ShieldBurst","Headbutt"],"picked":"SKIP","floor":47},{"not_picked":["construct:Anticipate+1","construct:VentSteam+1","construct:ShiftStrike","Headbutt"],"picked":"SKIP","floor":48},{"not_picked":["construct:Anticipate+1","construct:VentSteam+1","construct:ShiftStrike","Headbutt"],"picked":"SKIP","floor":48},{"not_picked":["construct:Anticipate+1","construct:VentSteam+1","construct:ShiftStrike","Headbutt"],"picked":"SKIP","floor":48}],"player_experience":127181,"relics_obtained":[{"floor":3.0,"key":"Strawberry"},{"floor":9.0,"key":"hubris:SlimyHat"},{"floor":9.0,"key":"wanderingMiniBosses:LockLocket"},{"floor":23.0,"key":"jedi:crownofsimplicity"},{"floor":26.0,"key":"jedi:purplefairy"},{"floor":31.0,"key":"jedi:shrinkray"},{"floor":40,"key":"Bag of Marbles"},{"floor":42,"key":"SnailShell"},{"floor":43,"key":"hubris:DisguiseKit"},{"floor":44,"key":"jedi:firstaidkit"}],"event_choices":[{"cards_removed":["construct:Defend_Gold"],"damage_healed":0.0,"max_hp_gain":0.0,"max_hp_loss":0.0,"gold_gain":0.0,"event_name":"Purifier","player_choice":"Purged","floor":4.0,"gold_loss":0.0,"damage_taken":0.0},{"cards_removed":["construct:GoldenBullet"],"damage_healed":3.0,"max_hp_gain":10.0,"max_hp_loss":0.0,"gold_gain":0.0,"event_name":"Bonfire Elementals","player_choice":"Offered Rare","floor":19.0,"gold_loss":0.0,"damage_taken":0.0},{"damage_healed":0.0,"max_hp_gain":0.0,"max_hp_loss":0.0,"gold_gain":0.0,"event_name":"betterMatch:BetterMatch","player_choice":"3","floor":22.0,"gold_loss":0.0,"damage_taken":0.0,"cards_obtained":[]}],"is_beta":false,"boss_relics":[{"not_picked":["CosmicIsotope","construct:ClawGrip"],"picked":"halation:Risk"},{"not_picked":["hubris:BlackHole","halation:PinkAlligatorPlush"],"picked":"hubris:HollowSoul"}],"items_purged_floors":[13,36],"is_endless":false,"potions_floor_spawned":[5,7,11,14,16,23,27,29,31,33,35,38,42,47],"ascension_level":1}}