{"host":"e2uqnaep9nhbuq3z","time":1610031398,"event":{"mods":["AchievementEnabler","Act Like it!","Aspiration","BaseMod","Better Altar","Better Note","Better Skull","Better Third Choice","ChefMod","Colored Map","Colored Powertips","Disable Question Mark Monsters","Energized Spire","Gensokyo","Hallownest","Hermit","Hubris","Infinite Spire","Minty Spire (QoL Compilation)","Pale of the Ancients","Rare Cards Sparkle","Replay The Spire","Retaliation","Shade Mod","Spikes Relics","StSLib","The Blue Laboratory","The Cursed","The Disciple","The Hierophant","The IronCluck","The Marked"],"gold_per_floor":[144,144,74,74,189,189,279,211,211,256,106,106,196,286,286,586,586,631,194,194,239,239,239,329,329,329,79,124,124,214,299,299,599,599,644,644],"floor_reached":35,"playtime":3566,"items_purged":["hubris:Disease","Hallucinations"],"score":659,"play_id":"ddae4c4f-0193-4741-910c-1574a9d10712","local_time":"20210107155638","daily_mods":["Cursed Run","Flight","Midas"],"is_ascension_mode":false,"campfire_choices":[{"floor":6.0,"key":"REST"},{"floor":12.0,"key":"REST"},{"data":"Shade:Strike_Shade","floor":15.0,"key":"PURGE"},{"floor":23.0,"key":"REST"},{"floor":25.0,"key":"REST"},{"floor":32.0,"key":"REST"}],"circlet_count":0,"master_deck":["Shade:Strike_Shade","Shade:Strike_Shade","Shade:Strike_Shade","Shade:AnimateDead","Shade:CarefulCut","Shade:FingerOfDeath","Hallownest:skillLeafShield","Hallownest:skillLeafShield","Hallownest:skillLeafShield","Hallownest:skillLeafShield","Hallownest:skillLeafShield","Shade:OpenGraves","Shade:StitchTogether","Hallownest:curseDreamersLament","Shade:WallOfFlesh","Shade:CommandSoldier","hubris:Sloth","Amnesia","Doubt","Shade:AblativeArmor+1","Shade:Putrefaction+1","Shade:SensePrey+1","Hallucinations","Shame","Shame","Shade:Coordination"],"relics":["Cursed Key","Darkstone Periapt","Du-Vu Doll","Hallownest:StagBellRelic1","Mummified Hand","ReplayTheSpireMod:CursedCoin","Boot","Replay:Accelerometer","ClockworkSouvenir","infinitespire:Golems Mask","Turnip","Replay:Ancient Bell","Vajra","aspiration:FetidBarrel","hubris:GlazedTorus","Replay:WaspNest","Kunai","Pear","TheAbacus","WarpedTongs","aspiration:FrozenJewel"],"acts_visited":[],"potions_floor_usage":[],"damage_taken":[{"damage":0.0,"enemies":"Hallownest:monsterHuskGuard","floor":1.0,"turns":4.0},{"damage":0.0,"enemies":"Hallownest:eliteVengeflyKing","floor":7.0,"turns":6.0},{"damage":2.0,"enemies":"2_ Uuma","floor":10.0,"turns":4.0},{"damage":10.0,"enemies":"Hallownest:eliteMossKnight","floor":13.0,"turns":7.0},{"damage":2.0,"enemies":"Hallownest:eliteVengeflyKing","floor":14.0,"turns":5.0},{"damage":38.0,"enemies":"Hallownest:BossHornet","floor":16.0,"turns":8.0},{"damage":11.0,"enemies":"Hallownest:2_Mistakes","floor":18.0,"turns":5.0},{"damage":16.0,"enemies":"Hallownest:Guard_and_Sentry","floor":21.0,"turns":4.0},{"damage":19.0,"enemies":"Hallownest:eliteWatcherKnight","floor":24.0,"turns":9.0},{"damage":15.0,"enemies":"Hallownest:3_Mistakes","floor":28.0,"turns":5.0},{"damage":33.0,"enemies":"Hallownest:eliteSoulWarrior","floor":30.0,"turns":6.0},{"damage":1.0,"enemies":"Hallownest:Glutton_and_Coward","floor":31.0,"turns":3.0},{"damage":9.0,"enemies":"Hallownest:BossGrimm","floor":33.0,"turns":8.0},{"damage":13,"enemies":"Hallownest:Shield_Heavy","floor":35,"turns":5}],"seed_played":"3900653882044934524","potions_obtained":[{"floor":10.0,"key":"Doom Potion"},{"floor":16.0,"key":"SkillPotion"},{"floor":21.0,"key":"blueLaboratory:TrueEctoplasm"},{"floor":30.0,"key":"LifebloodPotion"}],"is_trial":false,"path_per_floor":["M","?","?","?","?","R","E","$","T","M","$","R","E","E","R_BF","B",null,"M","$","?","M","?","R","E","R","T","$","M","?","E","M","R","B",null,"M"],"character_chosen":"SHADE","items_purchased":["ReplayTheSpireMod:CursedCoin","Shade:StitchTogether","Boot","ClockworkSouvenir","Replay:WaspNest","Shade:Putrefaction+1","TheAbacus"],"campfire_rested":5,"item_purchase_floors":[8,8,8,11,19,19,27],"current_hp_per_floor":[65,65,65,65,57,65,65,71,77,76,76,77,74,75,75,50,101,96,96,101,85,95,101,82,101,117,117,109,115,82,81,117,122,129,116,116],"gold":644,"neow_bonus":"","is_daily":true,"chose_seed":false,"campfire_upgraded":0,"win_rate":0.0,"timestamp":1610031398,"path_taken":["M","?","?","?","?","R","E","$","T","M","$","R","E","E","R_BF","BOSS","M","?","?","?","?","R","E","R","T","$","?","?","E","M","R","BOSS","M"],"items_purchased_type":["Relic","Card","Relic","Relic","Relic","Card","Relic"],"build_version":"2020-12-22","purchased_purges":2,"victory":false,"max_hp_per_floor":[65,65,65,65,65,65,65,71,77,77,77,77,77,77,77,83,101,101,101,101,101,101,101,101,101,117,117,117,123,123,123,123,129,129,129,129],"card_choices":[{"not_picked":["Shade:ExtraLimbs","Shade:Brains"],"picked":"Shade:FingerOfDeath","floor":1.0},{"not_picked":["Shade:Bonestorm","Shade:FleshToFlesh"],"picked":"Shade:OpenGraves","floor":7.0},{"not_picked":["Shade:BoneShards","Shade:GraveStillness","Shade:SanguineRitual"],"picked":"SKIP","floor":10.0},{"not_picked":["Shade:GoDigging","Shade:Excise"],"picked":"Shade:WallOfFlesh","floor":13.0},{"not_picked":["Shade:Brains","Shade:SelfBurial"],"picked":"Shade:CommandSoldier","floor":14.0},{"not_picked":["hubris:Lust","Hallownest:curseDreamersLament"],"picked":"hubris:Sloth","floor":17.0},{"not_picked":["hubris:Greed","CloudedMind"],"picked":"Amnesia","floor":17.0},{"not_picked":["Hatred","Regret"],"picked":"Doubt","floor":17.0},{"not_picked":["Shade:Bonestorm","Shade:FleshOffering"],"picked":"Shade:AblativeArmor+1","floor":18.0},{"not_picked":["Shade:SoulPierce","Shade:CallWraith","Shade:Premonition"],"picked":"SKIP","floor":21.0},{"not_picked":["Shade:ClawBack+1","Shade:StitchTogether"],"picked":"Shade:SensePrey+1","floor":24.0},{"not_picked":["Shade:ExtraLimbs","Shade:CommandSoldier","Shade:Brains+1"],"picked":"SKIP","floor":28.0},{"not_picked":["Shade:WallOfFlesh","Shade:Bonestorm","Shade:SkeletonHug"],"picked":"SKIP","floor":30.0},{"not_picked":["Shade:RavenousHorde","Shade:BoneShards","Shade:Brains"],"picked":"SKIP","floor":31.0},{"not_picked":["Shade:SelfBurial","Shade:UnbarTheGrave"],"picked":"Shade:Coordination","floor":33.0}],"player_experience":484125,"relics_obtained":[{"floor":7.0,"key":"Mummified Hand"},{"floor":9.0,"key":"Replay:Accelerometer"},{"floor":13.0,"key":"infinitespire:Golems Mask"},{"floor":14.0,"key":"Turnip"},{"floor":24.0,"key":"Kunai"},{"floor":26.0,"key":"Pear"},{"floor":30.0,"key":"aspiration:FrozenJewel"}],"event_choices":[{"damage_healed":0.0,"max_hp_gain":0.0,"max_hp_loss":0.0,"gold_gain":115.0,"event_name":"betterSkull:BetterSkull","player_choice":"GO ","floor":5.0,"gold_loss":0.0,"damage_taken":9.0,"cards_upgraded":[],"relics_obtained":[]},{"damage_healed":6.0,"max_hp_gain":0.0,"max_hp_loss":0.0,"gold_gain":0.0,"event_name":"betterSkull:BetterSkull","player_choice":"LEAVE ","floor":20.0,"gold_loss":0.0,"damage_taken":0.0,"cards_upgraded":[],"relics_obtained":[]}],"is_beta":false,"boss_relics":[{"not_picked":["CosmicIsotope","infinitespire:Cupcake"],"picked":"Replay:Ancient Bell"},{"not_picked":["Centennial Puzzle","hubris:ToyBattleship"],"picked":"Vajra"},{"not_picked":["Shuriken","infinitespire:Broken Mirror"],"picked":"aspiration:FetidBarrel"},{"not_picked":["Replay:PocketPolymizer","hubris:BundleOfHerbs"],"picked":"hubris:GlazedTorus"},{"not_picked":["Replay:Drink Me","aspiration:PoetsPen_weak","Astrolabe"]}],"items_purged_floors":[19,27],"is_endless":false,"potions_floor_spawned":[10,16,21,30,35],"killed_by":"Hallownest:Shield_Heavy","ascension_level":0}}