{"host":"hve1dyh1ly81yl9f","time":1610036550,"event":{"mods":["BaseMod","Colored Map","DeckTracker","Highlight Path","Keyboard Shortcuts","Minty Spire (QoL Compilation)","Permanent Neow","Quick Restart","StSLib","SuperFastMode"],"gold_per_floor":[113,127,139,150,167,167,200,200,226,258,275,291,291,304,304,407,407,421,421,421],"floor_reached":19,"playtime":503,"items_purged":[],"score":229,"play_id":"e78cb19e-4d6e-4132-92af-c92fa01cd8eb","local_time":"20210108012230","is_ascension_mode":true,"campfire_choices":[{"floor":6,"key":"REST"},{"floor":8,"key":"REST"},{"floor":13,"key":"REST"},{"floor":15,"key":"REST"}],"circlet_count":0,"master_deck":["Strike_R","Strike_R","Strike_R","Strike_R","Strike_R","Defend_R","Defend_R","Bash","Parasite","Perfected Strike","Fire Breathing","Pommel Strike","Thunderclap","Twin Strike","Twin Strike","Wild Strike"],"relics":["Burning Blood","Smiling Mask","Toy Ornithopter","Art of War","Cursed Key"],"acts_visited":["Exordium","TheCity"],"potions_floor_usage":[12,16,16],"damage_taken":[{"damage":6,"enemies":"Cultist","floor":1,"turns":3},{"damage":1,"enemies":"2 Louse","floor":2,"turns":3},{"damage":19,"enemies":"Jaw Worm","floor":3,"turns":3},{"damage":26,"enemies":"Exordium Thugs","floor":4,"turns":3},{"damage":19,"enemies":"3 Louse","floor":5,"turns":3},{"damage":35,"enemies":"3 Sentries","floor":7,"turns":5},{"damage":35,"enemies":"Lagavulin","floor":10,"turns":7},{"damage":13,"enemies":"Blue Slaver","floor":11,"turns":2},{"damage":0,"enemies":"2 Fungi Beasts","floor":12,"turns":2},{"damage":20,"enemies":"3 Louse","floor":14,"turns":3},{"damage":67,"enemies":"The Guardian","floor":16,"turns":9},{"damage":61,"enemies":"3 Byrds","floor":18,"turns":5},{"damage":14,"enemies":"Shell Parasite","floor":19,"turns":1}],"seed_played":"8721083152254040057","potions_obtained":[{"floor":3,"key":"BlessingOfTheForge"},{"floor":4,"key":"Fire Potion"},{"floor":5,"key":"BlessingOfTheForge"},{"floor":12,"key":"AttackPotion"},{"floor":16,"key":"SpeedPotion"}],"is_trial":false,"path_per_floor":["M","M","M","M","M","R","E","R","T","E","M","M","R","M","R","B",null,"M","M"],"character_chosen":"IRONCLAD","items_purchased":[],"campfire_rested":4,"item_purchase_floors":[],"current_hp_per_floor":[80,80,67,47,34,58,29,53,53,24,17,28,52,38,62,11,63,8,0,0],"gold":421,"neow_bonus":"TRANSFORM_TWO_CARDS","is_daily":false,"chose_seed":false,"campfire_upgraded":0,"win_rate":0.0,"timestamp":1610036550,"path_taken":["M","M","M","M","M","R","E","R","T","E","M","M","R","M","R","BOSS","M","M"],"items_purchased_type":[],"build_version":"2020-12-22","purchased_purges":0,"victory":false,"max_hp_per_floor":[80,80,80,80,80,80,80,80,80,80,80,80,80,80,80,80,80,80,80,80],"card_choices":[{"not_picked":["Ghostly Armor","Entrench"],"picked":"Pommel Strike","floor":1},{"not_picked":["Anger","Fire Breathing","True Grit"],"picked":"SKIP","floor":2},{"not_picked":["Feel No Pain","Body Slam"],"picked":"Thunderclap","floor":3},{"not_picked":["Feel No Pain","Heavy Blade"],"picked":"Twin Strike","floor":4},{"not_picked":["Warcry","Ghostly Armor"],"picked":"Twin Strike","floor":5},{"not_picked":["Bludgeon","Sentinel","Fire Breathing"],"picked":"SKIP","floor":7},{"not_picked":["Anger","Shrug It Off","Warcry"],"picked":"SKIP","floor":10},{"not_picked":["True Grit","Heavy Blade","Power Through"],"picked":"SKIP","floor":11},{"not_picked":["Clash","Flex","Iron Wave"],"picked":"SKIP","floor":12},{"not_picked":["Shockwave","Reckless Charge","Body Slam"],"picked":"SKIP","floor":14},{"not_picked":["Intimidate+1","True Grit"],"picked":"Wild Strike","floor":18}],"player_experience":292171,"relics_obtained":[{"floor":7,"key":"Smiling Mask"},{"floor":9,"key":"Toy Ornithopter"},{"floor":10,"key":"Art of War"}],"event_choices":[],"is_beta":false,"boss_relics":[{"not_picked":["Runic Dome","Runic Cube"],"picked":"Cursed Key"}],"items_purged_floors":[],"is_endless":false,"potions_floor_spawned":[3,4,5,10,11,12,16],"killed_by":"Shell Parasite","ascension_level":5}}