{"host":"o6rpelx2jpc8yies","time":1610001329,"event":{"mods":["BaseMod","Downfall","Minty Spire (QoL Compilation)","StSLib"],"gold_per_floor":[99,114,125,35,51,51,75,225,550,550,584,384,412,412,431,531,531,531,546,556,556,571,571,571,588,588,588,53,66,66,66],"floor_reached":30,"playtime":3247,"items_purged":["bronze:Strike"],"score":285,"play_id":"198c1c7f-ba5b-41d0-8af3-85f147b2b8b1","local_time":"20210106233529","is_ascension_mode":true,"campfire_choices":[{"floor":1,"key":"RECALL"},{"data":"bronze:Constructor","floor":6,"key":"SMITH"},{"data":"bronze:Constructor","floor":12,"key":"SMITH"},{"data":"bronze:AlphaBuild","floor":18,"key":"SMITH"},{"data":"bronze:Repulsor","floor":23,"key":"SMITH"},{"data":"bronze:WildBeam","floor":26,"key":"SMITH"}],"circlet_count":0,"master_deck":["bronze:Strike","bronze:Strike","bronze:Defend","bronze:Defend","bronze:Defend","bronze:Replicate","bronze:Goto","bronze:Repulsor+1","bronze:WildBeam+1","bronze:Constructor+1","bronze:Constructor+1","bronze:Format","bronze:Flail","bronze:Separator","bronze:FineTuning","bronze:AlphaBuild+1","bronze:Repair","bronze:Boost","bronze:Hardcode","bronze:MaxOutput","Panache","bronze:Turbo"],"relics":["bronze:BronzeCore","Nunchaku","Guardian:PocketSentry","Old Coin","Lantern","downfall:HeartBlessingRed","downfall:HeartBlessingGreen","Art of War","bronze:MakeshiftBattery","Eternal Feather","Letter Opener"],"acts_visited":["Exordium","TheCity"],"potions_floor_usage":[30],"damage_taken":[{"damage":4,"enemies":"Small Slimes","floor":2,"turns":3},{"damage":3,"enemies":"Jaw Worm","floor":3,"turns":5},{"damage":0,"enemies":"downfall:FleeingMerchant","floor":4,"turns":4},{"damage":1,"enemies":"2 Louse","floor":5,"turns":3},{"damage":14,"enemies":"3 Sentries","floor":9,"turns":8},{"damage":13,"enemies":"Gremlin Nob","floor":11,"turns":5},{"damage":5,"enemies":"Lagavulin","floor":13,"turns":6},{"damage":0,"enemies":"Exordium Wildlife","floor":15,"turns":1},{"damage":11,"enemies":"downfall:Watcher","floor":16,"turns":6},{"damage":0,"enemies":"3 Byrds","floor":19,"turns":3},{"damage":1,"enemies":"Chosen","floor":20,"turns":3},{"damage":32,"enemies":"Chosen","floor":21,"turns":7},{"damage":4,"enemies":"3 Cultists","floor":22,"turns":5},{"damage":18,"enemies":"Snake Plant","floor":25,"turns":4},{"damage":15,"enemies":"downfall:FleeingMerchant","floor":28,"turns":4},{"damage":36,"enemies":"Sentry and Sphere","floor":29,"turns":6},{"damage":12,"enemies":"downfall:FleeingMerchant","floor":30,"turns":2}],"seed_played":"-4294383978608733462","potions_obtained":[{"floor":2,"key":"LiquidBronze"},{"floor":3,"key":"PowerPotion"},{"floor":9,"key":"Ancient Potion"},{"floor":19,"key":"Dexterity Potion"}],"is_trial":false,"path_per_floor":["R","M","M","$","M","R","T","?","E","?","E","R","E","?","M","B",null,"R","M","M","?","M","R","T","M","R","?","$","M","$"],"character_chosen":"THE_AUTOMATON","items_purchased":["bronze:MaxOutput","Letter Opener","Panache"],"campfire_rested":0,"item_purchase_floors":[28,28,28],"current_hp_per_floor":[70,66,63,63,62,62,62,62,48,48,35,35,30,30,30,19,70,70,70,69,44,47,47,47,36,45,45,37,9,0,0],"gold":66,"neow_bonus":"RANDOM_COMMON_RELIC","is_daily":false,"chose_seed":false,"campfire_upgraded":5,"win_rate":0.0,"timestamp":1610001329,"path_taken":["R","M","M","$","M","R","T","?","E","?","E","R","E","?","M","BOSS","R","M","M","?","M","R","T","M","R","?","?","M","$"],"items_purchased_type":["Card","Relic","Card"],"build_version":"2020-12-22","purchased_purges":1,"victory":false,"max_hp_per_floor":[70,70,70,70,70,70,70,70,70,70,70,70,70,70,70,70,70,70,70,70,70,70,70,70,70,70,70,70,70,70,70],"card_choices":[{"not_picked":["bronze:Shield","bronze:BugBarrage"],"picked":"bronze:Repulsor","floor":2},{"not_picked":["bronze:WhirlingStrike","bronze:Frontload"],"picked":"bronze:WildBeam","floor":3},{"not_picked":["bronze:CutThrough","bronze:Turbo"],"picked":"bronze:Constructor","floor":4},{"not_picked":["bronze:Invalidate","bronze:ClassDefault"],"picked":"bronze:Constructor","floor":5},{"not_picked":["bronze:Optimize","bronze:CutThrough"],"picked":"bronze:Format","floor":9},{"not_picked":["bronze:Shield","bronze:Invalidate"],"picked":"bronze:Flail","floor":11},{"not_picked":["bronze:BurnOut","bronze:InfiniteBeams"],"picked":"bronze:Separator","floor":13},{"not_picked":["bronze:WhirlingStrike","bronze:SearingBeam"],"picked":"bronze:FineTuning","floor":15},{"not_picked":["bronze:Mutator","bronze:Assembly"],"picked":"bronze:AlphaBuild","floor":16},{"not_picked":["bronze:DarkDash","bronze:Deprecate+1"],"picked":"bronze:Repair","floor":19},{"not_picked":["bronze:BugBarrage+1","bronze:DelayedGuard","bronze:Iterate"],"picked":"SKIP","floor":20},{"not_picked":["bronze:Deprecate","bronze:GetLatest"],"picked":"bronze:Boost","floor":22},{"not_picked":["bronze:BronzeArmor","bronze:BitShift+1","bronze:Constructor"],"picked":"SKIP","floor":25},{"not_picked":["bronze:InfiniteLoop","bronze:FineTuning"],"picked":"bronze:Hardcode","floor":28},{"not_picked":["bronze:DelayedSlice+1","bronze:ChildClass+1"],"picked":"bronze:Turbo","floor":29}],"player_experience":1783274,"relics_obtained":[{"floor":7,"key":"Guardian:PocketSentry"},{"floor":9,"key":"Old Coin"},{"floor":11,"key":"Lantern"},{"floor":13,"key":"Art of War"},{"floor":24,"key":"Eternal Feather"}],"event_choices":[{"cards_removed":["downfall:Icky"],"damage_healed":0,"gold_gain":0,"player_choice":"Card Removal","damage_taken":0,"max_hp_gain":0,"max_hp_loss":0,"event_name":"The Cleric","floor":10,"gold_loss":0}],"is_beta":false,"boss_relics":[{"not_picked":["Busted Crown","Philosopher\u0027s Stone"],"picked":"bronze:MakeshiftBattery"}],"items_purged_floors":[4],"is_endless":false,"potions_floor_spawned":[2,3,9,13,19,20,22],"killed_by":"downfall:FleeingMerchant","ascension_level":3}}