{"host":"4coy96o7l3fioe37","time":1610030179,"event":{"mods":["AchievementEnabler","Act Like it!","AlwaysNeverKeys","BaseMod","Better Altar","Better Match","Better Note","Better Sensory Stone","Better Skull","Better Third Choice","Better Vampires","BetterRewards","ChefMod","Colored Map","Disable Question Mark Monsters","Downfall","Minty Spire (QoL Compilation)","Rare Cards Sparkle","StSLib","The Dragon Tamer","The Marked"],"gold_per_floor":[118,118,118,129,129,129,163,173,253,31,48,62,62,62,62,165,165,178,195,215,53,67,101,121,121,121,121,132,173,173,173,173,286,286,308,658,673,673,685,685,704,716,716,727,637,662,691,700,700,700],"floor_reached":51,"playtime":8189,"items_purged":[],"score":793,"play_id":"80748906-bc9e-4ad9-a72c-420178f73b30","local_time":"20210107143619","is_ascension_mode":false,"metric_token":1363,"campfire_choices":[{"data":"DTMod:Punisher","floor":6,"key":"SMITH"},{"data":"DTMod:Haste","floor":13,"key":"SMITH"},{"data":"DTMod:BizarreTactic","floor":15,"key":"SMITH"},{"floor":25,"key":"DIG"},{"floor":32,"key":"REST"},{"floor":40,"key":"DIG"},{"floor":49,"key":"REST"}],"dtmod_dragon_data":[1,50,2,3,13,2],"circlet_count":0,"master_deck":["DTMod:Strike","DTMod:Strike","DTMod:Strike+1","DTMod:DoubleHit","DTMod:TargetDefense","DTMod:TargetDefense","DTMod:TargetDefense+1","DTMod:TargetDefense","DTMod:SwitchingTactic+1","DTMod:Overwhelm","DTMod:Punisher+1","DTMod:CalculatedDefense","DTMod:HeatWave+1","DTMod:InvisibleFlame","DTMod:Overwhelm","DTMod:CalculatedDefense","DTMod:Haste+1","DTMod:BizarreTactic+1","DTMod:OpeningTactic","DTMod:InvisibleFlame","expansioncontent:DashGenerateEvil+1","DTMod:Threaten","DTMod:TriAttack","DTMod:Cover+1","DTMod:HeadStart","DTMod:Training+1","DTMod:DarkBreath+1","DTMod:Weaken+1","DTMod:Observe+1","expansioncontent:LastStand"],"relics":["DTMod:MagicStone","Lantern","War Paint","DTMod:TacticalNote","Smiling Mask","Mummified Hand","Omamori","Shovel","Blood Vial","Singing Bowl","CultistMask","CeramicFish","Meat on the Bone","Calling Bell","Pen Nib","Pear","Thread and Needle","Old Coin","Boot","Bottled Tornado"],"acts_visited":["Exordium","TheCity","TheBeyond"],"potions_floor_usage":[24,24,33,50,50,50],"damage_taken":[{"damage":0,"enemies":"Small Slimes","floor":1,"turns":3},{"damage":0,"enemies":"Jaw Worm","floor":4,"turns":3},{"damage":4,"enemies":"3 Sentries","floor":7,"turns":6},{"damage":0,"enemies":"Cultist","floor":8,"turns":2},{"damage":0,"enemies":"Lots of Slimes","floor":11,"turns":3},{"damage":0,"enemies":"Red Slaver","floor":12,"turns":4},{"damage":1,"enemies":"Hexaghost","floor":16,"turns":10},{"damage":0,"enemies":"Shell Parasite","floor":18,"turns":4},{"damage":0,"enemies":"Chosen","floor":19,"turns":4},{"damage":0,"enemies":"Snake Plant","floor":20,"turns":4},{"damage":0,"enemies":"Centurion and Healer","floor":22,"turns":6},{"damage":0,"enemies":"Book of Stabbing","floor":23,"turns":5},{"damage":17,"enemies":"Sentry and Sphere","floor":24,"turns":6},{"damage":9,"enemies":"Snake Plant","floor":28,"turns":5},{"damage":0,"enemies":"Slavers","floor":29,"turns":6},{"damage":15,"enemies":"Champ","floor":33,"turns":17},{"damage":0,"enemies":"3 Darklings","floor":35,"turns":6},{"damage":1,"enemies":"Mind Bloom Boss Battle","floor":36,"turns":9},{"damage":0,"enemies":"Orb Walker","floor":37,"turns":4},{"damage":0,"enemies":"Spire Growth","floor":39,"turns":8},{"damage":0,"enemies":"Maw","floor":41,"turns":8},{"damage":0,"enemies":"3 Darklings","floor":42,"turns":4},{"damage":0,"enemies":"Transient","floor":44,"turns":5},{"damage":0,"enemies":"Maw","floor":46,"turns":7},{"damage":0,"enemies":"Writhing Mass","floor":47,"turns":7},{"damage":109,"enemies":"Awakened One","floor":50,"turns":15}],"seed_played":"-5448359628841899346","potions_obtained":[{"floor":4,"key":"LiquidBronze"},{"floor":7,"key":"Block Potion"},{"floor":12,"key":"Explosive Potion"},{"floor":20,"key":"SkillPotion"},{"floor":22,"key":"EntropicBrew"},{"floor":24,"key":"AttackPotion"},{"floor":30,"key":"Regen Potion"},{"floor":33,"key":"Fruit Juice"},{"floor":35,"key":"CultistPotion"},{"floor":41,"key":"FairyPotion"}],"is_trial":false,"path_per_floor":["M","?","?","M","T","R","E","M","T","$","M","M","R","$","R","B",null,"M","M","M","$","M","E","M","R","T","?","M","E","?","?","R","B",null,"M","?","M","?","M","R","M","M","T","M","?","M","M","?","R","B",null],"character_chosen":"THE_DT","items_purchased":["DTMod:Overwhelm","DTMod:Punisher","Lantern","War Paint","DTMod:CalculatedDefense","DTMod:CalculatedDefense","Omamori","expansioncontent:DashGenerateEvil"],"campfire_rested":2,"item_purchase_floors":[0,0,0,0,0,10,10,21],"current_hp_per_floor":[40,31,36,36,36,36,32,32,32,32,32,32,32,32,32,31,50,50,50,50,50,50,50,33,33,33,33,35,44,44,44,52,42,67,67,68,71,71,73,73,73,75,75,77,77,77,77,79,79,35],"gold":700,"neow_bonus":"","is_daily":false,"chose_seed":false,"campfire_upgraded":3,"win_rate":0.0,"timestamp":1610030179,"path_taken":["M","?","?","M","?","R","E","M","T","$","M","?","R","?","R","BOSS","M","M","M","?","?","E","M","R","T","?","M","E","?","?","R","BOSS","M","?","M","?","?","R","M","?","T","M","?","?","M","?","R","BOSS"],"items_purchased_type":["Card","Card","Relic","Relic","Card","Card","Relic","Card"],"build_version":"2020-12-22","purchased_purges":0,"victory":true,"max_hp_per_floor":[45,45,50,50,50,50,50,50,50,50,50,50,50,50,50,50,50,50,50,50,50,50,50,50,50,50,50,52,52,52,52,52,57,67,67,69,71,71,73,73,73,75,75,77,77,77,77,79,79,79],"card_choices":[{"not_picked":["DTMod:BreakAttack","DTMod:CleansingStrike"],"picked":"DTMod:HeatWave","floor":1},{"not_picked":["DTMod:BreakAttack","DTMod:BurningEnergy"],"picked":"DTMod:InvisibleFlame","floor":4},{"not_picked":["DTMod:BlazingStrike","DTMod:BuildUp","DTMod:TauntingStrike"],"picked":"SKIP","floor":7},{"not_picked":["DTMod:Inferno","DTMod:TauntingStrike"],"picked":"DTMod:Overwhelm","floor":8},{"not_picked":["DTMod:Hide","DTMod:CleansingStrike"],"picked":"DTMod:Haste","floor":11},{"not_picked":["DTMod:Cover","DTMod:BlazingStrike"],"picked":"DTMod:BizarreTactic","floor":12},{"not_picked":["DTMod:TriAttack","DTMod:Harmonize"],"picked":"DTMod:OpeningTactic","floor":16},{"not_picked":["DTMod:QuickFly+1","DTMod:ComboAttack","DTMod:FlameSlash"],"picked":"SKIP","floor":18},{"not_picked":["DTMod:BlueScale","DTMod:BurningEnergy","DTMod:Astonish"],"picked":"SKIP","floor":19},{"not_picked":["DTMod:TagTeam","DTMod:CleansingStrike"],"picked":"DTMod:InvisibleFlame","floor":20},{"not_picked":["DTMod:QuickFly","DTMod:FlameSlash"],"picked":"DTMod:Threaten","floor":22},{"not_picked":["DTMod:LastStand","DTMod:TagTeam","DTMod:Punisher"],"picked":"SKIP","floor":23},{"not_picked":["DTMod:CalculatedDefense","DTMod:LowKick+1"],"picked":"DTMod:TriAttack","floor":24},{"not_picked":["DTMod:TauntingStrike","DTMod:CleansingStrike","DTMod:Conduct"],"picked":"Singing Bowl","floor":28},{"not_picked":["DTMod:Hide+1","DTMod:QuickFly"],"picked":"DTMod:Cover","floor":29},{"not_picked":["DTMod:OpeningTactic","DTMod:FierySynthesis"],"picked":"DTMod:HeadStart","floor":33},{"not_picked":["DTMod:QuickFly+1","DTMod:MaximumCharge"],"picked":"DTMod:Training+1","floor":35},{"not_picked":["DTMod:Feint","DTMod:Threaten","DTMod:MasterPlan"],"picked":"Singing Bowl","floor":36},{"not_picked":["DTMod:Observe+1","DTMod:ForkedFire","DTMod:CalculatedDefense+1"],"picked":"Singing Bowl","floor":37},{"not_picked":["DTMod:BlazingStrike","DTMod:MaximumCharge","DTMod:Training"],"picked":"Singing Bowl","floor":39},{"not_picked":["DTMod:Hide","DTMod:Training"],"picked":"DTMod:DarkBreath+1","floor":41},{"not_picked":["DTMod:CalculatedDefense","DTMod:RecklessFlurry","DTMod:CleansingStrike+1"],"picked":"Singing Bowl","floor":42},{"not_picked":["DTMod:BurningForce","DTMod:Threaten","DTMod:OpeningTactic"],"picked":"Singing Bowl","floor":44},{"not_picked":["DTMod:ComboAttack+1","DTMod:BizarreTactic+1"],"picked":"DTMod:Weaken+1","floor":46},{"not_picked":["DTMod:QuickFly+1","DTMod:Coolant+1"],"picked":"DTMod:Observe+1","floor":47},{"not_picked":["expansioncontent:PrepareCrush","expansioncontent:GuardianWhirl"],"picked":"expansioncontent:LastStand","floor":48},{"not_picked":["expansioncontent:ManipulateTime","Swift Strike","expansioncontent:DarkVoid"],"picked":"Singing Bowl","floor":48}],"player_experience":276007,"relics_obtained":[{"floor":5,"key":"DTMod:TacticalNote"},{"floor":7,"key":"Smiling Mask"},{"floor":9,"key":"Mummified Hand"},{"floor":23,"key":"Shovel"},{"floor":25,"key":"Blood Vial"},{"floor":26,"key":"Singing Bowl"},{"floor":29,"key":"CeramicFish"},{"floor":34,"key":"Pen Nib"},{"floor":34,"key":"Pear"},{"floor":34,"key":"Thread and Needle"},{"floor":36,"key":"Old Coin"},{"floor":40,"key":"Boot"},{"floor":43,"key":"Bottled Tornado"}],"event_choices":[{"damage_healed":40,"gold_gain":0,"player_choice":"Upgrade","damage_taken":9,"max_hp_gain":0,"max_hp_loss":45,"event_name":"betterThird:BetterShining","floor":2,"gold_loss":0,"cards_upgraded":["DTMod:HeatWave","DTMod:Strike"]},{"damage_healed":0,"gold_gain":0,"player_choice":"Donut","damage_taken":0,"max_hp_gain":5,"max_hp_loss":0,"event_name":"Big Fish","floor":3,"gold_loss":0},{"damage_healed":0,"gold_gain":0,"player_choice":"Trade","damage_taken":0,"relics_obtained":["CultistMask"],"max_hp_gain":0,"max_hp_loss":0,"event_name":"FaceTrader","floor":27,"gold_loss":0},{"damage_healed":0,"gold_gain":0,"player_choice":"Got Potions","damage_taken":0,"max_hp_gain":0,"max_hp_loss":0,"event_name":"Lab","floor":30,"gold_loss":0},{"damage_healed":0,"gold_gain":0,"player_choice":"Gave Potion","damage_taken":0,"relics_obtained":["Meat on the Bone"],"max_hp_gain":0,"max_hp_loss":0,"event_name":"WeMeetAgain","floor":31,"gold_loss":0},{"damage_healed":0,"gold_gain":0,"player_choice":"Fight","damage_taken":0,"max_hp_gain":0,"max_hp_loss":0,"event_name":"MindBloom","floor":36,"gold_loss":0},{"damage_healed":0,"gold_gain":0,"player_choice":"Upgraded","damage_taken":0,"max_hp_gain":0,"max_hp_loss":0,"event_name":"Upgrade Shrine","floor":38,"gold_loss":0,"cards_upgraded":["expansioncontent:DashGenerateEvil"]},{"cards_removed":["DTMod:Strike"],"damage_healed":0,"gold_gain":0,"player_choice":"Upgrade and Remove","damage_taken":0,"max_hp_gain":0,"max_hp_loss":0,"event_name":"Designer","floor":45,"gold_loss":90,"cards_upgraded":["DTMod:Cover"]},{"damage_healed":0,"gold_gain":3,"player_choice":"1","damage_taken":0,"max_hp_gain":0,"max_hp_loss":0,"event_name":"betterStone:BetterStone","floor":48,"gold_loss":0}],"is_beta":false,"boss_relics":[{"not_picked":["SlaversCollar","Busted Crown"],"picked":"DTMod:MagicStone"},{"not_picked":["SacredBark","Empty Cage"],"picked":"Calling Bell"}],"items_purged_floors":[],"is_endless":false,"potions_floor_spawned":[4,7,12,18,20,22,24,33,35,41,42,44],"ascension_level":0}}