{"host":"3vww328me7evlv6h","time":1610063211,"event":{"mods":["BaseMod","BetterRewards","Minty Spire (QoL Compilation)","Relic Stats","StSLib","SuperFastMode"],"gold_per_floor":[79,79,93,93,48,74,89,89,137,212,243,253,253,273,273,350,350,369,369,369],"floor_reached":19,"playtime":645,"items_purged":["Strike_B","Strike_B"],"score":333,"play_id":"2f621458-4c83-466c-bdc7-3e28ff765eda","local_time":"20210108004651","is_ascension_mode":true,"campfire_choices":[{"data":"Well Laid Plans","floor":8.0,"key":"SMITH"},{"floor":13.0,"key":"REST"},{"floor":15.0,"key":"REST"}],"circlet_count":0,"master_deck":["AscendersBane","Strike_B","Strike_B","Defend_B","Defend_B+1","Defend_B","Defend_B","Zap+1","Dualcast","Defragment","Defragment","Doom and Gloom","Apotheosis+1","Coolheaded","Well Laid Plans+1","Wireheading","ForeignInfluence","Juggernaut"],"relics":["Cracked Core","PrismaticShard","Nunchaku","Pen Nib","Blood Vial","Velvet Choker"],"acts_visited":["Exordium","TheCity"],"potions_floor_usage":[19],"damage_taken":[{"damage":6.0,"enemies":"Jaw Worm","floor":1.0,"turns":4.0},{"damage":4.0,"enemies":"Small Slimes","floor":3.0,"turns":3.0},{"damage":0.0,"enemies":"Lagavulin","floor":6.0,"turns":7.0},{"damage":0.0,"enemies":"2 Louse","floor":7.0,"turns":1.0},{"damage":23.0,"enemies":"3 Sentries","floor":11.0,"turns":6.0},{"damage":9.0,"enemies":"Blue Slaver","floor":12.0,"turns":3.0},{"damage":9.0,"enemies":"Exordium Wildlife","floor":14.0,"turns":5.0},{"damage":19.0,"enemies":"Hexaghost","floor":16.0,"turns":8.0},{"damage":4.0,"enemies":"Shell Parasite","floor":18.0,"turns":4.0},{"damage":0,"enemies":"3 Byrds","floor":19,"turns":1}],"seed_played":"-8530166027994214176","potions_obtained":[{"floor":1.0,"key":"SkillPotion"},{"floor":12.0,"key":"GamblersBrew"},{"floor":14.0,"key":"SmokeBomb"}],"is_trial":false,"path_per_floor":["M","?","M","?","$","E","M","R","T","?","E","M","R","M","R","B",null,"M","M"],"character_chosen":"DEFECT","items_purchased":["Defragment","PrismaticShard","Defragment","Doom and Gloom","Coolheaded"],"campfire_rested":2,"item_purchase_floors":[0,0,0,0,5],"current_hp_per_floor":[62,47,43,43,43,43,43,43,43,32,9,2,24,17,39,22,62,60,62,62],"gold":369,"neow_bonus":"","is_daily":false,"chose_seed":false,"campfire_upgraded":1,"win_rate":0.0,"timestamp":1610063211,"path_taken":["M","?","M","?","?","E","M","R","T","?","E","M","R","M","R","BOSS","M","M"],"items_purchased_type":["Card","Relic","Card","Card","Card"],"build_version":"2020-12-22","purchased_purges":2,"victory":false,"max_hp_per_floor":[75,75,75,75,75,75,75,75,75,75,75,75,75,75,75,75,75,75,75,75],"relic_stats":{"Blood Vial":10,"Nunchaku":[2],"counters":[26,114],"Pen Nib":[1],"obtain_stats":[{"Regal Pillow":0,"Gremlin Horn":9,"Singing Bowl":0,"Golden Idol":3,"Velvet Choker":17,"Pen Nib":0,"Bag of Preparation":4,"PrismaticShard":0,"White Beast Statue":7,"Sozu":17,"Du-Vu Doll":0,"Blood Vial":11,"DataDisk":0,"CaptainsWheel":0,"Nunchaku":6,"DollysMirror":0,"Prayer Wheel":12,"WingedGreaves":13,"Art of War":0,"Membership Card":0,"Cracked Core":0,"Symbiotic Virus":7,"TungstenRod":0,"FossilizedHelix":0},{"Regal Pillow":0,"Gremlin Horn":4,"Singing Bowl":16,"Golden Idol":11,"Velvet Choker":24,"Pen Nib":9,"Bag of Preparation":3,"PrismaticShard":9,"White Beast Statue":12,"Sozu":9,"Du-Vu Doll":9,"Blood Vial":21,"DataDisk":0,"CaptainsWheel":9,"Nunchaku":19,"DollysMirror":9,"Prayer Wheel":13,"WingedGreaves":7,"Art of War":16,"Membership Card":0,"Cracked Core":0,"Symbiotic Virus":4,"TungstenRod":9,"FossilizedHelix":9},{"Regal Pillow":0,"Gremlin Horn":13,"Singing Bowl":72,"Golden Idol":48,"Velvet Choker":109,"Pen Nib":41,"Bag of Preparation":9,"PrismaticShard":41,"White Beast Statue":54,"Sozu":41,"Du-Vu Doll":41,"Blood Vial":93,"DataDisk":0,"CaptainsWheel":41,"Nunchaku":86,"DollysMirror":41,"Prayer Wheel":57,"WingedGreaves":24,"Art of War":72,"Membership Card":0,"Cracked Core":0,"Symbiotic Virus":13,"TungstenRod":41,"FossilizedHelix":41}]},"card_choices":[{"not_picked":["Turbo","Havoc","Sentinel"],"picked":"SKIP","floor":1.0},{"not_picked":["Searing Blow","Caltrops","Terror"],"picked":"SKIP","floor":3.0},{"not_picked":["Blade Dance","Dark Embrace","Spot Weakness"],"picked":"SKIP","floor":6.0},{"not_picked":["Turbo","Headbutt"],"picked":"Well Laid Plans","floor":7.0},{"not_picked":["Dodge and Roll","Catalyst","Rupture"],"picked":"SKIP","floor":11.0},{"not_picked":["Sweeping Beam","Mind Blast"],"picked":"Wireheading","floor":12.0},{"not_picked":["Purity","FlyingSleeves"],"picked":"ForeignInfluence","floor":14.0},{"not_picked":["Storm of Steel","Mayhem"],"picked":"Juggernaut","floor":16.0},{"not_picked":["Consecrate","Prepared","Outmaneuver"],"picked":"SKIP","floor":18.0}],"player_experience":313954,"relics_obtained":[{"floor":6.0,"key":"Nunchaku"},{"floor":9.0,"key":"Pen Nib"},{"floor":11.0,"key":"Blood Vial"}],"event_choices":[{"damage_healed":0.0,"max_hp_gain":0.0,"max_hp_loss":0.0,"gold_gain":0.0,"event_name":"Shining Light","player_choice":"Entered Light","floor":2.0,"gold_loss":0.0,"damage_taken":15.0,"cards_upgraded":["Defend_B","Zap"]},{"damage_healed":0.0,"max_hp_gain":0.0,"max_hp_loss":0.0,"gold_gain":0.0,"event_name":"Living Wall","player_choice":"Grow","floor":4.0,"gold_loss":0.0,"damage_taken":0.0,"cards_upgraded":["Apotheosis"]},{"damage_healed":0.0,"max_hp_gain":0.0,"max_hp_loss":0.0,"gold_gain":75.0,"event_name":"World of Goop","player_choice":"Gather Gold","floor":10.0,"gold_loss":0.0,"damage_taken":11.0}],"is_beta":false,"boss_relics":[{"not_picked":["Inserter","Sozu"],"picked":"Velvet Choker"}],"items_purged_floors":[0,0],"is_endless":false,"potions_floor_spawned":[1,12,14,18],"killed_by":"3 Byrds","ascension_level":13}}