{"host":"7bb7osqc91rjfyph","time":1613840414,"event":{"mods":["AchievementEnabler","BaseMod","BetterRewards","Colored Map","Colored Powertips","Downfall","Googly Eyes","Hermit","Hubris","Marisa????????","Minty Spire (QoL Compilation)","Shop Mod","StSLib","The Cursed"],"gold_per_floor":[212,223,239,239,88,118,136,171,194,205,244,256,291,312,312,421,421,448,475,500,527,536,578,602,602,602],"floor_reached":25,"language":"ENG","playtime":890,"items_purged":[],"score":298,"play_id":"90550700-9f67-4685-a423-0c88b07a86d8","local_time":"20210220110014","is_ascension_mode":true,"campfire_choices":[{"data":"Perfected Strike","floor":15.0,"key":"SMITH"}],"circlet_count":0,"master_deck":["Strike_R","Strike_R","Strike_R","Strike_R","Strike_R","Defend_R","Defend_R","Defend_R","Defend_R","Bash","Pommel Strike","Perfected Strike+1","Cleave","Wild Strike","hubris:ReadiedAction","Immolate","Twin Strike","Fire Breathing","Wild Strike","Berserk","hubris:ReadiedAction+1","Thunderclap+1","Shrug It Off","Pommel Strike","Perfected Strike","Evolve+1","Clothesline"],"relics":["Burning Blood","PreservedInsect","Shuriken","hubris:ToyBattleship","CeramicFish","Art of War","hubris:TinFlute","Mark of Pain","Juzu Bracelet"],"acts_visited":["Exordium","TheCity"],"potions_floor_usage":[25],"damage_taken":[{"damage":0.0,"enemies":"Small Slimes","floor":1.0,"turns":3.0},{"damage":1.0,"enemies":"Cultist","floor":2.0,"turns":3.0},{"damage":8.0,"enemies":"2 Louse","floor":3.0,"turns":2.0},{"damage":16.0,"enemies":"Gremlin Nob","floor":6.0,"turns":3.0},{"damage":6.0,"enemies":"Looter","floor":7.0,"turns":2.0},{"damage":20.0,"enemies":"Lagavulin","floor":8.0,"turns":4.0},{"damage":6.0,"enemies":"Blue Slaver","floor":10.0,"turns":3.0},{"damage":5.0,"enemies":"3 Sentries","floor":11.0,"turns":3.0},{"damage":2.0,"enemies":"3 Louse","floor":12.0,"turns":3.0},{"damage":20.0,"enemies":"Lagavulin","floor":13.0,"turns":5.0},{"damage":0.0,"enemies":"Gremlin Gang","floor":14.0,"turns":1.0},{"damage":51.0,"enemies":"Hexaghost","floor":16.0,"turns":8.0},{"damage":11.0,"enemies":"2 Thieves","floor":18.0,"turns":2.0},{"damage":12.0,"enemies":"Chosen","floor":19.0,"turns":3.0},{"damage":17.0,"enemies":"3 Cultists","floor":20.0,"turns":4.0},{"damage":2.0,"enemies":"Chosen and Byrds","floor":21.0,"turns":3.0},{"damage":18.0,"enemies":"Book of Stabbing","floor":23.0,"turns":3.0},{"damage":31.0,"enemies":"Centurion and Healer","floor":24.0,"turns":4.0},{"damage":31,"enemies":"Slavers","floor":25,"turns":2}],"seed_played":"-7592877610797570984","potions_obtained":[{"floor":3.0,"key":"EssenceOfSteel"},{"floor":6.0,"key":"Slimebound:ThreeZeroPotion"},{"floor":11.0,"key":"Regen Potion"},{"floor":13.0,"key":"DuplicationPotion"},{"floor":19.0,"key":"SpeedPotion"},{"floor":20.0,"key":"DistilledChaos"},{"floor":24.0,"key":"PowerPotion"}],"is_trial":false,"path_per_floor":["M","M","M","?","$","E","M","E","T","M","E","M","E","M","R","B",null,"M","M","M","M","?","E","M","E"],"character_chosen":"IRONCLAD","items_purchased":["PreservedInsect"],"campfire_rested":0,"item_purchase_floors":[5],"current_hp_per_floor":[80,80,78,70,70,60,60,46,46,46,47,51,51,57,57,12,80,75,69,58,62,62,50,25,0,0],"gold":602,"neow_bonus":"HUNDRED_GOLD","is_daily":false,"chose_seed":false,"campfire_upgraded":1,"win_rate":0.0,"timestamp":1613840414,"path_taken":["M","M","M","?","$","E","M","E","T","M","E","?","E","M","R","BOSS","M","M","M","M","?","E","M","E"],"items_purchased_type":["Relic"],"build_version":"2020-12-22","purchased_purges":0,"victory":false,"max_hp_per_floor":[80,80,80,80,80,80,80,80,80,80,80,80,80,80,80,80,80,80,80,80,80,80,80,80,80,80],"card_choices":[{"not_picked":["Anger","Headbutt"],"picked":"Pommel Strike","floor":1.0},{"not_picked":["Thunderclap","Whirlwind"],"picked":"Perfected Strike","floor":2.0},{"not_picked":["Reckless Charge","Sever Soul"],"picked":"Cleave","floor":3.0},{"not_picked":["Warcry","Feel No Pain"],"picked":"Wild Strike","floor":6.0},{"not_picked":["True Grit","Intimidate"],"picked":"hubris:ReadiedAction","floor":7.0},{"not_picked":["Warcry","Thunderclap"],"picked":"Immolate","floor":8.0},{"not_picked":["Ghostly Armor","Dual Wield","Clash"],"picked":"SKIP","floor":10.0},{"not_picked":["Armaments","Clash"],"picked":"Twin Strike","floor":11.0},{"not_picked":["Havoc","Combust","Carnage"],"picked":"SKIP","floor":12.0},{"not_picked":["Sword Boomerang","Cleave"],"picked":"Fire Breathing","floor":13.0},{"not_picked":["Entrench","Spot Weakness"],"picked":"Wild Strike","floor":14.0},{"not_picked":["Impervious","Juggernaut"],"picked":"Berserk","floor":16.0},{"not_picked":["Havoc","Bloodletting"],"picked":"hubris:ReadiedAction+1","floor":18.0},{"not_picked":["Heavy Blade+1","hubris:SharpeningStone+1"],"picked":"Thunderclap+1","floor":19.0},{"not_picked":["Thunderclap","Cleave"],"picked":"Shrug It Off","floor":20.0},{"not_picked":["Combust","Headbutt"],"picked":"Pommel Strike","floor":21.0},{"not_picked":["Exhume","Shockwave"],"picked":"Evolve+1","floor":23.0},{"not_picked":["Clash","Hemokinesis"],"picked":"Clothesline","floor":24.0}],"player_experience":121363,"relics_obtained":[{"floor":6.0,"key":"Shuriken"},{"floor":8.0,"key":"hubris:ToyBattleship"},{"floor":9.0,"key":"CeramicFish"},{"floor":11.0,"key":"Art of War"},{"floor":13.0,"key":"hubris:TinFlute"},{"floor":23.0,"key":"Juzu Bracelet"}],"event_choices":[{"damage_healed":0.0,"max_hp_gain":0.0,"max_hp_loss":0.0,"gold_gain":0.0,"event_name":"Wheel of Change","player_choice":"Damaged","floor":4.0,"gold_loss":0.0,"damage_taken":8.0},{"damage_healed":0.0,"max_hp_gain":0.0,"max_hp_loss":0.0,"gold_gain":0.0,"event_name":"The Library","player_choice":"Read","floor":22.0,"gold_loss":0.0,"damage_taken":0.0,"cards_obtained":["Perfected Strike"]}],"is_beta":false,"boss_relics":[{"not_picked":["Runic Pyramid","hubris:BlackHole"],"picked":"Mark of Pain"}],"items_purged_floors":[],"is_endless":false,"potions_floor_spawned":[3,6,11,12,13,19,20,24],"killed_by":"Slavers","ascension_level":3}}