{"host":"s41rn2jhghpwfrvz","time":1613834315,"event":{"mods":["BaseMod","Minty Spire (QoL Compilation)","Quick Restart","Relic Stats","SuperFastMode"],"gold_per_floor":[115,40,40,58,75,105,118,118,118,134,168,168,186,213,213,290,290,302,92,105,119,119,153,153,179,206,241,256,273,308,341,341,414,414,429,429,444,459,237,237,270,62,88,116,141,141,171,185,185,185,185,185,185,50,78,78],"floor_reached":57,"language":"ENG","playtime":4077,"items_purged":["Double Energy","SignatureMove","Undo","Disarm","BootSequence+1"],"score":4030,"play_id":"2f4e572e-1f81-4c44-8016-d120568818fa","local_time":"20210220171835","daily_mods":["SealedDeck","Diverse","DeadlyEvents"],"is_ascension_mode":true,"campfire_choices":[{"data":"Body Slam","floor":8,"key":"SMITH"},{"data":"TalkToTheHand","floor":15,"key":"SMITH"},{"data":"Prostrate","floor":32,"key":"SMITH"},{"data":"Exhume","floor":40,"key":"SMITH"},{"floor":46,"key":"RECALL"},{"data":"Burning Pact","floor":49,"key":"SMITH"},{"data":"Offering","floor":53,"key":"SMITH"}],"circlet_count":0,"master_deck":["AscendersBane","Sweeping Beam","Shrug It Off+1","Rage+1","Evolve","Prostrate+1","Body Slam+1","TalkToTheHand+1","Offering+1","Backflip","Burning Pact+1","Exhume+1","Parasite","TalkToTheHand"],"relics":["Burning Blood","Question Card","Champion Belt","Du-Vu Doll","Oddly Smooth Stone","Shuriken","Smiling Mask","Sozu","War Paint","Bottled Tornado","Incense Burner","Art of War","Pantograph","Kunai","PreservedInsect","Runic Pyramid","Membership Card","Strawberry","Ice Cream","Toy Ornithopter","Girya","Bag of Marbles","Bronze Scales","Nunchaku","HornCleat"],"acts_visited":["Exordium","TheCity","TheBeyond","TheEnding"],"potions_floor_usage":[23,56],"damage_taken":[{"damage":0,"enemies":"Small Slimes","floor":1,"turns":3},{"damage":0,"enemies":"2 Louse","floor":4,"turns":3},{"damage":0,"enemies":"Jaw Worm","floor":5,"turns":4},{"damage":0,"enemies":"Lagavulin","floor":6,"turns":5},{"damage":0,"enemies":"Exordium Wildlife","floor":7,"turns":4},{"damage":0,"enemies":"Large Slime","floor":10,"turns":5},{"damage":0,"enemies":"Gremlin Nob","floor":11,"turns":3},{"damage":0,"enemies":"Blue Slaver","floor":13,"turns":2},{"damage":0,"enemies":"Lagavulin","floor":14,"turns":6},{"damage":0,"enemies":"The Guardian","floor":16,"turns":7},{"damage":6,"enemies":"2 Thieves","floor":18,"turns":3},{"damage":6,"enemies":"Shell Parasite","floor":20,"turns":4},{"damage":6,"enemies":"Snecko","floor":21,"turns":7},{"damage":9,"enemies":"Slavers","floor":23,"turns":3},{"damage":6,"enemies":"Book of Stabbing","floor":25,"turns":4},{"damage":6,"enemies":"Slavers","floor":27,"turns":5},{"damage":1,"enemies":"Snake Plant","floor":28,"turns":4},{"damage":6,"enemies":"Cultist and Chosen","floor":29,"turns":5},{"damage":6,"enemies":"Gremlin Leader","floor":30,"turns":4},{"damage":6,"enemies":"Book of Stabbing","floor":31,"turns":4},{"damage":1,"enemies":"Automaton","floor":33,"turns":3},{"damage":6,"enemies":"3 Shapes","floor":35,"turns":4},{"damage":6,"enemies":"3 Darklings","floor":37,"turns":3},{"damage":6,"enemies":"Writhing Mass","floor":38,"turns":3},{"damage":1,"enemies":"Nemesis","floor":41,"turns":3},{"damage":12,"enemies":"Reptomancer","floor":44,"turns":2},{"damage":6,"enemies":"Nemesis","floor":45,"turns":3},{"damage":6,"enemies":"Reptomancer","floor":47,"turns":3},{"damage":1,"enemies":"Sphere and 2 Shapes","floor":48,"turns":3},{"damage":12,"enemies":"Donu and Deca","floor":50,"turns":2},{"damage":6,"enemies":"Awakened One","floor":51,"turns":5},{"damage":6,"enemies":"Shield and Spear","floor":55,"turns":2},{"damage":3,"enemies":"The Heart","floor":56,"turns":5}],"seed_played":"-810868466410834020","potions_obtained":[{"floor":5,"key":"Block Potion"},{"floor":7,"key":"ColorlessPotion"}],"is_trial":true,"path_per_floor":["M","$","?","M","M","E","M","R","T","M","E","T","M","E","R","B",null,"M","$","M","M","?","E","T","E","T","E","M","M","E","E","R","B",null,"M","?","M","M","$","R","E","$","T","E","E","R","E","M","R","B","B",null,"R","$","E","B",null],"character_chosen":"IRONCLAD","items_purchased":["War Paint","Membership Card","Ice Cream","Nunchaku"],"campfire_rested":0,"item_purchase_floors":[19,39,42,54],"current_hp_per_floor":[74,74,56,62,68,74,75,75,75,75,75,75,75,75,75,75,75,75,75,75,75,54,51,51,51,51,51,56,56,56,56,56,75,75,75,75,75,75,75,75,82,82,82,76,76,76,76,81,81,76,82,82,82,82,82,82],"gold":78,"neow_bonus":"","is_daily":false,"chose_seed":false,"campfire_upgraded":6,"win_rate":0.0,"timestamp":1613834315,"path_taken":["M","$","?","M","M","E","M","R","T","M","E","?","?","?","R","BOSS","M","$","M","M","?","E","?","E","T","E","M","?","?","E","R","BOSS","M","?","M","M","$","R","E","$","T","?","E","R","E","M","R","BOSS","BOSS","R","$","E","BOSS"],"items_purchased_type":["Relic","Relic","Relic","Relic"],"build_version":"2020-12-22","purchased_purges":5,"victory":true,"max_hp_per_floor":[75,75,75,75,75,75,75,75,75,75,75,75,75,75,75,75,75,75,75,75,75,75,75,75,75,75,75,75,75,75,75,75,75,75,75,75,75,75,75,75,82,82,82,82,82,82,82,82,82,82,82,82,82,82,82,82],"relic_stats":{"counters":[33,126],"PreservedInsect":300,"War Paint":["Shrug It Off","BootSequence"],"Question Card":29,"Smiling Mask":126,"Burning Blood":150,"Sozu":10,"Nunchaku":[3],"Shuriken":[45],"Pantograph":26,"Bronze Scales":[84],"Art of War":[2],"Champion Belt":[9],"Kunai":[31],"obtain_stats":[{"Ice Cream":42,"Incense Burner":25,"Bottled Tornado":23,"Smiling Mask":14,"Burning Blood":0,"Sozu":17,"Nunchaku":54,"HornCleat":55,"Pantograph":27,"Strawberry":41,"Kunai":30,"Runic Pyramid":34,"Girya":44,"Oddly Smooth Stone":11,"PreservedInsect":31,"War Paint":19,"Question Card":3,"Du-Vu Doll":9,"Shuriken":12,"Bronze Scales":47,"Art of War":26,"Bag of Marbles":45,"Champion Belt":6,"Membership Card":39,"Toy Ornithopter":43},{"Ice Cream":25,"Incense Burner":15,"Bottled Tornado":14,"Smiling Mask":9,"Burning Blood":0,"Sozu":10,"Nunchaku":31,"HornCleat":32,"Pantograph":16,"Strawberry":25,"Kunai":19,"Runic Pyramid":21,"Girya":26,"Oddly Smooth Stone":7,"PreservedInsect":20,"War Paint":11,"Question Card":1,"Du-Vu Doll":5,"Shuriken":7,"Bronze Scales":28,"Art of War":15,"Bag of Marbles":27,"Champion Belt":4,"Membership Card":24,"Toy Ornithopter":25},{"Ice Cream":101,"Incense Burner":63,"Bottled Tornado":59,"Smiling Mask":35,"Burning Blood":0,"Sozu":42,"Nunchaku":119,"HornCleat":121,"Pantograph":68,"Strawberry":101,"Kunai":81,"Runic Pyramid":88,"Girya":103,"Oddly Smooth Stone":27,"PreservedInsect":85,"War Paint":45,"Question Card":3,"Du-Vu Doll":19,"Shuriken":27,"Bronze Scales":109,"Art of War":63,"Bag of Marbles":106,"Champion Belt":15,"Membership Card":98,"Toy Ornithopter":101}],"Toy Ornithopter":0},"card_choices":[{"not_picked":["FlurryOfBlows","Chaos","Poisoned Stab"],"picked":"SKIP","floor":1},{"not_picked":["Undo","Bloodletting","Wild Strike","WindmillStrike"],"picked":"SKIP","floor":4},{"not_picked":["Weave","Beam Cell","Worship","Blade Dance"],"picked":"SKIP","floor":5},{"not_picked":["Wallop","Pommel Strike","Sentinel"],"picked":"Body Slam","floor":6},{"not_picked":["Flex","Prostrate","Underhanded Strike"],"picked":"TalkToTheHand","floor":7},{"not_picked":["Anger","Masterful Stab","CutThroughFate","Ball Lightning"],"picked":"SKIP","floor":10},{"not_picked":["Iron Wave","Fire Breathing","ClearTheMind","Blood for Blood"],"picked":"SKIP","floor":11},{"not_picked":["Conserve Battery","SashWhip","Doppelganger","Bouncing Flask"],"picked":"SKIP","floor":13},{"not_picked":["Cleave","Rampage","Sucker Punch","Cloak And Dagger"],"picked":"SKIP","floor":14},{"not_picked":["Doppelganger","Buffer","Venomology"],"picked":"Offering","floor":16},{"not_picked":["Dagger Throw","FlurryOfBlows","Coolheaded","Barrage"],"picked":"SKIP","floor":18},{"not_picked":["Streamline","ThirdEye","Heavy Blade"],"picked":"Backflip","floor":20},{"not_picked":["Prostrate","Burning Pact","Rupture","Riddle With Holes"],"picked":"SKIP","floor":21},{"not_picked":["Prostrate","Rupture","Riddle With Holes"],"picked":"Burning Pact","floor":21},{"not_picked":["Finisher","Compile Driver","CutThroughFate","Searing Blow"],"picked":"SKIP","floor":23},{"not_picked":["Clothesline","Beam Cell","Backflip","Cleave"],"picked":"SKIP","floor":25},{"not_picked":["Thunder Strike","Fusion","Halt","Sunder"],"picked":"SKIP","floor":27},{"not_picked":["Turbo","Rupture","Blade Dance","BowlingBash+1"],"picked":"SKIP","floor":28},{"not_picked":["True Grit","Shrug It Off","Hologram","ReachHeaven"],"picked":"SKIP","floor":29},{"not_picked":["Ragnarok","Gash","Accuracy","Blizzard"],"picked":"SKIP","floor":30},{"not_picked":["Thunder Strike","Vengeance+1","Blade Dance+1","Undo"],"picked":"SKIP","floor":31},{"not_picked":["Grand Finale","Hyperbeam","MasterReality"],"picked":"Exhume","floor":33},{"not_picked":["Blade Dance","Clash","Caltrops","CutThroughFate+1"],"picked":"SKIP","floor":35},{"not_picked":["Cloak And Dagger","EmptyMind","Protect","Poisoned Stab"],"picked":"SKIP","floor":37},{"not_picked":["Burning Pact","Deflect","Cloak And Dagger","Leap"],"picked":"SKIP","floor":38},{"not_picked":["Protect","Flying Knee","Dodge and Roll+1","Venomology"],"picked":"SKIP","floor":41},{"not_picked":["Lockon+1","Redo","BootSequence","Double Energy"],"picked":"SKIP","floor":44},{"not_picked":["Twin Strike","Cloak And Dagger+1","Blasphemy","Crescendo"],"picked":"SKIP","floor":45},{"not_picked":["BowlingBash","Hologram+1","ThirdEye"],"picked":"TalkToTheHand","floor":47},{"not_picked":["WaveOfTheHand","Thunderclap","Spot Weakness","Slice"],"picked":"SKIP","floor":48},{"not_picked":["ThirdEye","Dodge and Roll","Wallop","All Out Attack"],"picked":"SKIP","floor":55}],"player_experience":1966565,"relics_obtained":[{"floor":6,"key":"Champion Belt"},{"floor":9,"key":"Du-Vu Doll"},{"floor":11,"key":"Oddly Smooth Stone"},{"floor":12,"key":"Shuriken"},{"floor":14,"key":"Smiling Mask"},{"floor":23,"key":"Bottled Tornado"},{"floor":25,"key":"Incense Burner"},{"floor":26,"key":"Art of War"},{"floor":27,"key":"Pantograph"},{"floor":30,"key":"Kunai"},{"floor":31,"key":"PreservedInsect"},{"floor":41,"key":"Strawberry"},{"floor":43,"key":"Toy Ornithopter"},{"floor":44,"key":"Girya"},{"floor":45,"key":"Bag of Marbles"},{"floor":47,"key":"Bronze Scales"},{"floor":55,"key":"HornCleat"}],"event_choices":[{"damage_healed":0,"gold_gain":0,"player_choice":"Success","damage_taken":18,"relics_obtained":["Question Card"],"max_hp_gain":0,"max_hp_loss":0,"event_name":"Scrap Ooze","floor":3,"gold_loss":0},{"damage_healed":0,"gold_gain":0,"player_choice":"Obtained Book","damage_taken":21,"max_hp_gain":0,"max_hp_loss":0,"event_name":"Cursed Tome","floor":22,"gold_loss":0},{"damage_healed":0,"gold_gain":0,"player_choice":"Forge","damage_taken":0,"max_hp_gain":0,"max_hp_loss":0,"event_name":"Accursed Blacksmith","floor":36,"gold_loss":0,"cards_upgraded":["Rage"]}],"is_beta":false,"boss_relics":[{"not_picked":["Tiny House","Ectoplasm"],"picked":"Sozu"},{"not_picked":["Calling Bell","Black Star"],"picked":"Runic Pyramid"}],"items_purged_floors":[2,19,39,42,54],"is_endless":false,"potions_floor_spawned":[5,7,10,13,16,21,23,28,29,33,35,37,41,48,55],"ascension_level":20}}