{"host":"qnk15saze0ayia2v","time":1613827614,"event":{"mods":["BaseMod","GifTheSpireLib","Koishi","Marisa????????","Minty Spire (QoL Compilation)","Replay The Spire","StSLib","The Necromancer","The Servant 0.9.4"],"gold_per_floor":[113,131,131,306,5,18,34,34,34,84,84,95,105,120,120,222,222,234,134,134,147,22,22,52,52,52,52,52,66,66,94,94,191,191,206,56,56,68,86,86,117,135,135,101,101,133,133,152,152,152],"floor_reached":51,"language":"ITA","playtime":4868,"items_purged":["Doubt","Strike_MRS","Strike_MRS","Strike_MRS"],"score":664,"play_id":"a7ba6936-bb6a-4c9c-8558-c23d3015bcca","local_time":"20210220142654","is_ascension_mode":false,"campfire_choices":[{"data":"Apotheosis","floor":11,"key":"SMITH"},{"floor":15,"key":"REST"},{"floor":23,"key":"REST"},{"floor":30,"key":"REST"},{"floor":32,"key":"REST"},{"floor":40,"key":"REST"},{"floor":45,"key":"REST"},{"floor":49,"key":"REST"}],"circlet_count":0,"master_deck":["Strike_MRS","Defend_MRS","Defend_MRS","Defend_MRS","Defend_MRS","MasterSpark","UpSweep","GrandCross+1","EnergyFlow","SporeBomb","Apotheosis+1","PowerUp","AlicesGift","OrrerysSun","GrandCross+1","Singularity","SporeBomb","ChargeUpSpray","GalacticHalo","CasketOfStar","NonDirectionalLaser+1","PulseMagic","Acceleration","AsteroidBelt+1","Languid","EnergyFlow","MasterSpark"],"relics":["MiniHakkero","Prayer Wheel","Chameleon Ring","Calipers","Nunchaku","Ring of Chaos","PreservedInsect","ReplayTheSpireMod:TigerMarble","Cursed Key","Letter Opener","Whetstone"],"acts_visited":["Exordium","TheCity","TheBeyond"],"potions_floor_usage":[16,21,24,24,33,35,50,50,50],"damage_taken":[{"damage":1,"enemies":"2 Louse","floor":1,"turns":2},{"damage":10,"enemies":"Small Slimes","floor":2,"turns":3},{"damage":3,"enemies":"Jaw Worm","floor":6,"turns":3},{"damage":13,"enemies":"2 Fungi Beasts","floor":7,"turns":3},{"damage":2,"enemies":"Blue Slaver","floor":12,"turns":2},{"damage":16,"enemies":"Lots of Slimes","floor":13,"turns":4},{"damage":4,"enemies":"Gremlin Gang","floor":14,"turns":3},{"damage":7,"enemies":"The Guardian","floor":16,"turns":7},{"damage":14,"enemies":"Shell Parasite","floor":18,"turns":4},{"damage":7,"enemies":"2 Thieves","floor":21,"turns":3},{"damage":14,"enemies":"Slavers","floor":24,"turns":3},{"damage":18,"enemies":"Snake Plant","floor":29,"turns":3},{"damage":13,"enemies":"Sentry and Sphere","floor":31,"turns":5},{"damage":3,"enemies":"Automaton","floor":33,"turns":6},{"damage":8,"enemies":"3 Darklings","floor":35,"turns":5},{"damage":5,"enemies":"Orb Walker","floor":38,"turns":3},{"damage":26,"enemies":"Writhing Mass","floor":39,"turns":5},{"damage":16,"enemies":"4 Shapes","floor":41,"turns":5},{"damage":0,"enemies":"Jaw Worm Horde","floor":42,"turns":3},{"damage":45,"enemies":"Reptomancer","floor":46,"turns":4},{"damage":4,"enemies":"Maw","floor":48,"turns":5},{"damage":59,"enemies":"Time Eater","floor":50,"turns":6}],"seed_played":"1271136946276483401","potions_obtained":[{"floor":1,"key":"Weak Potion"},{"floor":12,"key":"FearPotion"},{"floor":16,"key":"Swift Potion"},{"floor":18,"key":"LifebloodPotion"},{"floor":21,"key":"DistilledChaos"},{"floor":24,"key":"Explosive Potion"},{"floor":35,"key":"Fruit Juice"},{"floor":39,"key":"DuplicationPotion"},{"floor":48,"key":"Weak Potion"}],"is_trial":false,"path_per_floor":["M","M","?","?","$","M","M","?","T","T","R","M","M","M","R","B",null,"M","$","?","M","$","R","E","?","T","?","$","M","R","M","R","B",null,"M","$","$","M","M","R","M","M","T","$","R","E","?","M","R","B",null],"character_chosen":"MARISA","items_purchased":["Apotheosis","PowerUp","EnergyFlow"],"campfire_rested":7,"item_purchase_floors":[5,5,44],"current_hp_per_floor":[74,64,64,64,64,61,48,36,36,36,36,34,18,14,36,29,75,61,61,47,40,40,64,50,50,50,50,50,32,56,43,67,64,80,79,79,79,74,48,74,58,58,58,58,84,39,39,41,67,8],"gold":152,"neow_bonus":"RANDOM_EVENT","is_daily":false,"chose_seed":false,"campfire_upgraded":1,"win_rate":0.0,"timestamp":1613827614,"path_taken":["M","M","?","?","$","M","M","?","T","?","R","M","M","?","R","BOSS","M","$","?","M","$","R","E","?","T","?","?","M","R","M","R","BOSS","M","?","$","M","M","R","M","?","T","$","R","E","?","M","R","BOSS"],"items_purchased_type":["Card","Card","Card"],"build_version":"2020-12-22","purchased_purges":4,"victory":true,"max_hp_per_floor":[75,75,75,75,75,75,75,75,75,75,75,75,75,75,75,75,75,75,75,80,80,80,80,80,80,80,80,80,80,80,80,80,80,80,87,87,87,87,87,87,87,87,87,87,87,87,87,87,87,87],"card_choices":[{"not_picked":["6A","ChargeUpSpray"],"picked":"GrandCross","floor":1},{"not_picked":["DC","StarlightTyphoon"],"picked":"EnergyFlow","floor":1},{"not_picked":["Robbery","AsteroidBelt"],"picked":"SporeBomb","floor":2},{"not_picked":["OneTimeOff","MachineGunSpark","UnstableBomb"],"picked":"SKIP","floor":2},{"not_picked":["WitchOfGreed","PowerUp"],"picked":"AlicesGift","floor":6},{"not_picked":["MachineGunSpark","LuminesStrike","IllusionStar"],"picked":"SKIP","floor":6},{"not_picked":["Occultation","PowerUp"],"picked":"OrrerysSun","floor":7},{"not_picked":["Orbital","GalacticHalo"],"picked":"GrandCross","floor":7},{"not_picked":["ManaConvection","AbsoluteMagnitude"],"picked":"Singularity","floor":12},{"not_picked":["StarBarrage","DragonMeteor"],"picked":"SporeBomb","floor":12},{"not_picked":["DoubleSpark","Acceleration"],"picked":"ChargeUpSpray","floor":13},{"not_picked":["AsteroidBelt","UnstableBomb","RefractionSpark"],"picked":"SKIP","floor":13},{"not_picked":["BlazeAway","6A"],"picked":"GalacticHalo","floor":14},{"not_picked":["TreasureHunter","ShootingEcho","DarkSpark"],"picked":"SKIP","floor":14},{"not_picked":["ManaRampage","SatelliteIllusion"],"picked":"CasketOfStar","floor":16},{"not_picked":["DC","ShootTheMoon","UnstableBomb"],"picked":"SKIP","floor":18},{"not_picked":["GasGiant","6A","OneTimeOff"],"picked":"SKIP","floor":18},{"not_picked":["MysteriousBeam+1","WitchOfGreed+1"],"picked":"NonDirectionalLaser+1","floor":21},{"not_picked":["MagicChant","OpenUniverse","DoubleSpark+1"],"picked":"SKIP","floor":21},{"not_picked":["Robbery+1","OpenUniverse","ManaConvection"],"picked":"SKIP","floor":24},{"not_picked":["RefractionSpark","UnstableBomb"],"picked":"PulseMagic","floor":29},{"not_picked":["MilkyWay+1","GravityBeat","StarlightTyphoon"],"picked":"SKIP","floor":29},{"not_picked":["Robbery+1","GasGiant","OpenUniverse+1"],"picked":"SKIP","floor":31},{"not_picked":["ShootingEcho+1","GalacticHalo","UnstableBomb"],"picked":"SKIP","floor":31},{"not_picked":["UnstableBomb","OrrerysSun","ChargeUpSpray+1"],"picked":"SKIP","floor":35},{"not_picked":["BlazeAway+1","PowerUp+1","OortCloud"],"picked":"SKIP","floor":35},{"not_picked":["WitchLeyline+1","OpenUniverse+1"],"picked":"Acceleration","floor":38},{"not_picked":["GalacticHalo","NonDirectionalLaser","MachineGunSpark"],"picked":"SKIP","floor":38},{"not_picked":["GravityBeat","SprinkleStarSeal","ManaConvection+1"],"picked":"SKIP","floor":39},{"not_picked":["IllusionStar+1","AsteroidBelt","WitchOfGreed"],"picked":"SKIP","floor":39},{"not_picked":["Orbital","GrandCross"],"picked":"AsteroidBelt+1","floor":41},{"not_picked":["SporeBomb+1","BlazeAway+1","Acceleration"],"picked":"SKIP","floor":41},{"not_picked":["BlazeAway","Occultation","ShootingEcho+1"],"picked":"SKIP","floor":42},{"not_picked":["DoubleSpark+1","ShootingEcho+1","IllusionStar+1"],"picked":"SKIP","floor":42},{"not_picked":["AlicesGift","OpenUniverse","UnstableBomb+1"],"picked":"SKIP","floor":46},{"not_picked":["GravityBeat+1","MachineGunSpark","DoubleSpark+1"],"picked":"SKIP","floor":48},{"not_picked":["LuminesStrike+1","Acceleration+1","MaximisePower"],"picked":"SKIP","floor":48}],"player_experience":397392,"relics_obtained":[{"floor":9,"key":"Calipers"},{"floor":10,"key":"Nunchaku"},{"floor":24,"key":"PreservedInsect"},{"floor":26,"key":"ReplayTheSpireMod:TigerMarble"},{"floor":43,"key":"Letter Opener"},{"floor":46,"key":"Whetstone"}],"event_choices":[{"damage_healed":0,"gold_gain":0,"player_choice":"Box","damage_taken":0,"relics_obtained":["Prayer Wheel"],"max_hp_gain":0,"max_hp_loss":0,"event_name":"Big Fish","floor":0,"gold_loss":0,"cards_obtained":["Regret"]},{"cards_removed":["Regret"],"damage_healed":0,"gold_gain":0,"player_choice":"Forget","damage_taken":0,"max_hp_gain":0,"max_hp_loss":0,"event_name":"Living Wall","floor":3,"gold_loss":0},{"damage_healed":0,"gold_gain":175,"player_choice":"AGREE","damage_taken":0,"max_hp_gain":0,"max_hp_loss":0,"event_name":"Liars Game","floor":4,"gold_loss":0,"cards_obtained":["Doubt"]},{"damage_healed":0,"gold_gain":0,"player_choice":"Success","damage_taken":12,"relics_obtained":["Chameleon Ring"],"max_hp_gain":0,"max_hp_loss":0,"event_name":"Scrap Ooze","floor":8,"gold_loss":0},{"damage_healed":0,"gold_gain":0,"player_choice":"Shed Blood","damage_taken":19,"max_hp_gain":5,"max_hp_loss":0,"event_name":"Forgotten Altar","floor":20,"gold_loss":0},{"damage_healed":0,"gold_gain":0,"player_choice":"Copied","damage_taken":0,"max_hp_gain":0,"max_hp_loss":0,"event_name":"Duplicator","floor":47,"gold_loss":0,"cards_obtained":["MasterSpark"]}],"is_beta":false,"boss_relics":[{"not_picked":["ChewingGum","Pandora\u0027s Box"],"picked":"Ring of Chaos"},{"not_picked":["ReplayTheSpireMod:DimensionalGlitch","Honey Jar"],"picked":"Cursed Key"}],"items_purged_floors":[5,19,22,36],"is_endless":false,"potions_floor_spawned":[1,12,16,18,21,24,35,39,46,48],"ascension_level":0}}