{"host":"ne5hixkhdtkevwwo","time":1613864141,"event":{"mods":["BaseMod","Downfall","Infinite Spire","Minty Spire (QoL Compilation)","Relic Stats","StSLib"],"gold_per_floor":[14,14,25,25,25,55,55,82,82,97,25,44,62,94,94,190,190,208,208,227,27,45,75,75,109,132,169,188,200,200,217,217,322,322,337,353,11,26,26,30,30,30],"floor_reached":40,"language":"ENG","playtime":1654,"items_purged":[],"score":751,"play_id":"6906c073-ca30-49b1-be21-b92be1f47060","local_time":"20210221003541","is_ascension_mode":true,"campfire_choices":[{"data":"bronze:Explode","floor":7,"key":"SMITH"},{"floor":15,"key":"REST"},{"floor":24,"key":"REST"},{"data":"bronze:Assembly","floor":30,"key":"SMITH"},{"data":"bronze:Goto","floor":32,"key":"SMITH"}],"circlet_count":0,"master_deck":["bronze:Strike","bronze:Strike","bronze:Strike+1","bronze:Defend","bronze:Defend","bronze:Defend","bronze:Defend","bronze:Replicate","bronze:Goto+1","bronze:OilSpill+1","bronze:Boost","bronze:Explode+1","bronze:OilSpill","bronze:Virus","bronze:Terminator","bronze:ItsAFeature","bronze:Frontload","bronze:Iterate","bronze:Flail","bronze:Assembly+1","bronze:BuggyMess+1","bronze:ChildClass","bronze:Flail+1","bronze:CutThrough","bronze:MaxOutput","bronze:Turbo+1","bronze:Fortify+1","bronze:Fortify+1","bronze:BurnOut","bronze:FollowUp+1","bronze:Frontload","bronze:Terminator","bronze:ClassDefault+1"],"relics":["bronze:BronzeCore","infinitespire:BottledMercury","Whetstone","hexamod:BolsterEngine","infinitespire:Midas Blood","infinitespire:Cupcake","Bag of Marbles","Ancient Tea Set","Akabeko","Art of War","Omamori","Fusion Hammer","Eternal Feather"],"acts_visited":["Exordium","TheCity","TheBeyond"],"potions_floor_usage":[6,12,14,23,23,25,29,33,38,40,40,40],"damage_taken":[{"damage":0,"enemies":"Cultist","floor":1,"turns":4},{"damage":4,"enemies":"Jaw Worm","floor":3,"turns":4},{"damage":0,"enemies":"Jaw Worm","floor":5,"turns":1},{"damage":27,"enemies":"Lagavulin","floor":6,"turns":6},{"damage":20,"enemies":"Gremlin Nob","floor":8,"turns":3},{"damage":0,"enemies":"Small Slimes","floor":10,"turns":1},{"damage":0,"enemies":"Looter","floor":12,"turns":2},{"damage":8,"enemies":"Gremlin Gang","floor":13,"turns":2},{"damage":12,"enemies":"Lagavulin","floor":14,"turns":5},{"damage":0,"enemies":"Slime Boss","floor":16,"turns":4},{"damage":11,"enemies":"2 Thieves","floor":18,"turns":3},{"damage":0,"enemies":"Spheric Guardian","floor":20,"turns":1},{"damage":0,"enemies":"Snake Plant","floor":22,"turns":2},{"damage":8,"enemies":"Book of Stabbing","floor":23,"turns":3},{"damage":7,"enemies":"Slavers","floor":25,"turns":4},{"damage":27,"enemies":"Book of Stabbing","floor":27,"turns":3},{"damage":0,"enemies":"Centurion and Healer","floor":28,"turns":2},{"damage":0,"enemies":"Shelled Parasite and Fungi","floor":29,"turns":1},{"damage":0,"enemies":"Snecko","floor":31,"turns":2},{"damage":27,"enemies":"Collector","floor":33,"turns":4},{"damage":0,"enemies":"3 Shapes","floor":35,"turns":1},{"damage":0,"enemies":"Orb Walker","floor":36,"turns":1},{"damage":35,"enemies":"Transient","floor":38,"turns":5},{"damage":36,"enemies":"Giant Head","floor":40,"turns":5}],"seed_played":"-738104961211417292","potions_obtained":[{"floor":1,"key":"SteroidPotion"},{"floor":3,"key":"Energy Potion"},{"floor":6,"key":"Dexterity Potion"},{"floor":10,"key":"BlessingOfTheForge"},{"floor":13,"key":"SteroidPotion"},{"floor":22,"key":"Fire Potion"},{"floor":23,"key":"hexamod:SoulburnPotion"},{"floor":25,"key":"bronze:CleanCodePotion"},{"floor":28,"key":"LiquidMemories"},{"floor":31,"key":"Energy Potion"},{"floor":36,"key":"Weak Potion"},{"floor":38,"key":"bronze:FreeFunctionsPotion"}],"is_trial":false,"path_per_floor":["M","?","M","?","?","E","R","E","T","M","$","M","M","E","R","B",null,"M","?","M","$","M","E","R","E","T","E","M","M","R","M","R","B",null,"M","M","$","M","?","E"],"character_chosen":"THE_AUTOMATON","items_purchased":["bronze:ItsAFeature","Bag of Marbles","PowerPotion","Eternal Feather","bronze:Frontload","bronze:Terminator"],"campfire_rested":2,"item_purchase_floors":[11,21,21,37,37,37],"current_hp_per_floor":[63,63,59,80,80,53,53,33,33,33,33,33,25,13,37,37,69,58,58,58,58,58,50,74,67,67,40,40,40,40,40,40,13,63,63,63,63,28,28,0,0,0],"gold":30,"neow_bonus":"THREE_RARE_CARDS","is_daily":false,"chose_seed":false,"campfire_upgraded":3,"win_rate":0.0,"timestamp":1613864141,"path_taken":["M","?","?","?","?","E","R","E","T","M","$","M","M","E","R","BOSS","M","?","M","?","M","E","R","E","T","E","M","?","R","M","R","BOSS","M","M","$","M","?","E"],"items_purchased_type":["Card","Relic","Potion","Relic","Card","Card"],"build_version":"2020-12-22","purchased_purges":0,"victory":false,"max_hp_per_floor":[70,70,70,80,80,80,80,80,80,80,80,80,80,80,80,80,80,80,80,80,80,80,80,80,80,80,80,80,80,80,80,80,80,80,80,80,80,80,80,80,80,80],"relic_stats":{"counters":[24,69],"Eternal Feather":0,"Art of War":[0],"Whetstone":["bronze:OilSpill","bronze:Strike"],"obtain_stats":[{"infinitespire:BottledMercury":2,"bronze:BronzeCore":0,"Eternal Feather":37,"Omamori":27,"Whetstone":6,"Ancient Tea Set":23,"Akabeko":25,"Fusion Hammer":34,"Bag of Marbles":21,"Art of War":26,"hexamod:BolsterEngine":8,"infinitespire:Midas Blood":14,"infinitespire:Cupcake":17},{"infinitespire:BottledMercury":1,"bronze:BronzeCore":0,"Eternal Feather":22,"Omamori":16,"Whetstone":4,"Ancient Tea Set":14,"Akabeko":15,"Fusion Hammer":20,"Bag of Marbles":12,"Art of War":15,"hexamod:BolsterEngine":5,"infinitespire:Midas Blood":9,"infinitespire:Cupcake":10},{"infinitespire:BottledMercury":4,"bronze:BronzeCore":0,"Eternal Feather":59,"Omamori":48,"Whetstone":15,"Ancient Tea Set":41,"Akabeko":45,"Fusion Hammer":57,"Bag of Marbles":36,"Art of War":45,"hexamod:BolsterEngine":18,"infinitespire:Midas Blood":28,"infinitespire:Cupcake":32}]},"card_choices":[{"not_picked":["bronze:ShipIt","bronze:Virus"],"picked":"bronze:Mutator","floor":0},{"not_picked":["bronze:DelayedSlice","bronze:Constructor"],"picked":"bronze:OilSpill","floor":1},{"not_picked":["bronze:ForceShield","bronze:Allocate"],"picked":"bronze:Boost","floor":3},{"not_picked":[],"picked":"bronze:Explode","floor":5},{"not_picked":["bronze:BronzeArmor","bronze:Philosophize"],"picked":"bronze:OilSpill","floor":5},{"not_picked":["bronze:Fortify","bronze:ClassDefault"],"picked":"bronze:Virus","floor":6},{"not_picked":["bronze:FineTuning","bronze:ChildClass"],"picked":"bronze:Terminator","floor":8},{"not_picked":["bronze:Shell","bronze:BronzeArmor","bronze:WhirlingStrike"],"picked":"SKIP","floor":10},{"not_picked":["bronze:Allocate","bronze:Overload"],"picked":"bronze:Frontload","floor":12},{"not_picked":["bronze:BitShift","bronze:BronzeOrb"],"picked":"bronze:Iterate","floor":13},{"not_picked":["bronze:RecursiveStrike","bronze:Refactor"],"picked":"bronze:Flail","floor":14},{"not_picked":["bronze:TinkerersToolbox","bronze:HyperBeam"],"picked":"bronze:Assembly","floor":16},{"not_picked":["bronze:InfiniteBeams","bronze:Shield"],"picked":"bronze:BuggyMess+1","floor":18},{"not_picked":["bronze:OilSpill","bronze:BitShift"],"picked":"bronze:Flail+1","floor":20},{"not_picked":["bronze:Shield","bronze:WildBeam"],"picked":"bronze:CutThrough","floor":22},{"not_picked":["bronze:Overload","bronze:Branch","bronze:Separator+1"],"picked":"SKIP","floor":23},{"not_picked":["bronze:DigitalCarnage","bronze:DelayedGuard"],"picked":"bronze:MaxOutput","floor":25},{"not_picked":["bronze:BitShift","bronze:DelayedSlice"],"picked":"bronze:Turbo+1","floor":27},{"not_picked":["bronze:BronzeOrb","bronze:Break"],"picked":"bronze:Fortify+1","floor":28},{"not_picked":["bronze:BuggyMess","bronze:Constructor","bronze:Branch"],"picked":"SKIP","floor":29},{"not_picked":["bronze:CutThrough","bronze:ChildClass+1"],"picked":"bronze:Fortify+1","floor":31},{"not_picked":["bronze:Assembly","bronze:Format"],"picked":"bronze:BurnOut","floor":33},{"not_picked":["bronze:Invalidate+1","bronze:Overheat"],"picked":"bronze:FollowUp+1","floor":35},{"not_picked":["bronze:Branch","bronze:BitShift+1","bronze:FineTuning+1"],"picked":"SKIP","floor":36},{"not_picked":["bronze:WhirlingStrike","bronze:DigitalCarnage+1"],"picked":"bronze:ClassDefault+1","floor":38}],"player_experience":1095309,"relics_obtained":[{"floor":2,"key":"infinitespire:BottledMercury"},{"floor":6,"key":"Whetstone"},{"floor":8,"key":"hexamod:BolsterEngine"},{"floor":14,"key":"infinitespire:Midas Blood"},{"floor":23,"key":"Ancient Tea Set"},{"floor":25,"key":"Akabeko"},{"floor":26,"key":"Art of War"},{"floor":27,"key":"Omamori"}],"event_choices":[{"damage_healed":0,"gold_gain":0,"player_choice":"Relic","damage_taken":0,"max_hp_gain":0,"max_hp_loss":0,"event_name":"Wheel of Change","floor":2,"gold_loss":0},{"damage_healed":0,"gold_gain":0,"cards_transformed":["bronze:Strike"],"player_choice":"Transformed","damage_taken":0,"max_hp_gain":0,"max_hp_loss":0,"event_name":"Transmorgrifier","floor":19,"gold_loss":0,"cards_obtained":["bronze:ChildClass"]},{"damage_healed":0,"gold_gain":0,"player_choice":"Ignored","damage_taken":0,"max_hp_gain":0,"max_hp_loss":0,"event_name":"Mysterious Sphere","floor":39,"gold_loss":0}],"is_beta":false,"boss_relics":[{"not_picked":["Empty Cage","Velvet Choker"],"picked":"infinitespire:Cupcake"},{"not_picked":["Runic Dome","Coffee Dripper"],"picked":"Fusion Hammer"}],"items_purged_floors":[],"is_endless":false,"potions_floor_spawned":[1,3,6,10,13,22,23,25,28,31,36,38],"killed_by":"Giant Head","ascension_level":9}}