{"host":"htqwg582tjjtn9p7","time":1613845756,"event":{"mods":["2.2 Compatiblity","AchievementEnabler","Act Like it!","Aspiration","BaseMod","Better Third Choice","Colored Map","Conspire","Curses Come First","Displayed Cursed Tome","Energized Spire","Force Act Four","Fox Events","GifTheSpireLib","Hermit","Highlight Path","JesterMod","Mad Scientist","Minty Spire (QoL Compilation)","Pale of the Ancients","Permanent Neow","Random Character Button","Relic Stats","Reliquary","Replay The Spire","Robot Space Explorer","Somnambulant","Spicy Shops","Spikes Relics","StSLib","Stuff the Spire","The Blue Laboratory","The Bug Knight","The Forsaken","The Gatherer","The Judge","The Jungle","The Marked","The Runesmith","The Servant 0.9.4","Uncapped"],"gold_per_floor":[17,37,52,52,68,68,97,97,97,77,103,123,123,137,137,137,137],"floor_reached":16,"language":"ENG","playtime":578,"items_purged":[],"score":168,"play_id":"547406bf-fdc6-463b-9f69-cf30a4925ba2","local_time":"20210220192916","is_ascension_mode":true,"campfire_choices":[{"data":"WordoMod:Sacrilege","floor":6,"key":"SMITH"},{"floor":8,"key":"REST"},{"data":"WordoMod:Cremate","floor":15,"key":"SMITH"}],"circlet_count":0,"master_deck":["AscendersBane","WordoMod:StrikeCard","WordoMod:StrikeCard","WordoMod:StrikeCard","WordoMod:StrikeCard","WordoMod:DefendCard+1","WordoMod:DefendCard+1","WordoMod:DefendCard","WordoMod:DefendCard","WordoMod:Accursed","WordoMod:IllWill+1","WordoMod:Sickness","WordoMod:Unchained","WordoMod:Sacrilege+1","WordoMod:Exorcism+1","WordoMod:BreakChains","WordoMod:MementoMori","CommonCold","WordoMod:Cremate+1"],"relics":["WordoMod:Obsidian","WordoMod:Effigy","War Paint","reliquary:GummyVitamins","Nunchaku","reliquary:Buckler"],"acts_visited":["Exordium"],"potions_floor_usage":[7,7,7,11,16],"damage_taken":[{"damage":1,"enemies":"Cultist","floor":1,"turns":3},{"damage":0,"enemies":"2 Louse","floor":2,"turns":2},{"damage":3,"enemies":"Small Slimes","floor":3,"turns":3},{"damage":8,"enemies":"Exordium Wildlife","floor":5,"turns":4},{"damage":9,"enemies":"Lagavulin","floor":7,"turns":6},{"damage":18,"enemies":"Gremlin Nob","floor":11,"turns":4},{"damage":0,"enemies":"Looter","floor":12,"turns":2},{"damage":0,"enemies":"Blue Slaver","floor":14,"turns":3},{"damage":47,"enemies":"The Guardian","floor":16,"turns":14}],"seed_played":"-7351232286569303304","potions_obtained":[{"floor":2,"key":"EntropicBrew"},{"floor":3,"key":"Block Potion"},{"floor":5,"key":"blueLaboratory:AbyssPotion"},{"floor":10,"key":"blueLaboratory:BottleOfVodka"},{"floor":12,"key":"blueLaboratory:RememoryPotion"}],"is_trial":false,"path_per_floor":["M","M","M","?","M","R","E","R","T","?","E","M","$","M","R","B"],"character_chosen":"JUDGE_CLASS","items_purchased":[],"campfire_rested":1,"item_purchase_floors":[],"current_hp_per_floor":[81,81,78,66,58,58,49,75,75,75,57,57,57,57,57,10,10],"gold":137,"neow_bonus":"TWENTY_PERCENT_HP_BONUS","is_daily":false,"chose_seed":false,"campfire_upgraded":2,"win_rate":0.0,"timestamp":1613845756,"path_taken":["M","M","M","?","M","R","E","R","T","?","E","M","$","M","R","BOSS"],"items_purchased_type":[],"build_version":"2020-12-22","purchased_purges":0,"victory":false,"max_hp_per_floor":[89,89,89,89,89,89,89,89,89,89,89,89,89,89,89,89,89],"relic_stats":{"Nunchaku":[2],"counters":[9,41],"War Paint":["WordoMod:DefendCard","WordoMod:IllWill"],"obtain_stats":[{"Nunchaku":9,"WordoMod:Effigy":0,"WordoMod:Obsidian":0,"reliquary:GummyVitamins":7,"reliquary:Buckler":11,"War Paint":4},{"Nunchaku":5,"WordoMod:Effigy":0,"WordoMod:Obsidian":0,"reliquary:GummyVitamins":5,"reliquary:Buckler":6,"War Paint":3},{"Nunchaku":18,"WordoMod:Effigy":0,"WordoMod:Obsidian":0,"reliquary:GummyVitamins":18,"reliquary:Buckler":22,"War Paint":8}]},"card_choices":[{"not_picked":["WordoMod:Vulgarity","WordoMod:Repent"],"picked":"WordoMod:Sickness","floor":1},{"not_picked":["WordoMod:Sacrilege","WordoMod:Retaliate"],"picked":"WordoMod:Unchained","floor":2},{"not_picked":["WordoMod:MementoMori","WordoMod:SoulSpear"],"picked":"WordoMod:Sacrilege","floor":3},{"not_picked":["WordoMod:FalseDiagnosis","WordoMod:Sacrilege"],"picked":"WordoMod:Exorcism","floor":5},{"not_picked":["WordoMod:UltimateSacrifice","WordoMod:Retaliate"],"picked":"WordoMod:BreakChains","floor":7},{"not_picked":["WordoMod:Exorcism","WordoMod:Sickness"],"picked":"WordoMod:MementoMori","floor":11},{"not_picked":["Overencumbered","Languid"],"picked":"CommonCold","floor":11},{"not_picked":["WordoMod:Vulgarity","WordoMod:EndOfTheWorld"],"picked":"WordoMod:Cremate","floor":12},{"not_picked":["WordoMod:Malice","WordoMod:Sickness","WordoMod:Retaliate"],"picked":"SKIP","floor":14}],"player_experience":2057453,"relics_obtained":[{"floor":7,"key":"reliquary:GummyVitamins"},{"floor":9,"key":"Nunchaku"},{"floor":11,"key":"reliquary:Buckler"}],"event_choices":[{"damage_healed":0,"gold_gain":0,"player_choice":"Relic ","damage_taken":12,"max_hp_gain":0,"max_hp_loss":0,"event_name":"betterThird:BetterScrap","floor":4,"gold_loss":0,"cards_obtained":["StuffTheSpire:EventHorizon"]},{"damage_healed":0,"gold_gain":0,"player_choice":"Bought 1 Potion","damage_taken":0,"max_hp_gain":0,"max_hp_loss":0,"event_name":"The Woman in Blue","floor":10,"gold_loss":0}],"is_beta":false,"boss_relics":[],"items_purged_floors":[],"is_endless":false,"potions_floor_spawned":[2,3,5,12],"killed_by":"The Guardian","ascension_level":10}}