{"host":"6406jj8da6015sxr","time":1613803328,"event":{"mods":["AchievementEnabler","BaseMod","Colored Map","DeckTracker","Keyboard Shortcuts","Minty Spire (QoL Compilation)","Permanent Neow","Relic Stats","SuperFastMode","everything is the same but u backflip on backflip"],"gold_per_floor":[111,126,126,144,158,158,171,171,171,211,136,156,175,190,190,280,280,300,94,94,9,29,29,67,67,93,106,106,119,152,172,172,172,172],"floor_reached":33,"language":"KOR","playtime":1382,"items_purged":["Strike_G","Strike_G"],"score":505,"play_id":"dfa66493-e33a-44a0-917b-6e9d07a79d57","local_time":"20210220154208","is_ascension_mode":true,"campfire_choices":[{"data":"Glass Knife","floor":6.0,"key":"SMITH"},{"data":"Dagger Spray","floor":8.0,"key":"SMITH"},{"data":"Terror","floor":15.0,"key":"SMITH"},{"data":"Backflip","floor":23,"key":"SMITH"},{"data":"Neutralize","floor":25,"key":"SMITH"},{"data":"Footwork","floor":28,"key":"SMITH"},{"floor":32,"key":"REST"}],"circlet_count":0,"master_deck":["AscendersBane","Strike_G+1","Strike_G","Defend_G","Defend_G","Defend_G","Defend_G","Survivor","Neutralize+1","Glass Knife+1","Terror+1","Backstab+1","Dagger Spray+1","Dagger Throw","Backflip+1","Backflip","Venomology","Cloak And Dagger+1","Blade Dance","Footwork+1","Cloak And Dagger","Backflip","Blade Dance","Backflip","Deflect+1","Sucker Punch"],"relics":["Ring of the Snake","Golden Idol","Ice Cream","Bottled Flame","Empty Cage","Turnip","Whetstone","Bag of Preparation","Gremlin Horn"],"acts_visited":["TheCity"],"potions_floor_usage":[18,24,27,29,30,30,31,33,33,33],"damage_taken":[{"damage":2.0,"enemies":"Small Slimes","floor":1.0,"turns":4.0},{"damage":7.0,"enemies":"Jaw Worm","floor":2.0,"turns":3.0},{"damage":0.0,"enemies":"Cultist","floor":4.0,"turns":3.0},{"damage":7.0,"enemies":"2 Fungi Beasts","floor":5.0,"turns":3.0},{"damage":0.0,"enemies":"Exordium Wildlife","floor":7.0,"turns":4.0},{"damage":12.0,"enemies":"Lagavulin","floor":10.0,"turns":6.0},{"damage":0.0,"enemies":"Exordium Thugs","floor":12.0,"turns":2.0},{"damage":0.0,"enemies":"Red Slaver","floor":13.0,"turns":1.0},{"damage":0.0,"enemies":"Blue Slaver","floor":14.0,"turns":1.0},{"damage":2.0,"enemies":"Slime Boss","floor":16.0,"turns":7.0},{"damage":3,"enemies":"Chosen","floor":18,"turns":3},{"damage":7,"enemies":"Shell Parasite","floor":22,"turns":4},{"damage":17,"enemies":"Book of Stabbing","floor":24,"turns":5},{"damage":2,"enemies":"Chosen and Byrds","floor":27,"turns":5},{"damage":0,"enemies":"Centurion and Healer","floor":29,"turns":5},{"damage":7,"enemies":"Slavers","floor":30,"turns":5},{"damage":9,"enemies":"Snake Plant","floor":31,"turns":4},{"damage":52,"enemies":"Champ","floor":33,"turns":13}],"seed_played":"-1487968301423359741","potions_obtained":[{"floor":1.0,"key":"AttackPotion"},{"floor":7.0,"key":"DuplicationPotion"},{"floor":12.0,"key":"Regen Potion"},{"floor":16.0,"key":"LiquidMemories"},{"floor":24,"key":"GhostInAJar"},{"floor":27,"key":"AttackPotion"},{"floor":30,"key":"SteroidPotion"}],"is_trial":false,"path_per_floor":["M","M","?","M","M","R","M","R","T","E","$","M","M","M","R","B",null,"M","$","?","?","M","R","E","R","T","M","R","M","E","M","R","B"],"character_chosen":"THE_SILENT","items_purchased":["Blade Dance","SteroidPotion"],"campfire_rested":1,"item_purchase_floors":[19,19],"current_hp_per_floor":[61,54,54,54,47,47,47,47,47,35,35,35,35,35,35,48,61,58,58,58,58,51,51,34,34,34,32,32,32,25,16,35,0,0],"gold":172,"neow_bonus":"ONE_RANDOM_RARE_CARD","is_daily":false,"chose_seed":false,"campfire_upgraded":6,"win_rate":0.0,"timestamp":1613803328,"path_taken":["M","M","?","M","M","R","M","R","T","E","$","M","M","M","R","BOSS","M","$","?","?","M","R","E","R","T","M","R","M","E","M","R","BOSS"],"items_purchased_type":["Card","Potion"],"build_version":"2020-12-22","purchased_purges":2,"victory":false,"max_hp_per_floor":[70,70,65,65,65,65,65,65,65,65,65,65,65,65,65,65,65,65,65,65,65,65,65,65,65,65,65,65,65,65,65,65,65,65],"relic_stats":{"Gremlin Horn":[0,0],"counters":[18,78],"Golden Idol":80,"Turnip":[10],"Bag of Preparation":[10],"Whetstone":["Backstab","Strike_G"],"obtain_stats":[{"Ice Cream":9,"Bottled Flame":10,"Gremlin Horn":30,"Golden Idol":3,"Turnip":21,"Bag of Preparation":26,"Whetstone":24,"Empty Cage":17,"Ring of the Snake":0},{"Ice Cream":5,"Bottled Flame":6,"Gremlin Horn":16,"Golden Idol":2,"Turnip":11,"Bag of Preparation":13,"Whetstone":13,"Empty Cage":10,"Ring of the Snake":0},{"Ice Cream":17,"Bottled Flame":23,"Gremlin Horn":61,"Golden Idol":7,"Turnip":37,"Bag of Preparation":46,"Whetstone":46,"Empty Cage":34,"Ring of the Snake":0}],"Ring of the Snake":[36]},"card_choices":[{"not_picked":["Bane","Deadly Poison"],"picked":"Terror","floor":1.0},{"not_picked":["Dagger Throw","Prepared"],"picked":"Backstab","floor":2.0},{"not_picked":["Calculated Gamble","Envenom"],"picked":"Dagger Spray","floor":4.0},{"not_picked":["Bane","Slice","Prepared"],"picked":"SKIP","floor":5.0},{"not_picked":["Bullet Time","Noxious Fumes"],"picked":"Dagger Throw","floor":7.0},{"not_picked":["Acrobatics","Slice"],"picked":"Backflip","floor":10.0},{"not_picked":["Quick Slash","Caltrops","Catalyst"],"picked":"SKIP","floor":12.0},{"not_picked":["Predator","Deflect","Calculated Gamble"],"picked":"SKIP","floor":13.0},{"not_picked":["PiercingWail","Riddle With Holes"],"picked":"Backflip","floor":14.0},{"not_picked":["Burst","Storm of Steel"],"picked":"Venomology","floor":16.0},{"not_picked":["Heel Hook","Well Laid Plans"],"picked":"Cloak And Dagger+1","floor":18},{"not_picked":["Outmaneuver","Catalyst"],"picked":"Cloak And Dagger","floor":22},{"not_picked":["Riddle With Holes","Dagger Throw+1"],"picked":"Backflip","floor":24},{"not_picked":["Slice+1","Backstab"],"picked":"Blade Dance","floor":27},{"not_picked":["Terror","Eviscerate+1"],"picked":"Backflip","floor":29},{"not_picked":["Quick Slash","Catalyst"],"picked":"Deflect+1","floor":30},{"not_picked":["Poisoned Stab","Bouncing Flask+1"],"picked":"Sucker Punch","floor":31}],"player_experience":51751,"relics_obtained":[{"floor":9.0,"key":"Ice Cream"},{"floor":10.0,"key":"Bottled Flame"},{"floor":24,"key":"Whetstone"},{"floor":26,"key":"Bag of Preparation"},{"floor":30,"key":"Gremlin Horn"}],"event_choices":[{"damage_healed":0.0,"max_hp_gain":0.0,"max_hp_loss":5.0,"gold_gain":0.0,"event_name":"Golden Idol","player_choice":"Lose Max HP","floor":3.0,"gold_loss":0.0,"damage_taken":0.0,"relics_obtained":["Golden Idol"]},{"damage_healed":0,"gold_gain":0,"player_choice":"Read","damage_taken":0,"max_hp_gain":0,"max_hp_loss":0,"event_name":"The Library","floor":20,"gold_loss":0,"cards_obtained":["Footwork"]},{"damage_healed":0,"gold_gain":0,"player_choice":"Obtained Relic","damage_taken":0,"relics_obtained":["Turnip"],"max_hp_gain":0,"max_hp_loss":0,"event_name":"Addict","floor":21,"gold_loss":85}],"is_beta":false,"boss_relics":[{"not_picked":["Pandora\u0027s Box","Fusion Hammer"],"picked":"Empty Cage"}],"items_purged_floors":[11,19],"is_endless":false,"potions_floor_spawned":[1,7,12,16,22,24,27,30],"killed_by":"Champ","ascension_level":13}}