{"host":"9nqlpswyo8o6ezw3","time":1613779868,"event":{"mods":["Act Like it!","BaseMod","Colored Powertips","Downfall","Hallownest","Hermit","Lobotomy","LobotomyExtend","Marisa????????","Minty Spire (QoL Compilation)","StSLib","The Bug Knight","The Cursed"],"gold_per_floor":[116,132,132,132,143,143,162,162,235,247,247,247,266,278,278,378,378,378,405,405,198,210,210,228,228,228,228,228],"floor_reached":27,"language":"ENG","playtime":1328,"items_purged":[],"score":203,"play_id":"36d91319-bf9f-4242-b0eb-2fffac0afc71","local_time":"20210219191108","is_ascension_mode":false,"campfire_choices":[{"data":"hermit:Deadeye","floor":6,"key":"SMITH"},{"data":"hermit:CursedWeapon","floor":8,"key":"SMITH"},{"data":"hermit:TakeAim","floor":11,"key":"SMITH"},{"data":"hermit:Ricochet","floor":15,"key":"SMITH"},{"data":"hermit:HighNoon","floor":23,"key":"SMITH"},{"floor":25,"key":"REST"}],"circlet_count":0,"master_deck":["hermit:Strike_Hermit","hermit:Strike_Hermit","hermit:Strike_Hermit","hermit:Strike_Hermit","hermit:Defend_Hermit","hermit:Defend_Hermit","hermit:Defend_Hermit","hermit:Defend_Hermit","hermit:Snapshot","hermit:Covet","UniverseFragment","hermit:TakeAim+1","hermit:Headshot","DreamingCurrent","hermit:Deadeye+1","Wellcheers","hermit:CursedWeapon+1","OSAHOGD","hermit:Ricochet+1","hermit:GhostlyPresence","hermit:TrackingShot","hermit:HighNoon+1","hermit:Feint","hermit:ShadowCloak","Impatience","ShyLook","hermit:Vantage","OldLady"],"relics":["hermit:Momento","CogitoBucket","RabbitCall","LetterFromLob","Gremlin Horn","BackwardClock","Black Star","Gaze_r","Omamori","Bottled Tornado"],"acts_visited":["Exordium","TheCity"],"potions_floor_usage":[16,24],"damage_taken":[{"damage":0,"enemies":"Small Slimes","floor":1,"turns":3},{"damage":6,"enemies":"Cultist","floor":2,"turns":5},{"damage":11,"enemies":"Jaw Worm","floor":5,"turns":3},{"damage":6,"enemies":"Red Slaver","floor":7,"turns":5},{"damage":10,"enemies":"Blue Slaver","floor":10,"turns":4},{"damage":26,"enemies":"Exordium Wildlife","floor":13,"turns":5},{"damage":16,"enemies":"Looter","floor":14,"turns":3},{"damage":54,"enemies":"Slime Boss","floor":16,"turns":11},{"damage":49,"enemies":"Spheric Guardian","floor":18,"turns":5},{"damage":24,"enemies":"Spheric Guardian","floor":22,"turns":6},{"damage":58,"enemies":"3 Byrds","floor":24,"turns":8},{"damage":106,"enemies":"Gremlin Leader","floor":27,"turns":7}],"seed_played":"853033769123202874","potions_obtained":[{"floor":7,"key":"LiquidMemories"},{"floor":10,"key":"hermit:Tonic"},{"floor":13,"key":"Explosive Potion"}],"is_trial":false,"path_per_floor":["M","M","?","?","M","R","M","R","T","M","R","?","M","M","R","B",null,"M","T","?","$","M","R","M","R","T","E"],"character_chosen":"HERMIT","items_purchased":["hermit:Feint","hermit:ShadowCloak","Impatience"],"campfire_rested":1,"item_purchase_floors":[21,21,21],"current_hp_per_floor":[75,69,69,69,58,58,75,75,75,75,75,75,69,71,71,54,75,49,49,35,35,47,47,34,58,58,0,0],"gold":228,"neow_bonus":"","is_daily":false,"chose_seed":false,"campfire_upgraded":5,"win_rate":0.0,"timestamp":1613779868,"path_taken":["M","M","?","?","?","R","M","R","T","M","R","?","M","M","R","BOSS","M","?","?","$","M","R","?","R","T","E"],"items_purchased_type":["Card","Card","Card"],"build_version":"2020-12-22","purchased_purges":0,"victory":false,"max_hp_per_floor":[75,75,75,75,75,75,75,75,75,75,75,75,75,75,75,75,75,75,75,80,80,80,80,80,80,80,80,80],"card_choices":[{"not_picked":["WhitesApple","FairyFestival","BeautyBeast"],"picked":"Singing Bowl","floor":1},{"not_picked":["Murderer","Rudolta"],"picked":"UniverseFragment","floor":1},{"not_picked":["hermit:PistolWhip","hermit:Glare"],"picked":"hermit:TakeAim","floor":1},{"not_picked":["MHz","HappyTeddy","PunishingBird"],"picked":"Singing Bowl","floor":2},{"not_picked":["hermit:HighNoon","hermit:Manifest"],"picked":"hermit:Headshot","floor":2},{"not_picked":["FairyFestival","VoidDream"],"picked":"DreamingCurrent","floor":5},{"not_picked":["hermit:Vantage","hermit:HoleUp"],"picked":"hermit:Deadeye","floor":5},{"not_picked":["LittleHelper","DespairKnight","FairyFestival"],"picked":"Singing Bowl","floor":7},{"not_picked":["BeautyBeast","WallGazer"],"picked":"Wellcheers","floor":7},{"not_picked":["hermit:CalledShot","hermit:Feint"],"picked":"hermit:CursedWeapon","floor":7},{"not_picked":["FairyFestival","Yin"],"picked":"OSAHOGD","floor":10},{"not_picked":["hermit:TrackingShot","hermit:CalledShot"],"picked":"hermit:Ricochet","floor":10},{"not_picked":["CrumblingArmor","CherryBlossoms","LaLuna"],"picked":"Singing Bowl","floor":13},{"not_picked":["hermit:Vantage","hermit:Roulette"],"picked":"hermit:GhostlyPresence","floor":13},{"not_picked":["FairyFestival","MHz","MeatLantern"],"picked":"Singing Bowl","floor":14},{"not_picked":["hermit:Malice","hermit:Cheat"],"picked":"hermit:TrackingShot","floor":14},{"not_picked":["FieryBird","CrumblingArmor","Porccubus"],"picked":"Singing Bowl","floor":16},{"not_picked":["hermit:FinalCanter","hermit:RoundhouseKick"],"picked":"hermit:HighNoon","floor":16},{"not_picked":["Scorched","Mercenary","GalaxyChild"],"picked":"Singing Bowl","floor":22},{"not_picked":["Variant","BigBadWolf"],"picked":"ShyLook","floor":22},{"not_picked":["hermit:HoleUp","hermit:CalledShot"],"picked":"hermit:Vantage","floor":22},{"not_picked":["NothingThere","Scorched","MeatLantern"],"picked":"Singing Bowl","floor":24},{"not_picked":["VoidDream","Laetitia"],"picked":"OldLady","floor":24},{"not_picked":["hermit:Misfire","hermit:Grudge+1","hermit:Feint"],"picked":"SKIP","floor":24}],"player_experience":75461,"relics_obtained":[{"floor":1,"key":"LetterFromLob"},{"floor":9,"key":"Gremlin Horn"},{"floor":19,"key":"Omamori"},{"floor":26,"key":"Bottled Tornado"}],"event_choices":[{"damage_healed":0,"gold_gain":0,"player_choice":"Leave","damage_taken":0,"max_hp_gain":0,"max_hp_loss":0,"event_name":"The Cleric","floor":3,"gold_loss":0},{"damage_healed":0,"gold_gain":0,"player_choice":"Ignored","damage_taken":0,"max_hp_gain":0,"max_hp_loss":0,"event_name":"NoteForYourself","floor":4,"gold_loss":0},{"damage_healed":0,"gold_gain":0,"player_choice":"Ignored","damage_taken":0,"max_hp_gain":0,"max_hp_loss":0,"event_name":"Liars Game","floor":12,"gold_loss":0},{"damage_healed":0,"gold_gain":0,"player_choice":"Shed Blood","damage_taken":19,"max_hp_gain":5,"max_hp_loss":0,"event_name":"Forgotten Altar","floor":20,"gold_loss":0}],"is_beta":false,"boss_relics":[{"not_picked":["Sozu","hermit:ClaspedLocket"],"picked":"Black Star"}],"items_purged_floors":[],"is_endless":false,"potions_floor_spawned":[7,10,13,14,18],"killed_by":"Gremlin Leader","ascension_level":0}}