{"host":"bplbr8uekuotory4","time":1613833106,"event":{"mods":["Act Like it!","BaseMod","GungeonMod","Hermit","KinomotoSakuraMod(ƒæ÷Æ±æ”£)","Marisa£®ÏF”Í°°ƒß¿Ì…≥£©","Minty Spire (QoL Compilation)","Prisma Mod","Quick Restart","Reimu£®≤©¿ˆ¡È√Œ£©","SOS£®Àπ∞Õ¥Ô÷Æ◊”£©","Spicy Shops","StSLib","TestMod","The Blackbeard","The Cursed","The Mystic","The Saiyan","The Senshi","The Servant 0.9.4","Yuri Mod","[IsaacMod]“‘»ˆº‚À˛"],"gold_per_floor":[361,361,381,381,236,236,106,156,156,156,173,201,218,70,70,172,172,183,133,145,145,156,156,156,170,195,195,195,206,130,150,150,150,150],"floor_reached":33,"language":"ZHS","playtime":553,"items_purged":["hermit:Strike_Hermit","hermit:Defend_Hermit"],"score":546,"play_id":"7a4a9b64-4926-4136-ada2-d79817fb74a7","local_time":"20210220225826","is_ascension_mode":true,"campfire_choices":[{"data":"hermit:Covet","floor":6,"key":"SMITH"},{"data":"hermit:Snapshot","floor":10,"key":"SMITH"},{"data":"hermit:Magnum","floor":15,"key":"SMITH"},{"data":"hermit:RoundhouseKick","floor":23,"key":"SMITH"},{"data":"hermit:Deadeye","floor":28,"key":"SMITH"},{"floor":32,"key":"RECALL"}],"circlet_count":0,"master_deck":["AscendersBane","hermit:Strike_Hermit+1","hermit:Strike_Hermit+1","hermit:Defend_Hermit","hermit:Defend_Hermit","hermit:Defend_Hermit","hermit:Snapshot+1","hermit:Covet+1","hermit:Magnum+1","hermit:Deadeye+1","hermit:RoundhouseKick+1"],"relics":["hermit:Momento","testmod-TestBox","HushsDoor","DeadEye","testmod-Brilliant","DemoMod:PoisonVial","BookOfRevelations","DemoMod:MemoryAlloy","Meat on the Bone","testmod-OneHitWonder","YumHeart","HandDrill","testmod-HarvestTotem","UnicornStump","Toy Ornithopter","testmod-AssaultLearning"],"acts_visited":["Exordium","TheCity"],"potions_floor_usage":[8,16,16,33],"damage_taken":[{"damage":0,"enemies":"Jaw Worm","floor":1,"turns":1},{"damage":0,"enemies":"Cultist","floor":3,"turns":2},{"damage":0,"enemies":"Hiden Room Battle","floor":8,"turns":1},{"damage":0,"enemies":"2 Louse","floor":11,"turns":1},{"damage":0,"enemies":"Gremlin Nob","floor":12,"turns":2},{"damage":0,"enemies":"2 Fungi Beasts","floor":13,"turns":1},{"damage":0,"enemies":"The Guardian","floor":16,"turns":6},{"damage":7,"enemies":"Shell Parasite","floor":18,"turns":2},{"damage":12,"enemies":"Chosen","floor":20,"turns":3},{"damage":0,"enemies":"Snake Plant","floor":22,"turns":3},{"damage":0,"enemies":"3 Cultists","floor":25,"turns":2},{"damage":16,"enemies":"Snecko","floor":29,"turns":3},{"damage":24,"enemies":"Snake Plant","floor":31,"turns":3},{"damage":12,"enemies":"Collector","floor":33,"turns":5}],"seed_played":"6468077204113241536","potions_obtained":[{"floor":1,"key":"SteroidPotion"},{"floor":11,"key":"LiquidBronze"},{"floor":12,"key":"Block Potion"},{"floor":22,"key":"hermit:Eclipse"},{"floor":31,"key":"DemoMod:LeadSkinPotion"}],"is_trial":false,"path_per_floor":["M","?","M","?","$","R","$","?","T","R","M","E","M","$","R","B",null,"M","?","M","?","M","R","T","M","T","$","R","M","$","M","R","B"],"character_chosen":"HERMIT","items_purchased":["BookOfRevelations","DemoMod:MemoryAlloy","HandDrill","FairyPotion","testmod-AssaultLearning"],"campfire_rested":0,"item_purchase_floors":[5,7,14,17,30],"current_hp_per_floor":[68,53,53,39,39,39,39,24,24,24,36,36,36,36,36,36,127,120,120,108,108,108,108,108,108,108,108,108,92,92,68,68,66,66],"gold":150,"neow_bonus":"TWO_FIFTY_GOLD","is_daily":false,"chose_seed":false,"campfire_upgraded":5,"win_rate":0.0,"timestamp":1613833106,"path_taken":["M","?","M","?","$","R","?","?","T","R","M","E","?","$","R","BOSS","M","?","?","?","M","R","?","?","T","?","R","M","$","M","R","BOSS"],"items_purchased_type":["Relic","Relic","Relic","Potion","Relic"],"build_version":"2020-12-22","purchased_purges":2,"victory":false,"max_hp_per_floor":[68,68,68,68,68,68,68,68,68,68,68,68,68,68,68,68,127,127,127,127,127,127,127,127,127,127,127,127,127,127,127,127,127,127],"card_choices":[{"not_picked":["hermit:Desperado","hermit:ItchyTrigger","hermit:Manifest"],"picked":"SKIP","floor":1},{"not_picked":["hermit:TrackingShot","hermit:HighCaliber"],"picked":"Bomb","floor":3},{"not_picked":["hermit:Desperado","hermit:BigShot"],"picked":"hermit:Magnum","floor":11},{"not_picked":["hermit:Glare","hermit:Roulette"],"picked":"hermit:Deadeye","floor":12},{"not_picked":["hermit:Headshot","hermit:WideOpen"],"picked":"Bomb","floor":13},{"not_picked":["hermit:OverwhelmingPower","hermit:Dissolve"],"picked":"hermit:RoundhouseKick","floor":16},{"not_picked":["hermit:Coalescence","hermit:Glare","hermit:Deadeye"],"picked":"SKIP","floor":18},{"not_picked":["hermit:Showdown","hermit:Manifest+1","hermit:Quickdraw"],"picked":"SKIP","floor":20},{"not_picked":["hermit:Quickdraw","hermit:DeadMansHand","hermit:Brawl"],"picked":"SKIP","floor":22},{"not_picked":["hermit:Misfire","hermit:SprayPray","hermit:Ricochet+1"],"picked":"SKIP","floor":25},{"not_picked":["hermit:Snipe","hermit:FromBeyond","hermit:HoleUp"],"picked":"SKIP","floor":29},{"not_picked":["hermit:Ricochet","hermit:Coalescence+1","hermit:BigShot"],"picked":"SKIP","floor":31}],"player_experience":1159428,"relics_obtained":[{"floor":8,"key":"Meat on the Bone"},{"floor":8,"key":"testmod-OneHitWonder"},{"floor":12,"key":"YumHeart"},{"floor":24,"key":"UnicornStump"},{"floor":26,"key":"Toy Ornithopter"}],"event_choices":[{"damage_healed":0,"gold_gain":0,"player_choice":"Entered Light","damage_taken":14,"max_hp_gain":0,"max_hp_loss":0,"event_name":"Shining Light","floor":4,"gold_loss":0,"cards_upgraded":["hermit:Strike_Hermit","hermit:Strike_Hermit"]},{"damage_healed":0,"gold_gain":0,"player_choice":"Fight","damage_taken":0,"max_hp_gain":0,"max_hp_loss":0,"event_name":"HidenRoomEvent","floor":8,"gold_loss":0},{"damage_healed":0,"gold_gain":0,"player_choice":"Bet on Owner","damage_taken":0,"max_hp_gain":0,"max_hp_loss":0,"event_name":"The Joust","floor":19,"gold_loss":50},{"cards_removed":["hermit:Strike_Hermit"],"damage_healed":0,"gold_gain":0,"player_choice":"Elegance","damage_taken":0,"max_hp_gain":0,"max_hp_loss":0,"event_name":"Back to Basics","floor":21,"gold_loss":0}],"is_beta":false,"boss_relics":[{"not_picked":["testmod-StringDisintegrator","testmod-CardMagician"],"picked":"testmod-HarvestTotem"},{"not_picked":[]}],"items_purged_floors":[14,17],"is_endless":false,"potions_floor_spawned":[1,11,12,13,22,31],"killed_by":"Collector","ascension_level":11}}