{"host":"xg4r5pv6chpuampg","time":1613846570,"event":{"mods":["AchievementEnabler","BaseMod","Googly Eyes","Minty Spire (QoL Compilation)"],"gold_per_floor":[165,165,226,243,312,338,338,348,348,348,5,17,78,24,24,24,24],"floor_reached":16,"language":"ENG","playtime":735,"items_purged":[],"score":104,"play_id":"edf67669-540c-499b-aa04-86b313cb4656","local_time":"20210220214250","is_ascension_mode":false,"campfire_choices":[{"floor":7,"key":"REST"},{"floor":10,"key":"REST"},{"data":"WindmillStrike","floor":15,"key":"SMITH"}],"circlet_count":0,"master_deck":["Strike_P","Strike_P","Strike_P","Strike_P","Defend_P+1","Defend_P","Defend_P","Defend_P","Eruption","Vigilance","Wallop","Tantrum","Devotion","WindmillStrike+1","FollowUp","FlurryOfBlows","FlurryOfBlows","EmptyFist","FlurryOfBlows"],"relics":["Tiny House","SsserpentHead","HornCleat","Lee\u0027s Waffle","Toxic Egg 2"],"acts_visited":["Exordium"],"potions_floor_usage":[6,6,16,16],"damage_taken":[{"damage":3,"enemies":"2 Louse","floor":1,"turns":3},{"damage":0,"enemies":"Cultist","floor":3,"turns":4},{"damage":12,"enemies":"Jaw Worm","floor":4,"turns":5},{"damage":20,"enemies":"Looter","floor":5,"turns":2},{"damage":41,"enemies":"Lagavulin","floor":6,"turns":6},{"damage":3,"enemies":"Lots of Slimes","floor":8,"turns":4},{"damage":0,"enemies":"2 Fungi Beasts","floor":12,"turns":3},{"damage":11,"enemies":"Large Slime","floor":13,"turns":3},{"damage":74,"enemies":"Hexaghost","floor":16,"turns":7}],"seed_played":"2927715058437073398","potions_obtained":[{"floor":0,"key":"Fire Potion"},{"floor":4,"key":"AttackPotion"},{"floor":12,"key":"PowerPotion"},{"floor":13,"key":"SkillPotion"}],"is_trial":false,"path_per_floor":["M","?","M","M","M","E","R","M","T","R","$","M","M","$","R","B"],"character_chosen":"WATCHER","items_purchased":["Lee\u0027s Waffle","Toxic Egg 2","FlurryOfBlows"],"campfire_rested":2,"item_purchase_floors":[11,11,14],"current_hp_per_floor":[74,74,74,62,42,1,24,21,21,44,84,84,73,73,73,0,0],"gold":24,"neow_bonus":"BOSS_RELIC","is_daily":false,"chose_seed":false,"campfire_upgraded":1,"win_rate":0.0,"timestamp":1613846570,"path_taken":["M","?","?","M","?","E","R","M","T","R","?","M","?","$","R","BOSS"],"items_purchased_type":["Relic","Relic","Card"],"build_version":"2020-12-22","purchased_purges":0,"victory":false,"max_hp_per_floor":[77,77,77,77,77,77,77,77,77,77,84,84,84,84,84,84,84],"card_choices":[{"not_picked":["Prostrate","Protect"],"picked":"Wallop","floor":0},{"not_picked":["ThirdEye","Indignation"],"picked":"Tantrum","floor":1},{"not_picked":["Crescendo","ThirdEye"],"picked":"Devotion","floor":3},{"not_picked":["PathToVictory","Evaluate"],"picked":"WindmillStrike","floor":4},{"not_picked":["Consecrate","BowlingBash"],"picked":"FollowUp","floor":5},{"not_picked":["BowlingBash","FlyingSleeves","Adaptation"],"picked":"SKIP","floor":6},{"not_picked":["Protect","Prostrate"],"picked":"FlurryOfBlows","floor":8},{"not_picked":["ThirdEye+1","Omniscience+1"],"picked":"FlurryOfBlows","floor":12},{"not_picked":["ThirdEye+1","Wireheading"],"picked":"EmptyFist","floor":13}],"player_experience":145716,"relics_obtained":[{"floor":6,"key":"HornCleat"}],"event_choices":[{"damage_healed":0,"gold_gain":0,"player_choice":"Trade","damage_taken":0,"relics_obtained":["SsserpentHead"],"max_hp_gain":0,"max_hp_loss":0,"event_name":"FaceTrader","floor":2,"gold_loss":0}],"is_beta":false,"boss_relics":[],"items_purged_floors":[],"is_endless":false,"potions_floor_spawned":[4,12,13],"killed_by":"Hexaghost","ascension_level":0}}