{"host":"strpjp9enjjpooof","time":1613815817,"event":{"mods":["Aspiration","BaseMod","Better Altar","Better Match","Better Note","Better Sensory Stone","Better Skull","Better Third Choice","Colored Powertips","Conspire","Energized Spire","Force Act Four","GifTheSpireLib","Halation","Hubris","Lobotomy","Minty Spire (QoL Compilation)","Relic Filter Mod","Reliquary","Replay The Spire","Spicy Shops","Spikes Relics","StSLib","Stuff the Spire","The Blue Laboratory","Together in Spire"],"gold_per_floor":[218,235,254,268,41,41,76,76,76,102,120,130,31,59,59,160,160,178,195,195,10,10,10,28,60,107,125,145,145,160,160,160,264,264,280,295,295,306,319,319,337,367,367,367,14,14,49,63,63,63,12,41,41,41],"floor_reached":53,"language":"ENG","playtime":3077,"items_purged":[],"score":611,"play_id":"13465f52-0474-4630-adbc-293a71742cdf","local_time":"20210220011017","is_ascension_mode":false,"campfire_choices":[{"data":"Survivor","floor":6,"key":"SMITH"},{"data":"Outmaneuver","floor":8,"key":"SMITH"},{"floor":15,"key":"REST"},{"data":"Corpse Explosion","floor":23,"key":"SMITH"},{"floor":29,"key":"REST"},{"floor":32,"key":"REST"},{"floor":40,"key":"REST"},{"data":"Outmaneuver","floor":44,"key":"SMITH"},{"data":"ReplayTheSpireMod:From All Sides","floor":46,"key":"SMITH"},{"data":"Outmaneuver","floor":49,"key":"SMITH"},{"data":"Apotheosis","floor":50,"key":"SMITH"}],"circlet_count":0,"master_deck":["Strike_G","Strike_G+1","Strike_G","Strike_G","Strike_G+1","Defend_G","Defend_G","Defend_G","Defend_G","Defend_G","Survivor+1","Neutralize","Outmaneuver+1","Footwork","Outmaneuver+1","Underhanded Strike","Dodge and Roll+1","Prepared","Deadly Poison","Cloak And Dagger","Acrobatics","Blade Dance","Outmaneuver","Acrobatics","ReplayTheSpireMod:From All Sides+1","StuffTheSpire:BrimstoneBlast","Backflip+1","Corpse Explosion","Blade Dance","Strike_G","Strike_G+1","Strike_G","Strike_G","Strike_G+1","Defend_G","Defend_G","Defend_G","Defend_G","Defend_G","Survivor+1","Neutralize","Outmaneuver","Footwork","Outmaneuver+1","Underhanded Strike","Dodge and Roll+1","Prepared","Deadly Poison","Cloak And Dagger","Acrobatics","Blade Dance","Outmaneuver+1","Acrobatics","ReplayTheSpireMod:From All Sides","StuffTheSpire:BrimstoneBlast","Backflip+1","Corpse Explosion+1","Blade Dance","Deadly Poison","ReplayTheSpireMod:Shiv Toss+1","Skewer","Deadly Poison","Masterful Stab+1","Phantasmal Killer","Prepared","Choke+1","Deadly Poison","Cloak And Dagger+1","Well Laid Plans","Catalyst","Apotheosis+1","StuffTheSpire:Injection","Dagger Throw","Outmaneuver+1","Quick Slash+1","Skewer+1"],"relics":["Ring of the Snake","Potion Belt","Ornamental Fan","reliquary:Firecrackers","Turnip","Whetstone","Sandwich","Paper Crane","Pet Ghost","MutagenicStrength","aspiration:SecretTechniqueScroll","Quantum Egg","reliquary:PorcupineQuills","StuffTheSpire:NeowsTribute","hubris:Potato","Letter Opener"],"acts_visited":["Exordium","TheCity","TheBeyond","TheEnding"],"potions_floor_usage":[16,16,16,18,33,33,33,33,36,41,52,53],"damage_taken":[{"damage":0,"enemies":"Cultist","floor":1,"turns":1},{"damage":0,"enemies":"Small Slimes","floor":2,"turns":3},{"damage":1,"enemies":"Jaw Worm","floor":3,"turns":3},{"damage":0,"enemies":"Looter","floor":4,"turns":3},{"damage":2,"enemies":"3 Sentries","floor":7,"turns":6},{"damage":7,"enemies":"Lagavulin","floor":10,"turns":4},{"damage":0,"enemies":"Gremlin Gang","floor":11,"turns":3},{"damage":6,"enemies":"Lots of Slimes","floor":12,"turns":2},{"damage":0,"enemies":"Gremlin Nob","floor":14,"turns":2},{"damage":0,"enemies":"Hexaghost","floor":16,"turns":5},{"damage":3,"enemies":"Spheric Guardian","floor":18,"turns":3},{"damage":0,"enemies":"Chosen","floor":19,"turns":2},{"damage":22,"enemies":"Snake Plant","floor":24,"turns":4},{"damage":3,"enemies":"conspire:SneckoGhost","floor":25,"turns":2},{"damage":5,"enemies":"conspire:HollyBat","floor":27,"turns":9},{"damage":3,"enemies":"Centurion and Healer","floor":28,"turns":3},{"damage":8,"enemies":"Shelled Parasite and Fungi","floor":30,"turns":6},{"damage":15,"enemies":"Collector","floor":33,"turns":6},{"damage":11,"enemies":"Orb Walker","floor":35,"turns":2},{"damage":0,"enemies":"3 Darklings","floor":36,"turns":2},{"damage":20,"enemies":"Transient","floor":38,"turns":2},{"damage":37,"enemies":"Writhing Mass","floor":39,"turns":5},{"damage":14,"enemies":"Maw","floor":41,"turns":4},{"damage":4,"enemies":"Nemesis","floor":42,"turns":4},{"damage":0,"enemies":"Giant Head","floor":47,"turns":4},{"damage":0,"enemies":"4 Shapes","floor":48,"turns":4},{"damage":15,"enemies":"Shield and Spear","floor":52,"turns":2},{"damage":55,"enemies":"The Heart","floor":53,"turns":4}],"seed_played":"6732334380291201236","potions_obtained":[{"floor":2,"key":"blueLaboratory:EnragingPotion"},{"floor":3,"key":"blueLaboratory:BottledHope"},{"floor":7,"key":"blueLaboratory:BubblePotion"},{"floor":10,"key":"blueLaboratory:EnvenomedCoating"},{"floor":12,"key":"blueLaboratory:EnragingPotion"},{"floor":16,"key":"AttackPotion"},{"floor":24,"key":"LiquidBronze"},{"floor":25,"key":"Toxic Potion"},{"floor":27,"key":"blueLaboratory:BottledHope"},{"floor":28,"key":"LiquidMemories"},{"floor":30,"key":"Explosive Potion"},{"floor":33,"key":"conspire:TimeTravelPotion"},{"floor":35,"key":"DistilledChaos"},{"floor":38,"key":"BlessingOfTheForge"}],"is_trial":false,"path_per_floor":["M","M","M","M","$","R","E","R","T","E","M","M","$","E","R","B",null,"M","M","?","$","?","R","M","E","T","M","M","R","M","?","R","B",null,"M","M","?","M","M","R","M","E","T","R","$","R","E","M","R","R","$","E","B"],"character_chosen":"THE_SILENT","items_purchased":["Potion Belt","Dodge and Roll+1","Prepared","Outmaneuver","AttackPotion","Corpse Explosion","Blade Dance","Apotheosis","StuffTheSpire:Injection","Dagger Throw","blueLaboratory:BottleOfVodka","Energy Potion"],"campfire_rested":4,"item_purchase_floors":[5,5,5,13,13,21,21,45,45,45,45,51],"current_hp_per_floor":[70,70,69,69,69,69,67,67,67,60,60,54,54,54,70,70,70,67,67,67,67,67,67,45,42,42,37,34,55,47,47,68,53,70,59,59,59,39,2,23,70,66,66,66,66,66,66,66,70,70,70,55,0,0],"gold":41,"neow_bonus":"HUNDRED_GOLD","is_daily":false,"chose_seed":false,"campfire_upgraded":7,"win_rate":0.0,"timestamp":1613815817,"path_taken":["M","M","M","M","$","R","E","R","T","E","M","?","$","E","R","BOSS","M","M","?","$","?","R","?","E","T","?","M","R","M","?","R","BOSS","M","M","?","M","?","R","M","E","T","R","?","R","E","M","R","R","$","E","BOSS"],"items_purchased_type":["Relic","Card","Card","Card","Potion","Card","Card","Card","Card","Card","Potion","Potion"],"build_version":"2020-12-22","purchased_purges":0,"victory":false,"max_hp_per_floor":[70,70,70,70,70,70,70,70,70,70,70,70,70,70,70,70,70,70,70,70,70,70,70,70,70,70,70,70,70,70,70,70,70,70,70,70,70,70,70,70,70,70,70,70,70,70,70,70,70,70,70,70,70,70],"card_choices":[{"not_picked":["Backflip","StuffTheSpire:Fury"],"picked":"Outmaneuver","floor":1},{"not_picked":["Bane","Hidden Blade"],"picked":"Footwork","floor":2},{"not_picked":["Slice","StuffTheSpire:BrimstoneBlast"],"picked":"Outmaneuver","floor":3},{"not_picked":["InfectiousVector","Slice"],"picked":"Underhanded Strike","floor":4},{"not_picked":["PiercingWail","ShadowRift"],"picked":"Deadly Poison","floor":7},{"not_picked":["Deflect","Dagger Throw"],"picked":"Cloak And Dagger","floor":10},{"not_picked":["StuffTheSpire:Incantation","Prepared"],"picked":"Acrobatics","floor":11},{"not_picked":["Dash","Fluid Movement"],"picked":"Blade Dance","floor":12},{"not_picked":["Quick Slash","Underhanded Strike"],"picked":"Acrobatics","floor":14},{"not_picked":["StuffTheSpire:FinalStruggle","Tools of the Trade"],"picked":"ReplayTheSpireMod:From All Sides","floor":16},{"not_picked":["Hidden Blade","hubris:Counter"],"picked":"StuffTheSpire:BrimstoneBlast","floor":18},{"not_picked":["hubris:Counter","PiercingWail"],"picked":"Backflip+1","floor":19},{"not_picked":["Accuracy","Flying Knee"],"picked":"Deadly Poison","floor":24},{"not_picked":["StuffTheSpire:ClusterCrunch","Dodge and Roll"],"picked":"ReplayTheSpireMod:Shiv Toss+1","floor":25},{"not_picked":["StuffTheSpire:MirrorStance","Deflect"],"picked":"Skewer","floor":27},{"not_picked":["Sucker Punch","Expertise"],"picked":"Deadly Poison","floor":28},{"not_picked":["StuffTheSpire:MirrorStance","Sucker Punch"],"picked":"Masterful Stab+1","floor":30},{"not_picked":["Glass Knife","aspiration:Lunge"],"picked":"Phantasmal Killer","floor":33},{"not_picked":["Slice+1","Finisher"],"picked":"Prepared","floor":35},{"not_picked":["Heel Hook+1","InfectiousVector"],"picked":"Choke+1","floor":36},{"not_picked":["Calculated Gamble+1","Dagger Spray"],"picked":"Deadly Poison","floor":38},{"not_picked":["Masterful Stab","conspire:DoublingDagger+1"],"picked":"Cloak And Dagger+1","floor":39},{"not_picked":["Setup+1","Crippling Poison+1"],"picked":"Well Laid Plans","floor":41},{"not_picked":["Poisoned Stab","ReplayTheSpireMod:Shiv Toss+1"],"picked":"Catalyst","floor":42},{"not_picked":["hubris:Sniper","Sneak Up+1"],"picked":"Outmaneuver+1","floor":47},{"not_picked":["StuffTheSpire:Fury","ReplayTheSpireMod:Exploit Weakness"],"picked":"Quick Slash+1","floor":48},{"not_picked":["Poisoned Stab","StuffTheSpire:ClusterCrunch"],"picked":"Skewer+1","floor":52}],"player_experience":169083,"relics_obtained":[{"floor":7,"key":"Ornamental Fan"},{"floor":9,"key":"reliquary:Firecrackers"},{"floor":10,"key":"Turnip"},{"floor":14,"key":"Whetstone"},{"floor":25,"key":"Paper Crane"},{"floor":26,"key":"Pet Ghost"},{"floor":42,"key":"Quantum Egg"},{"floor":43,"key":"reliquary:PorcupineQuills"},{"floor":47,"key":"StuffTheSpire:NeowsTribute"},{"floor":52,"key":"Letter Opener"}],"event_choices":[{"damage_healed":0,"gold_gain":0,"player_choice":"Ignored","damage_taken":0,"max_hp_gain":0,"max_hp_loss":0,"event_name":"betterNote:BetterNote","floor":20,"gold_loss":0,"cards_obtained":["Injury"]},{"damage_healed":0,"gold_gain":0,"player_choice":"Inject Mutagens","damage_taken":0,"relics_obtained":["MutagenicStrength"],"max_hp_gain":0,"max_hp_loss":0,"event_name":"Drug Dealer","floor":31,"gold_loss":0},{"damage_healed":0,"gold_gain":0,"player_choice":"Ignored","damage_taken":0,"max_hp_gain":0,"max_hp_loss":0,"event_name":"betterThird:BetterPortal","floor":37,"gold_loss":0}],"is_beta":false,"boss_relics":[{"not_picked":["HoveringKite","energizedSpire:MagnifyingGlass"],"picked":"Sandwich"},{"not_picked":["Fusion Hammer","hubris:ScarierMask"],"picked":"aspiration:SecretTechniqueScroll"}],"items_purged_floors":[],"is_endless":false,"potions_floor_spawned":[2,3,7,10,12,16,24,25,27,28,30,33,35,38],"killed_by":"The Heart","ascension_level":0}}