{"host":"1eshbq9n813iloto","time":1613852413,"event":{"mods":["AchievementEnabler","BaseMod","Better Third Choice","Hubris","Infinite Spire","Lobotomy","LobotomyExtend","Minty Spire (QoL Compilation)","Spire Arcade","StSLib"],"gold_per_floor":[119,119,135,147,167,193,193,193,246,246,262,262,278,353,353,450,450,466,466,142,154,159,159,177,191,191,191,191,191,211,227,227,309,309,279,279,279,296,296,310,310,321,347,382,296,296,307,323,323,323,323],"floor_reached":50,"language":"ENG","playtime":3951,"items_purged":["Strike_R"],"score":501,"play_id":"b7691097-ce58-4fb2-8924-8488f6f96b22","local_time":"20210220152013","is_ascension_mode":false,"campfire_choices":[{"floor":8,"key":"REST"},{"floor":12,"key":"REST"},{"data":"Disarm","floor":15,"key":"SMITH"},{"data":"Dark Embrace","floor":23,"key":"SMITH"},{"data":"Uppercut","floor":29,"key":"SMITH"},{"data":"Spot Weakness","floor":32,"key":"SMITH"},{"floor":46,"key":"REST"},{"floor":49,"key":"REST"}],"circlet_count":0,"master_deck":["Apo_SoulSlash","Apo_Charge","Apo_Charge","Apo_Charge","Apo_Charge","Apo_Beam","Apo_Beam","Apo_Beam","Apo_Execute","Apo_Slash","Apo_Slash","Apo_SoulSlash","Rudolta","HappyTeddy","SingingMachine","RedShoes","LongBird","HeroicMonk"],"relics":["Burning Blood","CogitoBucket","LetterFromLob","hubris:PeanutButter","Oddly Smooth Stone","hubris:64BitClover","Whetstone","Theresia","hubris:GrandSneckoEye","Mummified Hand","hubris:SlimyHat","Omamori","infinitespire:Cupcake","ApostleMask","hubris:Icosahedron","hubris:IronBody","Ancient Tea Set","Regal Pillow","Mango","Bag of Preparation"],"acts_visited":["Exordium","TheCity","TheBeyond"],"potions_floor_usage":[6,22,22,33,35,44,48],"damage_taken":[{"damage":6,"enemies":"Jaw Worm","floor":1,"turns":3},{"damage":22,"enemies":"Cultist","floor":3,"turns":5},{"damage":2,"enemies":"2 Louse","floor":4,"turns":2},{"damage":12,"enemies":"2 Fungi Beasts","floor":5,"turns":3},{"damage":50,"enemies":"Lagavulin","floor":6,"turns":6},{"damage":14,"enemies":"Lots of Slimes","floor":11,"turns":4},{"damage":0,"enemies":"Large Slime","floor":13,"turns":3},{"damage":2,"enemies":"Slime Boss","floor":16,"turns":6},{"damage":0,"enemies":"Shell Parasite","floor":18,"turns":2},{"damage":16,"enemies":"2 Thieves","floor":21,"turns":3},{"damage":44,"enemies":"Snake Plant","floor":22,"turns":7},{"damage":0,"enemies":"Snecko","floor":24,"turns":3},{"damage":22,"enemies":"Cultist and Chosen","floor":25,"turns":5},{"damage":2,"enemies":"3 Cultists","floor":30,"turns":4},{"damage":1,"enemies":"Centurion and Healer","floor":31,"turns":4},{"damage":92,"enemies":"Collector","floor":33,"turns":6},{"damage":0,"enemies":"3 Darklings","floor":38,"turns":2},{"damage":0,"enemies":"3 Shapes","floor":40,"turns":1},{"damage":0,"enemies":"Jaw Worm Horde","floor":42,"turns":1},{"damage":17,"enemies":"Reptomancer","floor":44,"turns":5},{"damage":4,"enemies":"4 Shapes","floor":47,"turns":1},{"damage":0,"enemies":"3 Darklings","floor":48,"turns":2},{"damage":61,"enemies":"infinitespire:MassOfShapes","floor":50,"turns":4}],"seed_played":"5560845225721946952","potions_obtained":[{"floor":3,"key":"PowerPotion"},{"floor":11,"key":"BlessingOfTheForge"},{"floor":18,"key":"Weak Potion"},{"floor":22,"key":"AttackPotion"},{"floor":30,"key":"GamblersBrew"},{"floor":44,"key":"SkillPotion"}],"is_trial":false,"path_per_floor":["M","?","M","M","M","E","?","R","T","?","M","R","M","?","R","B",null,"M","?","$","M","M","R","M","M","T","?","?","R","M","M","R","B",null,"M","?","?","M","?","M","T","M","T","E","?","R","M","M","R","B"],"character_chosen":"IRONCLAD","items_purchased":["Mummified Hand"],"campfire_rested":4,"item_purchase_floors":[20],"current_hp_per_floor":[80,80,64,80,80,42,4,28,28,28,44,68,80,69,69,80,80,80,80,80,80,77,77,80,80,80,80,80,80,80,80,80,25,80,80,80,80,80,80,80,80,80,80,63,63,63,59,59,59,0,0],"gold":323,"neow_bonus":"","is_daily":false,"chose_seed":false,"campfire_upgraded":4,"win_rate":0.0,"timestamp":1613852413,"path_taken":["M","?","?","M","M","E","?","R","T","?","M","R","M","?","R","BOSS","M","?","$","M","M","R","M","M","T","?","?","R","M","M","R","BOSS","M","?","?","M","?","M","?","M","T","E","?","R","M","M","R","BOSS"],"items_purchased_type":["Relic"],"build_version":"2020-12-13","purchased_purges":1,"victory":false,"max_hp_per_floor":[80,80,80,80,80,80,80,80,80,80,80,80,80,80,80,80,80,80,80,80,80,80,80,80,80,80,80,80,80,80,80,80,80,80,80,80,80,80,80,80,80,80,80,94,94,94,94,94,94,94,94],"card_choices":[{"not_picked":["FairyFestival","LaLuna"],"picked":"MHz","floor":1},{"not_picked":["Clothesline","Anger"],"picked":"infinitespire:OneForAll","floor":1},{"not_picked":["Porccubus","Scorched"],"picked":"Woodsman","floor":3},{"not_picked":["Clash","Headbutt","Anger"],"picked":"SKIP","floor":3},{"not_picked":["RedShoes","CherryBlossoms"],"picked":"CrumblingArmor","floor":4},{"not_picked":["Pommel Strike","Infernal Blade"],"picked":"Twin Strike","floor":4},{"not_picked":["SingingMachine","QueenOfHatred"],"picked":"Murderer","floor":5},{"not_picked":["Pommel Strike","Body Slam"],"picked":"Shockwave","floor":5},{"not_picked":["ShyLook","CherryBlossoms"],"picked":"Scorched","floor":6},{"not_picked":["Demon Form","Clothesline","Iron Wave"],"picked":"SKIP","floor":6},{"not_picked":["BeautyBeast","Alriune"],"picked":"LittlePrince","floor":11},{"not_picked":["Bludgeon","Flex"],"picked":"Shrug It Off","floor":11},{"not_picked":["OldLady","WallGazer"],"picked":"Wellcheers","floor":13},{"not_picked":["Shrug It Off","Iron Wave"],"picked":"Disarm","floor":13},{"not_picked":["Funeral","HeroicMonk"],"picked":"PunishingBird","floor":16},{"not_picked":["Berserk","Limit Break"],"picked":"Impervious","floor":16},{"not_picked":["QueenOfHatred","FairyFestival"],"picked":"Freischutz","floor":18},{"not_picked":["Warcry","Cleave"],"picked":"Flame Barrier+1","floor":18},{"not_picked":["Yin","BigBird"],"picked":"DespairKnight","floor":21},{"not_picked":["Body Slam","Blood for Blood"],"picked":"Dark Embrace","floor":21},{"not_picked":["FieryBird","OldLady"],"picked":"OSAHOGD","floor":22},{"not_picked":["Anger","Wild Strike","Iron Wave"],"picked":"SKIP","floor":22},{"not_picked":["Anger","Wild Strike","Iron Wave"],"picked":"SKIP","floor":22},{"not_picked":["ShyLook","UniverseFragment"],"picked":"CherryBlossoms","floor":24},{"not_picked":["Fire Breathing+1","Bloodletting"],"picked":"Spot Weakness","floor":24},{"not_picked":["MeatLantern","Variant"],"picked":"LaLuna","floor":25},{"not_picked":["Battle Trance","hubris:ReadiedAction+1"],"picked":"Uppercut","floor":25},{"not_picked":["SpiderBud","SingingMachine"],"picked":"PlagueDoctor","floor":30},{"not_picked":["Body Slam+1","Flex"],"picked":"Dropkick","floor":30},{"not_picked":["Laetitia","Yin"],"picked":"ShyLook","floor":31},{"not_picked":["Disarm","Thunderclap","infinitespire:OneForAll+1"],"picked":"SKIP","floor":31},{"not_picked":["BeautyBeast","WallGazer"],"picked":"GalaxyChild","floor":33},{"not_picked":["Bludgeon","Demon Form"],"picked":"Reaper","floor":33},{"not_picked":["CherryBlossoms","GalaxyChild"],"picked":"Rudolta","floor":38},{"not_picked":["Iron Wave","hubris:CleavingFinish+1","Wild Strike+1"],"picked":"SKIP","floor":38},{"not_picked":["Iron Wave","hubris:CleavingFinish+1","Wild Strike+1"],"picked":"SKIP","floor":38},{"not_picked":["Wellcheers","BigBadWolf"],"picked":"HappyTeddy","floor":40},{"not_picked":["hubris:CleavingFinish","Warcry","Twin Strike+1"],"picked":"SKIP","floor":40},{"not_picked":["hubris:CleavingFinish","Warcry","Twin Strike+1"],"picked":"SKIP","floor":40},{"not_picked":["PunishingBird","LittleHelper"],"picked":"SingingMachine","floor":42},{"not_picked":["Fire Breathing","Clothesline+1","Rampage"],"picked":"SKIP","floor":42},{"not_picked":["Fire Breathing","Clothesline+1","Rampage"],"picked":"SKIP","floor":42},{"not_picked":["DespairKnight","SilentOrchestra"],"picked":"RedShoes","floor":44},{"not_picked":["Headbutt","Flame Barrier+1","Clothesline"],"picked":"SKIP","floor":44},{"not_picked":["Headbutt","Flame Barrier+1","Clothesline"],"picked":"SKIP","floor":44},{"not_picked":["Headbutt","Flame Barrier+1","Clothesline"],"picked":"SKIP","floor":44},{"not_picked":["LaLuna","Laetitia"],"picked":"LongBird","floor":47},{"not_picked":["Anger","Evolve","Cleave+1"],"picked":"SKIP","floor":47},{"not_picked":["Anger","Evolve","Cleave+1"],"picked":"SKIP","floor":47},{"not_picked":["Anger","Evolve","Cleave+1"],"picked":"SKIP","floor":47},{"not_picked":["QueenBee","Variant"],"picked":"HeroicMonk","floor":48},{"not_picked":["Thunderclap+1","Cleave","Power Through+1"],"picked":"SKIP","floor":48}],"player_experience":54728,"relics_obtained":[{"floor":1,"key":"LetterFromLob"},{"floor":6,"key":"hubris:PeanutButter"},{"floor":9,"key":"Whetstone"},{"floor":24,"key":"hubris:SlimyHat"},{"floor":26,"key":"Omamori"},{"floor":41,"key":"hubris:IronBody"},{"floor":42,"key":"Ancient Tea Set"},{"floor":43,"key":"Regal Pillow"},{"floor":44,"key":"Mango"}],"event_choices":[{"cards_removed":["Strike_R"],"damage_healed":0,"gold_gain":0,"player_choice":"Purged","damage_taken":0,"max_hp_gain":0,"max_hp_loss":0,"event_name":"Purifier","floor":2,"gold_loss":0},{"damage_healed":0,"gold_gain":1,"player_choice":"Relic Relic ","damage_taken":38,"max_hp_gain":0,"max_hp_loss":0,"event_name":"betterThird:BetterScrap","floor":7,"gold_loss":0,"cards_obtained":["Malaise"]},{"damage_healed":0,"gold_gain":0,"player_choice":"Forge","damage_taken":0,"max_hp_gain":0,"max_hp_loss":0,"event_name":"Accursed Blacksmith","floor":10,"gold_loss":0,"cards_upgraded":["Shockwave"]},{"damage_healed":0,"gold_gain":75,"player_choice":"Gold","damage_taken":11,"max_hp_gain":0,"max_hp_loss":0,"event_name":"betterThird:BetterGoop","floor":14,"gold_loss":0},{"damage_healed":0,"gold_gain":0,"player_choice":"Ignored","damage_taken":0,"max_hp_gain":0,"max_hp_loss":0,"event_name":"Vampires","floor":19,"gold_loss":0},{"cards_removed":["Strike_R"],"damage_healed":0,"gold_gain":0,"player_choice":"Elegance","damage_taken":0,"max_hp_gain":0,"max_hp_loss":0,"event_name":"betterThird:BetterWriting","floor":27,"gold_loss":0},{"damage_healed":0,"gold_gain":0,"player_choice":"Ignored","damage_taken":0,"max_hp_gain":0,"max_hp_loss":0,"event_name":"Ghosts","floor":28,"gold_loss":0},{"damage_healed":20,"gold_gain":0,"player_choice":"Writhe","damage_taken":0,"max_hp_gain":0,"max_hp_loss":0,"event_name":"Winding Halls","floor":39,"gold_loss":0,"cards_obtained":["Writhe"]},{"damage_healed":0,"gold_gain":0,"player_choice":"Paid Gold","damage_taken":0,"relics_obtained":["Bag of Preparation"],"max_hp_gain":0,"max_hp_loss":0,"event_name":"WeMeetAgain","floor":45,"gold_loss":86}],"is_beta":false,"boss_relics":[{"not_picked":["Busted Crown","hubris:TerracottaHorce"],"picked":"hubris:GrandSneckoEye"},{"not_picked":["Black Star","Runic Dome"],"picked":"infinitespire:Cupcake"}],"items_purged_floors":[20],"is_endless":false,"potions_floor_spawned":[3,11,18,22,30,44],"killed_by":"infinitespire:MassOfShapes","ascension_level":0}}