{"host":"xg4r5pv6chpuampg","time":1613851374,"event":{"mods":["AchievementEnabler","BaseMod","Googly Eyes","Minty Spire (QoL Compilation)"],"gold_per_floor":[112,112,124,124,124,154,154,185,257,257,257,288,298,325,325,325,325],"floor_reached":16,"language":"ENG","playtime":749,"items_purged":[],"score":159,"play_id":"4a268ed7-e28e-4f96-a065-84d35083d038","local_time":"20210220230254","is_ascension_mode":true,"campfire_choices":[{"data":"Vigilance","floor":7,"key":"SMITH"},{"floor":11,"key":"REST"},{"floor":15,"key":"REST"}],"circlet_count":0,"master_deck":["Strike_P","Strike_P+1","Strike_P","Defend_P","Defend_P","Defend_P","Defend_P","Eruption+1","Vigilance+1","ThirdEye","WheelKick","Blasphemy","FearNoEvil","SashWhip","LikeWater","EmptyBody"],"relics":["PureWater","NeowsBlessing","Potion Belt","Pantograph","Bottled Flame","Ancient Tea Set","Oddly Smooth Stone","Lantern"],"acts_visited":["Exordium"],"potions_floor_usage":[14,14,14],"damage_taken":[{"damage":0,"enemies":"2 Louse","floor":1,"turns":1},{"damage":0,"enemies":"Small Slimes","floor":3,"turns":1},{"damage":0,"enemies":"3 Sentries","floor":6,"turns":1},{"damage":31,"enemies":"Lagavulin","floor":8,"turns":3},{"damage":24,"enemies":"Gremlin Nob","floor":12,"turns":4},{"damage":3,"enemies":"Jaw Worm","floor":13,"turns":2},{"damage":14,"enemies":"3 Sentries","floor":14,"turns":10},{"damage":55,"enemies":"Hexaghost","floor":16,"turns":14}],"seed_played":"-1618326282380776498","potions_obtained":[{"floor":1,"key":"Energy Potion"},{"floor":8,"key":"SpeedPotion"},{"floor":12,"key":"SteroidPotion"},{"floor":13,"key":"LiquidMemories"}],"is_trial":false,"path_per_floor":["M","?","M","?","?","E","R","E","T","?","R","E","M","E","R","B"],"character_chosen":"WATCHER","items_purchased":[],"campfire_rested":2,"item_purchase_floors":[],"current_hp_per_floor":[72,58,58,63,63,63,63,32,32,20,43,19,16,2,25,0,0],"gold":325,"neow_bonus":"THREE_ENEMY_KILL","is_daily":false,"chose_seed":false,"campfire_upgraded":1,"win_rate":0.0,"timestamp":1613851374,"path_taken":["M","?","M","?","?","E","R","E","T","?","R","E","M","E","R","BOSS"],"items_purchased_type":[],"build_version":"2020-12-22","purchased_purges":0,"victory":false,"max_hp_per_floor":[72,72,72,77,77,77,77,77,77,77,77,77,77,77,77,77,77],"card_choices":[{"not_picked":["Indignation","BowlingBash"],"picked":"ThirdEye","floor":1},{"not_picked":["LikeWater","WreathOfFlame"],"picked":"WheelKick","floor":3},{"not_picked":["Protect","Vengeance"],"picked":"FearNoEvil","floor":6},{"not_picked":["FlyingSleeves","BowlingBash"],"picked":"SashWhip","floor":8},{"not_picked":["Brilliance","PathToVictory"],"picked":"LikeWater","floor":12},{"not_picked":["WreathOfFlame","JustLucky","Crescendo"],"picked":"SKIP","floor":13},{"not_picked":["Wireheading","Meditate"],"picked":"EmptyBody","floor":14}],"player_experience":146714,"relics_obtained":[{"floor":6,"key":"Potion Belt"},{"floor":8,"key":"Pantograph"},{"floor":9,"key":"Bottled Flame"},{"floor":12,"key":"Oddly Smooth Stone"},{"floor":14,"key":"Lantern"}],"event_choices":[{"damage_healed":0,"gold_gain":0,"player_choice":"Entered Light","damage_taken":14,"max_hp_gain":0,"max_hp_loss":0,"event_name":"Shining Light","floor":2,"gold_loss":0,"cards_upgraded":["Eruption","Strike_P"]},{"damage_healed":0,"gold_gain":0,"player_choice":"Donut","damage_taken":0,"max_hp_gain":5,"max_hp_loss":0,"event_name":"Big Fish","floor":4,"gold_loss":0},{"damage_healed":0,"gold_gain":0,"cards_transformed":["Strike_P"],"player_choice":"Change","damage_taken":0,"max_hp_gain":0,"max_hp_loss":0,"event_name":"Living Wall","floor":5,"gold_loss":0,"cards_obtained":["Blasphemy"]},{"damage_healed":0,"gold_gain":0,"player_choice":"Success","damage_taken":12,"relics_obtained":["Ancient Tea Set"],"max_hp_gain":0,"max_hp_loss":0,"event_name":"Scrap Ooze","floor":10,"gold_loss":0}],"is_beta":false,"boss_relics":[],"items_purged_floors":[],"is_endless":false,"potions_floor_spawned":[1,8,12,13],"killed_by":"Hexaghost","ascension_level":1}}