{"host":"8u9gkmadxi1im6dj","time":1613830743,"event":{"mods":["Act Like it!","Bard","BaseMod","Block Reminder","Colored Map","Colored Powertips","DeckTracker","Downfall","Infinite Spire","Jorbs\u0027s Wanderer Trilogy","Marisa????????","Minty Spire (QoL Compilation)","Pale of the Ancients","Permanent Neow","Quick Restart","Random Character Button","Relic Sorter","Relic Stats","Replay The Spire","Shade Mod","StSLib","The Bug Knight","The Cursed","The IronCluck","The Necromancer","The Servant 0.9.4"],"gold_per_floor":[118,118,118,128,128,162,162,40,40,64,100,100,0,21,111,235,235,259,259,277,277,297,318,318,318],"floor_reached":24,"language":"ENG","playtime":1053,"items_purged":["Strike_G","Amnesia"],"score":266,"play_id":"2a2bf84c-6a43-41e2-8605-59528ae18a83","local_time":"20210220151903","is_ascension_mode":true,"campfire_choices":[{"data":"Prepared","floor":7,"key":"SMITH"},{"data":"Neutralize","floor":7,"key":"SMITH"},{"floor":12,"key":"REST"}],"circlet_count":0,"master_deck":["Strike_G","Strike_G","Defend_G","Defend_G","Defend_G","Defend_G","Defend_G","Survivor","Neutralize+1","Corpse Explosion","Prepared+1","Deadly Poison","Poisoned Stab","Poisoned Stab","Dodge and Roll","Night Terror","Deadly Poison","Backflip","Deadly Poison+1","Backstab+1"],"relics":["Ring of the Snake","ReplayTheSpireMod:Ring of Collecting","ReplayTheSpireMod:Ring of Exchange","Blue Candle","Golden Idol","Replay:Arrowhead","Ring of Peace","Regal Pillow","TwistedFunnel","Replay:Kaleidoscope"],"acts_visited":["Exordium","TheCity"],"potions_floor_usage":[11,16,24,24],"damage_taken":[{"damage":1,"enemies":"Jaw Worm","floor":1,"turns":6},{"damage":3,"enemies":"2 Louse","floor":4,"turns":3},{"damage":26,"enemies":"Lagavulin","floor":6,"turns":6},{"damage":0,"enemies":"Cultist","floor":10,"turns":3},{"damage":12,"enemies":"3 Sentries","floor":11,"turns":4},{"damage":0,"enemies":"2 Fungi Beasts","floor":14,"turns":2},{"damage":27,"enemies":"Fading Forest","floor":16,"turns":11},{"damage":14,"enemies":"2 Thieves","floor":18,"turns":3},{"damage":0,"enemies":"3 Byrds","floor":20,"turns":3},{"damage":14,"enemies":"Centurion and Healer","floor":22,"turns":5},{"damage":26,"enemies":"Shelled Parasite and Fungi","floor":23,"turns":5},{"damage":17,"enemies":"Gremlin Leader","floor":24,"turns":5}],"seed_played":"-8293394328855547353","potions_obtained":[{"floor":6,"key":"Poison Potion"},{"floor":10,"key":"PowerPotion"},{"floor":16,"key":"PowerPotion"},{"floor":23,"key":"Venom Potion"}],"is_trial":false,"path_per_floor":["M","?","?","M","?","E","R","$","T","M","E","R","$","M","R_BF","B",null,"M","?","M","AVR","M","M","E"],"character_chosen":"THE_SILENT","items_purchased":["Poisoned Stab"],"campfire_rested":1,"item_purchase_floors":[8],"current_hp_per_floor":[69,69,64,61,61,35,35,35,35,35,23,57,57,57,57,30,65,51,51,51,51,37,11,0,0],"gold":318,"neow_bonus":"RANDOM_EVENT","is_daily":false,"chose_seed":false,"campfire_upgraded":2,"win_rate":0.0,"timestamp":1613830743,"path_taken":["M","?","?","M","?","E","R","$","T","M","E","R","?","?","R_BF","BOSS","M","?","M","AVR","M","?","E"],"items_purchased_type":["Card"],"build_version":"2020-12-22","purchased_purges":2,"victory":false,"max_hp_per_floor":[70,70,70,70,65,65,65,65,65,65,65,65,65,65,65,65,65,65,65,65,65,65,65,65,65],"relic_stats":{"Regal Pillow":15,"counters":[12,56],"Golden Idol":83,"Blue Candle":[2],"obtain_stats":[{"TwistedFunnel":17,"ReplayTheSpireMod:Ring of Exchange":2,"Regal Pillow":11,"Golden Idol":5,"ReplayTheSpireMod:Ring of Collecting":2,"Blue Candle":3,"Ring of Peace":9,"Replay:Kaleidoscope":21,"Replay:Arrowhead":6,"Ring of the Snake":0},{"TwistedFunnel":7,"ReplayTheSpireMod:Ring of Exchange":1,"Regal Pillow":5,"Golden Idol":2,"ReplayTheSpireMod:Ring of Collecting":1,"Blue Candle":1,"Ring of Peace":3,"Replay:Kaleidoscope":9,"Replay:Arrowhead":3,"Ring of the Snake":0},{"TwistedFunnel":35,"ReplayTheSpireMod:Ring of Exchange":6,"Regal Pillow":22,"Golden Idol":9,"ReplayTheSpireMod:Ring of Collecting":6,"Blue Candle":6,"Ring of Peace":15,"Replay:Kaleidoscope":41,"Replay:Arrowhead":15,"Ring of the Snake":0}],"Ring of the Snake":[24]},"card_choices":[{"not_picked":["Choke","Blade Dance"],"picked":"Prepared","floor":1},{"not_picked":["Flechettes","Masterful Stab"],"picked":"Deadly Poison","floor":4},{"not_picked":["Sucker Punch","Escape Plan"],"picked":"Poisoned Stab","floor":6},{"not_picked":["Acrobatics","Predator","Flying Knee"],"picked":"SKIP","floor":10},{"not_picked":["Acrobatics","Predator","Flying Knee"],"picked":"SKIP","floor":10},{"not_picked":["Slice","Caltrops"],"picked":"Dodge and Roll","floor":11},{"not_picked":["Slice","Sucker Punch","Blade Dance"],"picked":"SKIP","floor":14},{"not_picked":["ReplayTheSpireMod:Necrosis","ReplayTheSpireMod:From All Sides"],"picked":"Night Terror","floor":16},{"not_picked":["Distraction","Accuracy"],"picked":"Deadly Poison","floor":18},{"not_picked":["Flying Knee","ReplayTheSpireMod:Tripwire"],"picked":"Backflip","floor":20},{"not_picked":["Predator+1","Quick Slash"],"picked":"Deadly Poison+1","floor":22},{"not_picked":["Reflex+1","Outmaneuver"],"picked":"Backstab+1","floor":23}],"player_experience":106828,"relics_obtained":[{"floor":2,"key":"ReplayTheSpireMod:Ring of Collecting"},{"floor":2,"key":"ReplayTheSpireMod:Ring of Exchange"},{"floor":6,"key":"Replay:Arrowhead"},{"floor":9,"key":"Ring of Peace"},{"floor":11,"key":"Regal Pillow"}],"event_choices":[{"damage_healed":0,"gold_gain":0,"cards_transformed":["Strike_G"],"player_choice":"Change","damage_taken":0,"max_hp_gain":0,"max_hp_loss":0,"event_name":"Living Wall","floor":0,"gold_loss":0,"cards_obtained":["Corpse Explosion"]},{"damage_healed":0,"gold_gain":0,"player_choice":"Lose Max HP","damage_taken":0,"relics_obtained":["Golden Idol"],"max_hp_gain":0,"max_hp_loss":5,"event_name":"Golden Idol","floor":5,"gold_loss":0},{"cards_removed":["Strike_G"],"damage_healed":0,"gold_gain":0,"player_choice":"Offered Basic","damage_taken":0,"max_hp_gain":0,"max_hp_loss":0,"event_name":"Bonfire Elementals","floor":19,"gold_loss":0}],"is_beta":false,"boss_relics":[{"not_picked":["ReplayTheSpireMod:CursedCoin","Guide Book"],"picked":"TwistedFunnel"}],"items_purged_floors":[8,13],"is_endless":false,"potions_floor_spawned":[6,10,16,23],"killed_by":"Gremlin Leader","ascension_level":3}}