{"host":"2qyxu97h6u4ukicb","time":1613780501,"event":{"mods":["AchievementEnabler","BaseMod","BetterRewards","Colored Map","Colored Powertips","Minty Spire (QoL Compilation)","Replay The Spire","Shop Mod","StSLib"],"gold_per_floor":[112,112,112,130,130,130,130,141,211,211,241,241,275,287,287,389,389,402,416,416,431,431,431,459,459,459,471,482,482,515,485,485,586,586,605,1604,1604,1283,1283,1283,1294,1294,1294,1351,1382,1382,1414,1439,1439,1461,1461,1461,1026,1073,1085,1085],"floor_reached":55,"language":"ENG","playtime":2720,"items_purged":["Normality","Normality"],"score":763,"play_id":"ce5dc239-2a0a-45f1-bb6d-6fc56ac7bf3c","local_time":"20210219182141","is_ascension_mode":false,"campfire_choices":[{"data":"Run Through","floor":6,"key":"SMITH"},{"data":"ReplayTheSpireMod:Limb From Limb","floor":10,"key":"SMITH"},{"data":"Anger","floor":15,"key":"SMITH"},{"data":"Bash","floor":23,"key":"SMITH"},{"floor":29,"key":"RECALL"},{"floor":32,"key":"REST"},{"data":"Immolate","floor":40,"key":"SMITH"},{"data":"Heavy Blade","floor":42,"key":"SMITH"}],"circlet_count":0,"master_deck":["Strike_R+1","Strike_R","Strike_R","Strike_R","Strike_R","Defend_R","Defend_R","Defend_R","Bash+1","Spot Weakness+1","Run Through+1","ReplayTheSpireMod:Limb From Limb+1","Anger+1","Twin Strike+1","Feed","Armaments+1","Necronomicurse","Thunderclap+1","Run Through+1","Immolate+1","CurseOfTheBell","Transmutation+1","Heavy Blade+1","Fire Breathing+1","Wild Strike+1","Poisoned Strike"],"relics":["Burning Blood","NeowsBlessing","Darkstone Periapt","Paper Frog","Pantograph","Velvet Choker","Ring of Fury","ReplayTheSpireMod:Ring of Addiction","Chameleon Ring","Toy Ornithopter","Necronomicon","Replay:Mystery Machine","Nunchaku","Toxic Egg 2","MerchantsRug","Strange Spoon","Replay:Bandana","Pocketwatch","Snack Pack","Brimstone","Sundial"],"acts_visited":["Exordium","TheCity","TheBeyond","TheEnding"],"potions_floor_usage":[11,16,16,21,24,24,27,30,30,33,41,44,45,47,50,50,50,50,50,50,50,50,50,54,54,55],"damage_taken":[{"damage":0,"enemies":"2 Louse","floor":1,"turns":1},{"damage":0,"enemies":"Small Slimes","floor":4,"turns":2},{"damage":0,"enemies":"Cultist","floor":8,"turns":1},{"damage":13,"enemies":"Gremlin Nob","floor":11,"turns":4},{"damage":31,"enemies":"Lagavulin","floor":13,"turns":4},{"damage":6,"enemies":"Exordium Thugs","floor":14,"turns":3},{"damage":33,"enemies":"The Guardian","floor":16,"turns":7},{"damage":0,"enemies":"Chosen","floor":18,"turns":3},{"damage":10,"enemies":"2 Thieves","floor":19,"turns":3},{"damage":22,"enemies":"Snecko","floor":21,"turns":4},{"damage":6,"enemies":"Book of Stabbing","floor":24,"turns":2},{"damage":32,"enemies":"Snake Plant","floor":27,"turns":4},{"damage":4,"enemies":"Centurion and Healer","floor":28,"turns":2},{"damage":40,"enemies":"Slavers","floor":30,"turns":3},{"damage":23,"enemies":"Champ","floor":33,"turns":5},{"damage":14,"enemies":"3 Shapes","floor":35,"turns":2},{"damage":0,"enemies":"3 Darklings","floor":41,"turns":1},{"damage":11,"enemies":"2 Orb Walkers","floor":44,"turns":2},{"damage":30,"enemies":"Spire Growth","floor":45,"turns":4},{"damage":31,"enemies":"Writhing Mass","floor":47,"turns":3},{"damage":6,"enemies":"4 Shapes","floor":48,"turns":1},{"damage":58,"enemies":"Donu and Deca","floor":50,"turns":6},{"damage":51,"enemies":"Shield and Spear","floor":54,"turns":4},{"damage":146,"enemies":"The Heart","floor":55,"turns":3}],"seed_played":"2034171549944227299","potions_obtained":[{"floor":1,"key":"Weak Potion"},{"floor":13,"key":"LiquidBronze"},{"floor":14,"key":"HeartOfIron"},{"floor":20,"key":"Cursed Concoction"},{"floor":20,"key":"SpeedPotion"},{"floor":20,"key":"Elixir"},{"floor":24,"key":"Dexterity Potion"},{"floor":25,"key":"Cursed Concoction"},{"floor":25,"key":"Elixir"},{"floor":30,"key":"BloodPotion"},{"floor":31,"key":"EntropicBrew"},{"floor":31,"key":"Flashbang"},{"floor":33,"key":"Weak Potion"},{"floor":41,"key":"HeartOfIron"},{"floor":44,"key":"PowerPotion"},{"floor":47,"key":"Swift Potion"},{"floor":49,"key":"LifebloodPotion"},{"floor":49,"key":"BlessingOfTheForge"},{"floor":52,"key":"ColorlessPotion"}],"is_trial":false,"path_per_floor":["M","?","?","M","?","R","$","M","T","R","E","$","E","M","R","B",null,"M","M","?","M","?","R","E","R","T","M","M","R","E","?","R","B",null,"M","?","?","$","?","R","M","R","T","?","M","T","M","M","R","B",null,"R","$","E","B"],"character_chosen":"IRONCLAD","items_purchased":["MerchantsRug","Strange Spoon","Brimstone","Poisoned Strike"],"campfire_rested":1,"item_purchase_floors":[38,38,53,53],"current_hp_per_floor":[80,80,80,80,80,80,80,80,80,80,73,73,48,48,48,46,80,80,79,79,70,60,60,70,70,70,49,51,51,30,30,58,75,119,115,127,127,127,127,127,131,131,131,126,107,107,127,127,127,118,131,131,131,93,0,0],"gold":1085,"neow_bonus":"THREE_ENEMY_KILL","is_daily":false,"chose_seed":false,"campfire_upgraded":6,"win_rate":0.0,"timestamp":1613780501,"path_taken":["M","?","?","M","?","R","$","?","T","R","E","?","E","?","R","BOSS","M","M","?","M","?","R","E","R","T","M","?","R","E","?","R","BOSS","M","?","?","$","?","R","?","R","T","?","M","?","?","M","R","BOSS","R","$","E","BOSS"],"items_purchased_type":["Relic","Relic","Relic","Card"],"build_version":"2020-12-22","purchased_purges":2,"victory":false,"max_hp_per_floor":[80,80,80,80,80,80,80,80,80,80,80,80,80,80,80,80,80,80,83,83,86,92,92,92,92,92,92,92,92,95,95,95,99,119,123,135,133,133,133,131,131,131,131,131,131,131,131,131,131,131,131,131,131,129,129,129],"card_choices":[{"not_picked":["Warcry","Replay:Undeath\u0027s Touch"],"picked":"Spot Weakness","floor":1},{"not_picked":["Thunderclap","Wild Strike"],"picked":"Run Through","floor":4},{"not_picked":["ReplayTheSpireMod:Strike From Hell","Clash"],"picked":"ReplayTheSpireMod:Limb From Limb","floor":8},{"not_picked":["Pommel Strike","Sword Boomerang"],"picked":"Anger","floor":11},{"not_picked":["Sentinel","Pommel Strike","Exhume"],"picked":"SKIP","floor":13},{"not_picked":["ReplayTheSpireMod:Strike From Hell","Intimidate"],"picked":"Twin Strike","floor":14},{"not_picked":["Brutality","Fiend Fire"],"picked":"Feed","floor":16},{"not_picked":["Searing Blow","ReplayTheSpireMod:Strike From Hell","Warcry+1"],"picked":"SKIP","floor":18},{"not_picked":["True Grit","Sword Boomerang"],"picked":"Armaments+1","floor":19},{"not_picked":["Life Link+1","Searing Blow","Body Slam"],"picked":"SKIP","floor":21},{"not_picked":["Bloodletting","Feel No Pain"],"picked":"Thunderclap+1","floor":24},{"not_picked":["Replay:Undeath\u0027s Touch","Dropkick","Shockwave"],"picked":"SKIP","floor":27},{"not_picked":["Thunderclap+1","Anger","Sword Boomerang"],"picked":"SKIP","floor":28},{"not_picked":["Body Slam","Metallicize"],"picked":"Run Through+1","floor":30},{"not_picked":["Berserk","Juggernaut"],"picked":"Immolate","floor":33},{"not_picked":["Body Slam+1","Twin Strike","Hemokinesis"],"picked":"SKIP","floor":35},{"not_picked":["Replay:Sssssssssstrike","ReplayTheSpireMod:Trickstab"],"picked":"Transmutation+1","floor":37},{"not_picked":["Anger+1","Armaments+1"],"picked":"Heavy Blade","floor":41},{"not_picked":["Perfected Strike","Warcry+1"],"picked":"Fire Breathing+1","floor":44},{"not_picked":["Replay:Undeath\u0027s Touch","Body Slam+1"],"picked":"Wild Strike+1","floor":45},{"not_picked":["Warcry+1","Havoc+1","Thunderclap+1"],"picked":"SKIP","floor":47},{"not_picked":["Clash+1","Perfected Strike","Feel No Pain+1"],"picked":"SKIP","floor":48},{"not_picked":["Shrug It Off+1","Armaments+1","Fiend Fire"],"picked":"SKIP","floor":54}],"player_experience":837929,"relics_obtained":[{"floor":9,"key":"Darkstone Periapt"},{"floor":11,"key":"Paper Frog"},{"floor":13,"key":"Pantograph"},{"floor":20,"key":"Ring of Fury"},{"floor":20,"key":"ReplayTheSpireMod:Ring of Addiction"},{"floor":20,"key":"Chameleon Ring"},{"floor":20,"key":"Toy Ornithopter"},{"floor":22,"key":"Necronomicon"},{"floor":24,"key":"Whetstone"},{"floor":30,"key":"Replay:Mystery Machine"},{"floor":34,"key":"Nunchaku"},{"floor":34,"key":"Toxic Egg 2"},{"floor":34,"key":"Mango"},{"floor":43,"key":"Replay:Bandana"},{"floor":44,"key":"Pocketwatch"},{"floor":46,"key":"Snack Pack"},{"floor":54,"key":"Sundial"}],"event_choices":[{"damage_healed":0,"gold_gain":0,"player_choice":"Grow","damage_taken":0,"max_hp_gain":0,"max_hp_loss":0,"event_name":"Living Wall","floor":2,"gold_loss":0,"cards_upgraded":["Spot Weakness"]},{"damage_healed":0,"gold_gain":0,"player_choice":"Leave","damage_taken":0,"max_hp_gain":0,"max_hp_loss":0,"event_name":"The Cleric","floor":3,"gold_loss":0},{"damage_healed":0,"gold_gain":0,"player_choice":"Ignored","damage_taken":0,"max_hp_gain":0,"max_hp_loss":0,"event_name":"NoteForYourself","floor":5,"gold_loss":0},{"damage_healed":0,"gold_gain":0,"player_choice":"Obtained Book","damage_taken":16,"max_hp_gain":0,"max_hp_loss":0,"event_name":"Cursed Tome","floor":22,"gold_loss":0},{"damage_healed":0,"gold_gain":0,"player_choice":"Bought 2 Potions","damage_taken":0,"max_hp_gain":0,"max_hp_loss":0,"event_name":"The Woman in Blue","floor":31,"gold_loss":0},{"damage_healed":0,"gold_gain":999,"player_choice":"Gold","damage_taken":0,"max_hp_gain":0,"max_hp_loss":0,"event_name":"MindBloom","floor":36,"gold_loss":0,"cards_obtained":["Normality","Normality"]},{"damage_healed":0,"gold_gain":0,"player_choice":"Memory 1","damage_taken":0,"max_hp_gain":0,"max_hp_loss":0,"event_name":"SensoryStone","floor":37,"gold_loss":0},{"cards_removed":["Defend_R"],"damage_healed":0,"gold_gain":0,"player_choice":"Removed Skill","damage_taken":0,"max_hp_gain":0,"max_hp_loss":0,"event_name":"Falling","floor":39,"gold_loss":0},{"damage_healed":0,"gold_gain":0,"player_choice":"Fight","damage_taken":0,"max_hp_gain":0,"max_hp_loss":0,"event_name":"Mysterious Sphere","floor":44,"gold_loss":0}],"is_beta":false,"boss_relics":[{"not_picked":["Sozu","ChewingGum"],"picked":"Velvet Choker"},{"not_picked":["Mark of Pain","Kintsugi"],"picked":"Calling Bell"}],"items_purged_floors":[38,53],"is_endless":false,"potions_floor_spawned":[1,13,14,24,30,33,41,44,47],"killed_by":"The Heart","ascension_level":0}}