{"host":"tlbbab9afexrkdtf","time":1613780610,"event":{"mods":["2.2 Compatiblity","AchievementEnabler","BaseMod","Colored Map","Colored Powertips","Minty Spire (QoL Compilation)","Rare Cards Sparkle","StSLib"],"gold_per_floor":[119,119,131,131,145,145,158,175,175,189,208,219,184,30,30,128,128,143,160,160,177,26,26,26,26],"floor_reached":24,"language":"ENG","playtime":504,"items_purged":[],"score":240,"play_id":"428f95e6-e9f1-4422-98e2-281b91451e87","local_time":"20210219192330","is_ascension_mode":true,"campfire_choices":[{"floor":6,"key":"REST"},{"floor":15,"key":"REST"},{"floor":23,"key":"REST"}],"circlet_count":0,"master_deck":["Strike_R","Strike_R","Strike_R","Strike_R","Defend_R","Defend_R","Defend_R","Defend_R","Bash","Anger","Infernal Blade","Clash","Power Through","Metallicize","Whirlwind","Shockwave","Flex","Double Tap","Anger","Clash","Fire Breathing+1"],"relics":["SlaversCollar","Lantern","Omamori","Oddly Smooth Stone","Black Star","White Beast Statue","MealTicket"],"acts_visited":["Exordium","TheCity"],"potions_floor_usage":[7,10,11,21,21,24,24],"damage_taken":[{"damage":10,"enemies":"2 Louse","floor":1,"turns":3},{"damage":14,"enemies":"Small Slimes","floor":3,"turns":3},{"damage":2,"enemies":"Jaw Worm","floor":5,"turns":2},{"damage":12,"enemies":"Gremlin Gang","floor":7,"turns":4},{"damage":4,"enemies":"2 Fungi Beasts","floor":8,"turns":3},{"damage":0,"enemies":"Exordium Wildlife","floor":10,"turns":3},{"damage":0,"enemies":"Looter","floor":11,"turns":2},{"damage":0,"enemies":"3 Louse","floor":12,"turns":1},{"damage":6,"enemies":"Slime Boss","floor":16,"turns":11},{"damage":13,"enemies":"Chosen","floor":18,"turns":5},{"damage":19,"enemies":"Spheric Guardian","floor":19,"turns":4},{"damage":28,"enemies":"Snecko","floor":21,"turns":4},{"damage":46,"enemies":"Gremlin Leader","floor":24,"turns":6}],"seed_played":"6209330360541866620","potions_obtained":[{"floor":3,"key":"SneckoOil"},{"floor":7,"key":"FearPotion"},{"floor":10,"key":"Block Potion"},{"floor":12,"key":"ElixirPotion"},{"floor":16,"key":"Fire Potion"},{"floor":18,"key":"LiquidMemories"},{"floor":21,"key":"DistilledChaos"}],"is_trial":false,"path_per_floor":["M","?","M","?","M","R","M","M","T","M","M","M","?","$","R","B",null,"M","M","?","M","$","R","E"],"character_chosen":"IRONCLAD","items_purchased":["Oddly Smooth Stone","MealTicket"],"campfire_rested":3,"item_purchase_floors":[14,22],"current_hp_per_floor":[70,63,49,24,22,46,34,30,30,30,30,30,50,50,74,68,77,64,45,45,17,17,41,0,0],"gold":26,"neow_bonus":"BOSS_RELIC","is_daily":false,"chose_seed":false,"campfire_upgraded":0,"win_rate":0.0,"timestamp":1613780610,"path_taken":["M","?","M","?","M","R","M","M","T","M","M","M","?","?","R","BOSS","M","?","?","M","$","R","E"],"items_purchased_type":["Relic","Relic"],"build_version":"2020-12-22","purchased_purges":0,"victory":false,"max_hp_per_floor":[80,80,80,80,80,80,80,80,80,80,80,80,80,80,80,80,80,80,80,80,80,80,80,80,80],"card_choices":[{"not_picked":["Havoc","Pommel Strike"],"picked":"Anger","floor":1},{"not_picked":["Iron Wave","Anger"],"picked":"Infernal Blade","floor":3},{"not_picked":["Sword Boomerang","Heavy Blade"],"picked":"Clash","floor":5},{"not_picked":["Heavy Blade","Disarm"],"picked":"Power Through","floor":7},{"not_picked":["Dropkick","Combust"],"picked":"Metallicize","floor":8},{"not_picked":["Searing Blow","Burning Pact"],"picked":"Whirlwind","floor":10},{"not_picked":["Sword Boomerang","Bloodletting"],"picked":"Shockwave","floor":11},{"not_picked":["Ghostly Armor","Exhume"],"picked":"Flex","floor":12},{"not_picked":["Juggernaut","Barricade"],"picked":"Double Tap","floor":16},{"not_picked":["Second Wind","Searing Blow"],"picked":"Anger","floor":18},{"not_picked":["Pummel","Warcry+1"],"picked":"Clash","floor":19},{"not_picked":["Headbutt","Wild Strike+1"],"picked":"Fire Breathing+1","floor":21}],"player_experience":346283,"relics_obtained":[{"floor":9,"key":"Omamori"}],"event_choices":[{"cards_removed":["Strike_R"],"damage_healed":0,"gold_gain":0,"player_choice":"Card Removal","damage_taken":7,"max_hp_gain":0,"max_hp_loss":0,"event_name":"Golden Wing","floor":2,"gold_loss":0},{"damage_healed":0,"gold_gain":0,"player_choice":"Success","damage_taken":25,"relics_obtained":["Lantern"],"max_hp_gain":0,"max_hp_loss":0,"event_name":"Scrap Ooze","floor":4,"gold_loss":0},{"damage_healed":20,"gold_gain":0,"player_choice":"Healed","damage_taken":0,"max_hp_gain":0,"max_hp_loss":0,"event_name":"The Cleric","floor":13,"gold_loss":35},{"damage_healed":0,"gold_gain":0,"player_choice":"Opened","damage_taken":0,"relics_obtained":["White Beast Statue"],"max_hp_gain":0,"max_hp_loss":0,"event_name":"The Mausoleum","floor":20,"gold_loss":0,"cards_obtained":["Writhe"]}],"is_beta":false,"boss_relics":[{"not_picked":["Sozu","Philosopher\u0027s Stone"],"picked":"Black Star"}],"items_purged_floors":[],"is_endless":false,"potions_floor_spawned":[3,7,10,12,16,18,21],"killed_by":"Gremlin Leader","ascension_level":5}}