{"host":"2ty4h143nj8vwezc","time":1613796802,"event":{"mods":["BaseMod","Colored Map","Googly Eyes","Highlight Path","Minty Spire (QoL Compilation)","Quick Restart","StSLib"],"gold_per_floor":[116,134,30,30,30,59,77,92,169,34,34,54,54,54,54,125,175,188,205,165,185,185,185,201,201,201,201,226,226,226,238,238,317,317,330,240,11,28,45,45,70,70,96,107,107,107],"floor_reached":45,"language":"ENG","playtime":2037,"items_purged":["Defend_B","Strike_B"],"score":812,"play_id":"239b073a-527c-4433-99cb-00ce205f2049","local_time":"20210219235322","is_ascension_mode":true,"campfire_choices":[{"floor":11.0,"key":"REST"},{"floor":15.0,"key":"REST"},{"floor":23.0,"key":"REST"},{"floor":25.0,"key":"REST"},{"floor":29.0,"key":"REST"},{"floor":32.0,"key":"REST"},{"floor":40.0,"key":"REST"},{"floor":42.0,"key":"REST"}],"circlet_count":0,"master_deck":["AscendersBane","Strike_B+1","Strike_B","Defend_B","Defend_B","Defend_B","Zap","Conserve Battery","Seek+1","Go for the Eyes","Streamline+1","Go for the Eyes","Go for the Eyes+1","Auto Shields+1","Cold Snap","Reboot","Conserve Battery","Gash","BootSequence","Leap+1","Hologram+1","J.A.X.","Conserve Battery","FTL+1","Machine Learning","Gash+1","Gash","Apotheosis","Beam Cell","Beam Cell+1"],"relics":["Cracked Core","Smiling Mask","FaceOfCleric","Turnip","Shuriken","Tiny House","Potion Belt","Pen Nib","Nloth\u0027s Gift","Philosopher\u0027s Stone","Molten Egg 2","Whetstone"],"acts_visited":["Exordium","TheCity","TheBeyond"],"potions_floor_usage":[45],"damage_taken":[{"damage":7.0,"enemies":"Jaw Worm","floor":1.0,"turns":3.0},{"damage":0.0,"enemies":"Small Slimes","floor":2.0,"turns":3.0},{"damage":35.0,"enemies":"Lagavulin","floor":6.0,"turns":9.0},{"damage":6.0,"enemies":"Cultist","floor":7.0,"turns":3.0},{"damage":10.0,"enemies":"Blue Slaver","floor":8.0,"turns":3.0},{"damage":3.0,"enemies":"Looter","floor":12.0,"turns":3.0},{"damage":12.0,"enemies":"Hexaghost","floor":16.0,"turns":9.0},{"damage":8.0,"enemies":"Spheric Guardian","floor":18.0,"turns":4.0},{"damage":8.0,"enemies":"2 Thieves","floor":19.0,"turns":4.0},{"damage":37.0,"enemies":"Snake Plant","floor":21.0,"turns":7.0},{"damage":25.0,"enemies":"Shelled Parasite and Fungi","floor":24.0,"turns":6.0},{"damage":29.0,"enemies":"Book of Stabbing","floor":28.0,"turns":6.0},{"damage":10.0,"enemies":"Chosen and Byrds","floor":31.0,"turns":6.0},{"damage":84.0,"enemies":"Collector","floor":33.0,"turns":10.0},{"damage":12.0,"enemies":"3 Darklings","floor":35.0,"turns":8.0},{"damage":5.0,"enemies":"Orb Walker","floor":38.0,"turns":4.0},{"damage":35.0,"enemies":"Jaw Worm Horde","floor":39.0,"turns":5.0},{"damage":14.0,"enemies":"Giant Head","floor":41.0,"turns":7.0},{"damage":44.0,"enemies":"Spire Growth","floor":44.0,"turns":6.0},{"damage":22,"enemies":"Sphere and 2 Shapes","floor":45,"turns":3}],"seed_played":"-683105554793415516","potions_obtained":[{"floor":2.0,"key":"FairyPotion"},{"floor":16.0,"key":"Swift Potion"},{"floor":28.0,"key":"CultistPotion"},{"floor":33.0,"key":"EssenceOfSteel"},{"floor":35.0,"key":"FocusPotion"},{"floor":41.0,"key":"Weak Potion"}],"is_trial":false,"path_per_floor":["M","M","$","?","?","E","M","M","T","$","R","M","?","?","R","B",null,"M","M","$","M","?","R","M","R","T","?","E","R","?","M","R","B",null,"M","?","$","M","M","R","E","R","T","M","M"],"character_chosen":"DEFECT","items_purchased":["Go for the Eyes","Go for the Eyes","Auto Shields","BootSequence","Gash","Apotheosis"],"campfire_rested":8,"item_purchase_floors":[3,10,10,20,37,37],"current_hp_per_floor":[57,57,57,57,57,23,18,9,9,9,31,29,29,29,51,40,72,65,58,58,22,22,47,23,48,48,48,20,45,45,36,62,16,70,59,59,59,55,21,48,35,62,62,19,0,0],"gold":107,"neow_bonus":"RANDOM_COMMON_RELIC","is_daily":false,"chose_seed":false,"campfire_upgraded":0,"win_rate":0.0,"timestamp":1613796802,"path_taken":["M","M","$","?","?","E","M","M","T","$","R","?","?","?","R","BOSS","M","M","$","M","?","R","M","R","T","?","E","R","?","M","R","BOSS","M","?","$","M","M","R","E","R","T","M","M"],"items_purchased_type":["Card","Card","Card","Card","Card","Card"],"build_version":"2020-12-22","purchased_purges":2,"victory":false,"max_hp_per_floor":[71,71,71,71,71,72,73,74,74,74,74,75,75,75,75,76,81,82,83,83,84,84,84,85,85,85,85,86,86,86,87,87,88,88,89,89,89,90,91,91,92,92,92,93,93,93],"card_choices":[{"not_picked":["Redo","Sweeping Beam"],"picked":"Conserve Battery","floor":1.0},{"not_picked":["Gash","Redo"],"picked":"Seek","floor":2.0},{"not_picked":["Hello World","Stack","Rebound"],"picked":"SKIP","floor":6.0},{"not_picked":["Beam Cell","Skim"],"picked":"Streamline","floor":7.0},{"not_picked":["Beam Cell","Barrage"],"picked":"Go for the Eyes","floor":8.0},{"not_picked":["Recycle","Force Field"],"picked":"Cold Snap","floor":12.0},{"not_picked":["Core Surge","Machine Learning"],"picked":"Reboot","floor":16.0},{"not_picked":["Compile Driver","Doom and Gloom"],"picked":"Conserve Battery","floor":17.0},{"not_picked":["Sweeping Beam","Aggregate"],"picked":"Gash","floor":18.0},{"not_picked":["Reprogram","Ball Lightning","White Noise"],"picked":"SKIP","floor":19.0},{"not_picked":["Sweeping Beam","Undo"],"picked":"Leap+1","floor":21.0},{"not_picked":["Leap","Tempest"],"picked":"Hologram+1","floor":24.0},{"not_picked":["Rebound","Doom and Gloom"],"picked":"Conserve Battery","floor":28.0},{"not_picked":["Cold Snap","Echo Form"],"picked":"FTL+1","floor":31.0},{"not_picked":["Multi-Cast","Biased Cognition"],"picked":"Machine Learning","floor":33.0},{"not_picked":["Beam Cell","Ball Lightning+1"],"picked":"Gash+1","floor":35.0},{"not_picked":["Undo+1","Ball Lightning"],"picked":"Beam Cell","floor":38.0},{"not_picked":["Fusion","Turbo","Barrage"],"picked":"SKIP","floor":39.0},{"not_picked":["Darkness","Amplify"],"picked":"Beam Cell+1","floor":41.0},{"not_picked":["Steam","Redo","Coolheaded+1"],"picked":"SKIP","floor":44.0}],"player_experience":448250,"relics_obtained":[{"floor":6.0,"key":"Turnip"},{"floor":9.0,"key":"Shuriken"},{"floor":26.0,"key":"Cables"},{"floor":28.0,"key":"Pen Nib"},{"floor":41.0,"key":"Molten Egg 2"},{"floor":43.0,"key":"Whetstone"}],"event_choices":[{"damage_healed":0.0,"max_hp_gain":0.0,"max_hp_loss":0.0,"gold_gain":0.0,"event_name":"Living Wall","player_choice":"Grow","floor":4.0,"gold_loss":0.0,"damage_taken":0.0,"cards_upgraded":["Seek"]},{"damage_healed":0.0,"max_hp_gain":0.0,"max_hp_loss":0.0,"gold_gain":0.0,"event_name":"FaceTrader","player_choice":"Trade","floor":5.0,"gold_loss":0.0,"damage_taken":0.0,"relics_obtained":["FaceOfCleric"]},{"damage_healed":0.0,"max_hp_gain":0.0,"max_hp_loss":0.0,"gold_gain":0.0,"event_name":"Shining Light","player_choice":"Ignored","floor":13.0,"gold_loss":0.0,"damage_taken":0.0},{"cards_removed":["Dualcast"],"damage_healed":0.0,"max_hp_gain":0.0,"max_hp_loss":0.0,"gold_gain":0.0,"event_name":"Bonfire Elementals","player_choice":"Offered Basic","floor":14.0,"gold_loss":0.0,"damage_taken":0.0},{"damage_healed":0.0,"max_hp_gain":0.0,"max_hp_loss":0.0,"gold_gain":0.0,"event_name":"The Mausoleum","player_choice":"Opened","floor":22.0,"gold_loss":0.0,"damage_taken":0.0,"relics_obtained":["Potion Belt"]},{"damage_healed":0.0,"max_hp_gain":0.0,"max_hp_loss":0.0,"gold_gain":0.0,"event_name":"Drug Dealer","player_choice":"Obtain J.A.X.","floor":27.0,"gold_loss":0.0,"damage_taken":0.0,"cards_obtained":["J.A.X."]},{"damage_healed":0.0,"max_hp_gain":0.0,"max_hp_loss":0.0,"gold_gain":0.0,"event_name":"N\u0027loth","player_choice":"Traded Relic","floor":30.0,"relics_lost":["Cables"],"gold_loss":0.0,"damage_taken":0.0,"relics_obtained":["Nloth\u0027s Gift"]},{"cards_removed":["Strike_B"],"damage_healed":0.0,"max_hp_gain":0.0,"max_hp_loss":0.0,"gold_gain":0.0,"event_name":"Designer","player_choice":"Upgrade and Remove","floor":36.0,"gold_loss":90.0,"damage_taken":0.0,"cards_upgraded":["Auto Shields"]}],"is_beta":false,"boss_relics":[{"not_picked":["Pandora\u0027s Box","Cursed Key"],"picked":"Tiny House"},{"not_picked":["Coffee Dripper","Astrolabe"],"picked":"Philosopher\u0027s Stone"}],"items_purged_floors":[3,10],"is_endless":false,"potions_floor_spawned":[2,16,21,28,33,35,41],"killed_by":"Sphere and 2 Shapes","ascension_level":14}}