{"host":"3twtdwjpiqhvvn5s","time":1613848827,"event":{"mods":["AchievementEnabler","Act Like it!","Aspiration","BaseMod","BetterRewards","Colored Map","Colored Powertips","Downfall","Duelist Mod","Friendly Minions","GifTheSpireLib","Hermit","Hubris","Infinite Spire","Jorbs\u0027s Wanderer Trilogy","Koishi","KomeijiMod","Marisa????????","Minty Spire (QoL Compilation)","Quick Restart","Rare Cards Sparkle","Replay The Spire","Shop Mod","StSLib","Td1madao Mod","The Administrix","The Animator","The Bug Knight","The Caster","The Cursed","The Disciple","The Hierophant","The Necromancer","The Poker Player","The Runesmith","The Servant 0.9.4"],"gold_per_floor":[117,127,142,153,153,179,192,222,248,261,277,277,277,23,23,128,128,140,50,64,83,96,96,96,96],"floor_reached":23,"language":"ENG","playtime":4696,"items_purged":[],"score":209,"play_id":"95e1c278-a650-4a11-8bdf-1d713c8b7c05","local_time":"20210220132027","daily_mods":["Blue Cards","Terminal"],"is_ascension_mode":false,"campfire_choices":[{"floor":13,"key":"REST"},{"floor":15,"key":"REST"}],"circlet_count":0,"master_deck":["Slimebound:Strike_Slimebound","Slimebound:Strike_Slimebound","Slimebound:Strike_Slimebound","Slimebound:Tackle","Slimebound:Defend_Slimebound","Slimebound:Defend_Slimebound","Slimebound:Defend_Slimebound","Slimebound:Defend_Slimebound","Slimebound:Split","Slimebound:CorrosiveSpit","Loop","Beam Cell","Scrape","infinitespire:Gouge","Capacitor","Double Energy","Slimebound:SplitSpecialist","animator:Curse_GriefSeed","Creative AI","Turbo","Specialist+1","ReplayTheSpireMod:Calculation Training+1","Turbo"],"relics":["Unceasing Top","hubris:SlimyHat","Kunai","Bag of Marbles","ReplayTheSpireMod:CursedCoin","HollowMod:StagPassRelic","Juzu Bracelet","Replay:Grab Bag","hubris:VirtuousBlindfold","Painkiller Herb","hubris:HollowSoul"],"acts_visited":["Exordium","TheCity"],"potions_floor_usage":[3,7,7,12,18,23],"damage_taken":[{"damage":0,"enemies":"2 Louse","floor":1,"turns":3},{"damage":4,"enemies":"Jaw Worm","floor":2,"turns":4},{"damage":0,"enemies":"Cultist","floor":3,"turns":4},{"damage":9,"enemies":"3 Louse","floor":4,"turns":3},{"damage":18,"enemies":"Lagavulin","floor":6,"turns":5},{"damage":10,"enemies":"Exordium Thugs","floor":7,"turns":3},{"damage":4,"enemies":"HollowMod:MossKnight","floor":8,"turns":4},{"damage":0,"enemies":"Large Slime","floor":10,"turns":5},{"damage":0,"enemies":"Looter","floor":11,"turns":3},{"damage":0,"enemies":"Blue Slaver","floor":12,"turns":1},{"damage":10,"enemies":"Hexaghost","floor":16,"turns":9},{"damage":0,"enemies":"Chosen","floor":18,"turns":5},{"damage":4,"enemies":"Shell Parasite","floor":20,"turns":4},{"damage":13,"enemies":"Snecko","floor":21,"turns":5},{"damage":25,"enemies":"Centurion and Healer","floor":22,"turns":5},{"damage":8,"enemies":"Gremlin Leader","floor":23,"turns":3}],"seed_played":"-4256654953630271748","potions_obtained":[{"floor":2,"key":"Dexterity Potion"},{"floor":4,"key":"BlessingOfTheForge"},{"floor":6,"key":"Ancient Potion"},{"floor":11,"key":"SmokeBomb"},{"floor":16,"key":"LifebloodPotion"},{"floor":18,"key":"SpeedPotion"}],"is_trial":true,"path_per_floor":["M","M","M","M","?","E","M","E","T","M","M","M","R","$","R","B",null,"?","T","?","?","?","E"],"character_chosen":"SLIMEBOUND","items_purchased":["ReplayTheSpireMod:CursedCoin","HollowMod:StagPassRelic","Juzu Bracelet","Specialist"],"campfire_rested":2,"item_purchase_floors":[14,14,14,19],"current_hp_per_floor":[63,59,59,50,35,17,7,3,3,3,3,3,18,18,33,23,47,46,45,41,31,12,0,0,0],"gold":96,"neow_bonus":"","is_daily":false,"chose_seed":false,"campfire_upgraded":0,"win_rate":0.0,"timestamp":1613848827,"path_taken":["M","M","M","M","?","E","M","E","T","M","M","M","R","$","R","BOSS","?","T","?","?","?","E"],"items_purchased_type":["Relic","Relic","Relic","Card"],"build_version":"2020-12-22","purchased_purges":0,"victory":false,"max_hp_per_floor":[63,62,61,60,59,58,57,56,55,54,53,52,51,50,49,48,47,46,45,44,43,42,42,42,42],"card_choices":[{"not_picked":["Redo","Recycle"],"picked":"Loop","floor":1},{"not_picked":["Hologram","Slimebound:LeechingTouch"],"picked":"Beam Cell","floor":2},{"not_picked":["Slimebound:SplitMire","Slimebound:HauntingLick"],"picked":"Scrape","floor":3},{"not_picked":["Compile Driver","Rebound","Barrage"],"picked":"SKIP","floor":4},{"not_picked":["infinitespire:NeuralNetwork","infinitespire:UltimateForm"],"picked":"infinitespire:Gouge","floor":5},{"not_picked":["Slimebound:PrepareCrush","ReplaySort"],"picked":"Capacitor","floor":6},{"not_picked":["Panic Button","Undo","Slimebound:LivingWall"],"picked":"SKIP","floor":7},{"not_picked":["ReplayRNGCard","Coolheaded"],"picked":"Double Energy","floor":8},{"not_picked":["Barrage","Coolheaded"],"picked":"Slimebound:SplitSpecialist","floor":10},{"not_picked":["Rip and Tear","Streamline","Slimebound:SlimeBrawl"],"picked":"SKIP","floor":11},{"not_picked":["All For One","Core Surge"],"picked":"Creative AI","floor":16},{"not_picked":["BasicCrystalCard","Slimebound:Gluttony+1"],"picked":"Turbo","floor":18},{"not_picked":["Panic Button","Sweeping Beam+1"],"picked":"ReplayTheSpireMod:Calculation Training+1","floor":20},{"not_picked":["Skim+1","White Noise"],"picked":"Turbo","floor":21},{"not_picked":["Skim","Slimebound:PressTheAttack","Blizzard"],"picked":"SKIP","floor":22}],"player_experience":3323037,"relics_obtained":[{"floor":6,"key":"hubris:SlimyHat"},{"floor":8,"key":"Kunai"},{"floor":9,"key":"Bag of Marbles"}],"event_choices":[],"is_beta":false,"boss_relics":[{"not_picked":["hubris:GrandSneckoEye","Ectoplasm"],"picked":"Replay:Grab Bag"},{"not_picked":["Slimebound:TarBlob","Replay:Wanted Poster"],"picked":"hubris:VirtuousBlindfold"},{"not_picked":["Replay:Bronze Core","ReplayTheSpireMod:DimensionalGlitch"],"picked":"Painkiller Herb"},{"not_picked":["aspiration:SecretTechniqueScroll","Kintsugi"],"picked":"hubris:HollowSoul"}],"items_purged_floors":[],"is_endless":false,"potions_floor_spawned":[2,4,6,11,16,18],"killed_by":"Gremlin Leader","ascension_level":0}}