{"host":"r9uivonio18rfam2","time":1613848491,"event":{"mods":["2.2 Compatiblity","AchievementEnabler","Act Like it!","Aspiration","BaseMod","Beaked The Cultist","Better Altar","Better Match","Better Note","Better Sensory Stone","Better Skull","Better Third Choice","BetterRewards","Challenge The Spire","Colored Map","Colored Powertips","Conspire","Downfall","Elementarium","Energized Spire","Hermit","Infinite Spire","Jedi Mod","Minty Spire (QoL Compilation)","Permanent Neow","Potionbrewer","Quick Restart","Reliquary","Replay The Spire","Shop Mod","Spicy Shops","Spikes Relics","StSLib","The Blue Laboratory","The Jungle","Wandering Minibosses"],"gold_per_floor":[116,333,351,6,18,45,59,93,93,105,53,87,102,115,115,219,219,230,230,247,266,266,299,299,324,324,324,358,369,369,397,397,494,494,510,510,510,568,597,624,624,656,704,704,731,756,782,802,802,802,802,802,2,30,30],"floor_reached":56,"language":"ENG","playtime":4517,"items_purged":["Strike_G","Defend_G","Strike_G","Strike_G","Strike_G","Defend_G"],"score":1853,"play_id":"bd283444-fd9d-4618-8f7b-b8954c497340","local_time":"20210220141451","is_ascension_mode":true,"campfire_choices":[{"data":"Burst","floor":24.0,"key":"SMITH"},{"data":"Footwork","floor":30.0,"key":"SMITH"},{"floor":32.0,"key":"DIG"},{"data":"infinitespire:Gouge","floor":44,"key":"SMITH"},{"floor":49,"key":"RECALL"},{"data":"Bouncing Flask","floor":52,"key":"SMITH"}],"circlet_count":0,"master_deck":["Strike_G","Defend_G","Defend_G","Defend_G","Survivor","Neutralize","Draining Mist+1","Venomology","Blade Dance+1","Bouncing Flask+1","Footwork+1","ReplayTheSpireMod:Necrosis","Hidden Blade","Toxin Wave","Prepared","Burst+1","Accuracy+1","PiercingWail","infinitespire:Gouge+1","Bullet Time","Noxious Fumes+1","Corpse Explosion","TalkToTheHand+1","Prepared+1","infinitespire:SevenWalls","Fasting2+1","ReplayTheSpireMod:Speed Training+1","Omniscience","Backflip","Study","Escape Plan+1"],"relics":["Ring of the Snake","Anchor","Blood Vial","FossilizedHelix","Quantum Egg","jedi:arcanewood","jedi:crownofsimplicity","Pet Ghost","beaked:MawFillet","Peace Pipe","Omamori","Darkstone Periapt","Eternal Feather","Du-Vu Doll","WingedGreaves","conspire:BottledYoYo","aspiration:WatcherSkillbook","ReplayTheSpireMod:Ring of Sloth","ReplayTheSpireMod:Ring of Challenge","infinitespire:FocusingShard","infinitespire:Joker Card","PreservedInsect","Incense Burner","reliquary:Boomerang","reliquary:RosewoodLute","Orichalcum","Snake Skull","infinitespire:Beetle Shell","Art of War","Lantern"],"acts_visited":["Exordium","TheCity","TheBeyond","TheEnding"],"potions_floor_usage":[40,40,46,48,50,55,55,55],"damage_taken":[{"damage":0.0,"enemies":"Jaw Worm","floor":1.0,"turns":5.0},{"damage":0.0,"enemies":"Cultist","floor":3.0,"turns":3.0},{"damage":0.0,"enemies":"Small Slimes","floor":5.0,"turns":3.0},{"damage":4.0,"enemies":"Gremlin Nob","floor":6.0,"turns":4.0},{"damage":0.0,"enemies":"Exordium Thugs","floor":7.0,"turns":4.0},{"damage":21.0,"enemies":"Lagavulin","floor":8.0,"turns":8.0},{"damage":0.0,"enemies":"Gremlin Gang","floor":10.0,"turns":6.0},{"damage":0.0,"enemies":"Replay:BlueRogue","floor":12.0,"turns":6.0},{"damage":0.0,"enemies":"Looter","floor":13.0,"turns":3.0},{"damage":0.0,"enemies":"Large Slime","floor":14.0,"turns":5.0},{"damage":18.0,"enemies":"Hexaghost","floor":16.0,"turns":7.0},{"damage":4.0,"enemies":"conspire:FuzzyDice","floor":18.0,"turns":6.0},{"damage":14.0,"enemies":"Spheric Guardian","floor":20.0,"turns":5.0},{"damage":0.0,"enemies":"Chosen and Byrds","floor":21.0,"turns":3.0},{"damage":0.0,"enemies":"conspire:SneckoGhost","floor":23.0,"turns":6.0},{"damage":4.0,"enemies":"Slavers","floor":25.0,"turns":8.0},{"damage":8.0,"enemies":"Gremlin Leader","floor":28.0,"turns":4.0},{"damage":8.0,"enemies":"Sentry and Sphere","floor":29.0,"turns":4.0},{"damage":0.0,"enemies":"Replay:Snechameleon","floor":31.0,"turns":7.0},{"damage":7.0,"enemies":"Champ","floor":33.0,"turns":8.0},{"damage":14.0,"enemies":"Orb Walker","floor":35.0,"turns":4.0},{"damage":11.0,"enemies":"3 Darklings","floor":38.0,"turns":3.0},{"damage":25.0,"enemies":"Reptomancer","floor":39.0,"turns":5.0},{"damage":8,"enemies":"Nemesis","floor":40,"turns":9},{"damage":3,"enemies":"Giant Head","floor":42,"turns":7},{"damage":0,"enemies":"R_Hoarder","floor":45,"turns":4},{"damage":0,"enemies":"Nemesis","floor":46,"turns":3},{"damage":0,"enemies":"Reptomancer","floor":47,"turns":4},{"damage":0,"enemies":"4 Shapes","floor":48,"turns":5},{"damage":32,"enemies":"infinitespire:MassOfShapes","floor":50,"turns":12},{"damage":1,"enemies":"Shield and Spear","floor":54,"turns":5},{"damage":31,"enemies":"The Heart","floor":55,"turns":7}],"seed_played":"2224687081134564478","potions_obtained":[{"floor":1.0,"key":"blueLaboratory:FrostheartPotion"},{"floor":6.0,"key":"AttackPotion"},{"floor":12.0,"key":"blueLaboratory:StoneskinPotion"},{"floor":14.0,"key":"Block Potion"},{"floor":33.0,"key":"LiquidBronze"},{"floor":37.0,"key":"jedi:mysterypotion"},{"floor":39.0,"key":"champ:CounterPotion"},{"floor":46,"key":"jedi:wingpotion"},{"floor":47,"key":"Poison Potion"},{"floor":54,"key":"SneckoOil"}],"is_trial":false,"path_per_floor":["M","?","M","$","M","E","M","E","T","M","$","E","M","M","R_BF","B",null,"M","?","M","M","AVR","E","R","E","T","?","E","M","R","E","R_BF","B",null,"M","?","?","M","E","E","AVR","E","T","R","E","E","E","M","R_BF","B",null,"R","$","E","B",null],"character_chosen":"THE_SILENT","items_purchased":["Draining Mist","Venomology","Anchor","Reflective Coating","Blood Vial","Footwork","FossilizedHelix","sneckomod:MuddlingPotion","Snake Skull","Study","infinitespire:Beetle Shell","Art of War","Dexterity Potion"],"campfire_rested":0,"item_purchase_floors":[0,0,0,0,4,4,4,11,53,53,53,53,53],"current_hp_per_floor":[49,35,35,35,37,35,37,18,18,20,20,37,39,41,62,46,70,66,66,53,55,55,57,57,55,55,55,49,43,55,57,67,60,67,53,53,53,44,21,15,15,14,14,29,31,33,35,37,55,25,67,67,67,66,48],"gold":30,"neow_bonus":"","is_daily":false,"chose_seed":false,"campfire_upgraded":4,"win_rate":0.0,"timestamp":1613848491,"path_taken":["M","?","?","$","M","E","M","E","T","M","?","E","M","M","R_BF","BOSS","M","?","M","?","AVR","E","?","E","T","?","E","M","R","E","R_BF","BOSS","M","?","?","M","E","E","AVR","E","T","R","E","E","E","M","R_BF","BOSS","R","$","E","BOSS"],"items_purchased_type":["Card","Card","Relic","Potion","Relic","Card","Relic","Potion","Relic","Card","Relic","Relic","Potion"],"build_version":"2020-12-22","purchased_purges":6,"victory":true,"max_hp_per_floor":[70,70,70,70,70,70,70,70,70,70,70,70,70,70,70,70,70,70,67,67,67,67,67,67,67,67,67,67,67,67,67,67,67,67,67,67,67,67,67,67,67,67,67,67,67,67,67,67,67,67,67,67,67,67,67],"card_choices":[{"not_picked":["Poisoned Stab","conspire:DoublingDagger"],"picked":"Blade Dance","floor":1.0},{"not_picked":["Deadly Poison","Slice"],"picked":"Bouncing Flask","floor":3.0},{"not_picked":["Bouncing Flask","Hidden Blade"],"picked":"ReplayTheSpireMod:Necrosis","floor":5.0},{"not_picked":["Deadly Poison","Acrobatics","jedi:unstablefumes"],"picked":"SKIP","floor":6.0},{"not_picked":["Slice","Dash","Dagger Throw"],"picked":"SKIP","floor":7.0},{"not_picked":["Dagger Throw","ReplayTheSpireMod:The Works","Grand Finale"],"picked":"SKIP","floor":8.0},{"not_picked":["Underhanded Strike","Draining Mist"],"picked":"Hidden Blade","floor":10.0},{"not_picked":["Skewer","Outmaneuver"],"picked":"Toxin Wave","floor":12.0},{"not_picked":["Flying Knee","Poisoned Stab","Deadly Poison"],"picked":"SKIP","floor":13.0},{"not_picked":["jedi:pocketpoison","Flying Knee"],"picked":"Prepared","floor":14.0},{"not_picked":["Envenom","jedi:brewingpoison"],"picked":"Burst","floor":16.0},{"not_picked":["Poisoned Stab","ReplayTheSpireMod:Shiv Toss+1","Cloak And Dagger"],"picked":"SKIP","floor":18.0},{"not_picked":["Blade Dance","Backflip"],"picked":"Accuracy+1","floor":20.0},{"not_picked":["Terror","Blade Dance"],"picked":"PiercingWail","floor":21.0},{"not_picked":["Distraction","Phantasmal Killer","Flying Knee+1"],"picked":"SKIP","floor":23.0},{"not_picked":["Hidden Blade","Quick Slash"],"picked":"Bullet Time","floor":25.0},{"not_picked":["Dagger Throw+1","Bane","ShadowRift"],"picked":"SKIP","floor":28.0},{"not_picked":["Quick Slash+1","Deadly Poison"],"picked":"Noxious Fumes+1","floor":29.0},{"not_picked":["Dagger Spray","Outmaneuver","InfectiousVector"],"picked":"SKIP","floor":31.0},{"not_picked":["Atom Bomb","Grand Finale"],"picked":"Corpse Explosion","floor":33.0},{"not_picked":["Flying Knee+1","Consecrate+1","Replay:Cycle+1","Halt"],"picked":"SKIP","floor":35.0},{"not_picked":["BattleHymn+1","Prostrate","Replay:BluntJabs","Finisher"],"picked":"SKIP","floor":38.0},{"not_picked":["WreathOfFlame+1","Acrobatics+1","JustLucky"],"picked":"TalkToTheHand+1","floor":39.0},{"not_picked":["jedi:studyshivs","CutThroughFate","Establishment"],"picked":"Prepared+1","floor":40},{"not_picked":["Deflect+1","Underhanded Strike","CarveReality"],"picked":"Fasting2+1","floor":42},{"not_picked":["Backflip","Dagger Spray","Predator"],"picked":"ReplayTheSpireMod:Speed Training+1","floor":45},{"not_picked":["Sucker Punch+1","Quick Slash","Slice"],"picked":"Omniscience","floor":46},{"not_picked":["ForeignInfluence+1","PiercingWail+1","Poisoned Stab+1"],"picked":"Backflip","floor":47},{"not_picked":["Predator+1","Tactician","Quick Slash","Sucker Punch"],"picked":"SKIP","floor":48},{"not_picked":["Predator+1","Tactician","Quick Slash","Sucker Punch"],"picked":"SKIP","floor":48},{"not_picked":["Weave+1","Terror+1","Crippling Poison"],"picked":"Escape Plan+1","floor":54}],"player_experience":495477,"relics_obtained":[{"floor":6.0,"key":"Quantum Egg"},{"floor":8.0,"key":"jedi:arcanewood"},{"floor":9.0,"key":"jedi:crownofsimplicity"},{"floor":12.0,"key":"Pet Ghost"},{"floor":23.0,"key":"Omamori"},{"floor":25.0,"key":"Darkstone Periapt"},{"floor":26.0,"key":"Eternal Feather"},{"floor":28.0,"key":"Du-Vu Doll"},{"floor":31.0,"key":"WingedGreaves"},{"floor":32.0,"key":"conspire:BottledYoYo"},{"floor":36.0,"key":"ReplayTheSpireMod:Ring of Sloth"},{"floor":36.0,"key":"ReplayTheSpireMod:Ring of Challenge"},{"floor":39.0,"key":"infinitespire:FocusingShard"},{"floor":40,"key":"infinitespire:Joker Card"},{"floor":42,"key":"Incense Burner"},{"floor":45,"key":"reliquary:Boomerang"},{"floor":46,"key":"reliquary:RosewoodLute"},{"floor":47,"key":"Orichalcum"},{"floor":54,"key":"Lantern"}],"event_choices":[{"damage_healed":0.0,"max_hp_gain":0.0,"max_hp_loss":0.0,"gold_gain":217.0,"event_name":"betterSkull:BetterSkull","player_choice":"GO GO ","floor":2.0,"gold_loss":0.0,"damage_taken":16.0,"cards_upgraded":[],"relics_obtained":[]},{"cards_removed":["Parasite"],"damage_healed":0.0,"max_hp_gain":0.0,"max_hp_loss":0.0,"gold_gain":0.0,"event_name":"Fountain of Cleansing","player_choice":"Removed Curses","floor":19.0,"gold_loss":0.0,"damage_taken":0.0},{"damage_healed":0.0,"max_hp_gain":0.0,"max_hp_loss":0.0,"gold_gain":0.0,"event_name":"Upgrade Shrine","player_choice":"Upgraded","floor":27.0,"gold_loss":0.0,"damage_taken":0.0,"cards_upgraded":["Draining Mist"]},{"damage_healed":0.0,"max_hp_gain":0.0,"max_hp_loss":0.0,"gold_gain":0.0,"event_name":"Lab","player_choice":"Got Potions","floor":37.0,"gold_loss":0.0,"damage_taken":0.0}],"is_beta":false,"boss_relics":[{"not_picked":["Fusion Hammer","Kintsugi"],"picked":"beaked:MawFillet"},{"not_picked":["energizedSpire:HighHeels","energizedSpire:DeadBattery"],"picked":"aspiration:WatcherSkillbook"}],"items_purged_floors":[0,0,22,41,53,53],"is_endless":false,"potions_floor_spawned":[1,5,6,8,12,14,18,23,33,39,46,47,54],"ascension_level":4}}