{"host":"30jsp143e4v19aze","time":1613807678,"event":{"mods":["BaseMod","Colored Map","Colored Powertips","Curses Come First","DeckTracker","Highlight Path","Minty Spire (QoL Compilation)","Quick Restart","Relic Stats","StSLib","everything is the same but u backflip on backflip","slay the spire mod where everything is the same but ironclad has a cowboy hat"],"gold_per_floor":[109,122,122,122,134,134,134],"floor_reached":6,"language":"ENG","playtime":238,"items_purged":[],"score":72,"play_id":"0f255bbc-150e-4496-b550-02e5590f5864","local_time":"20210220085438","is_ascension_mode":true,"campfire_choices":[],"circlet_count":0,"master_deck":["AscendersBane","Strike_R","Strike_R","Strike_R","Strike_R","Defend_R","Defend_R","Defend_R","Defend_R","Bash","Offering","Flame Barrier","Evolve","Iron Wave"],"relics":["Burning Blood","Gambling Chip"],"acts_visited":["Exordium"],"potions_floor_usage":[6],"damage_taken":[{"damage":10,"enemies":"2 Louse","floor":1,"turns":4},{"damage":5,"enemies":"Small Slimes","floor":2,"turns":5},{"damage":6,"enemies":"Jaw Worm","floor":5,"turns":6},{"damage":48,"enemies":"Lagavulin","floor":6,"turns":6}],"seed_played":"-5827717804361994927","potions_obtained":[{"floor":2,"key":"LiquidMemories"}],"is_trial":false,"path_per_floor":["M","M","?","?","M","E"],"character_chosen":"IRONCLAD","items_purchased":[],"campfire_rested":0,"item_purchase_floors":[],"current_hp_per_floor":[64,65,54,47,47,0,0],"gold":134,"neow_bonus":"ONE_RANDOM_RARE_CARD","is_daily":false,"chose_seed":false,"campfire_upgraded":0,"win_rate":0.0,"timestamp":1613807678,"path_taken":["M","M","?","?","M","E"],"items_purchased_type":[],"build_version":"2020-12-22","purchased_purges":0,"victory":false,"max_hp_per_floor":[75,75,75,75,75,75,75],"relic_stats":{"counters":[4,21],"Gambling Chip":[0],"obtain_stats":[{"Gambling Chip":3,"Burning Blood":0},{"Gambling Chip":2,"Burning Blood":0},{"Gambling Chip":9,"Burning Blood":0}],"Burning Blood":18},"card_choices":[{"not_picked":["Thunderclap","Flex"],"picked":"Flame Barrier","floor":1},{"not_picked":["Wild Strike","Dropkick"],"picked":"Evolve","floor":2},{"not_picked":["Seeing Red","Heavy Blade"],"picked":"Iron Wave","floor":5}],"player_experience":3290194,"relics_obtained":[],"event_choices":[{"damage_healed":0,"gold_gain":0,"player_choice":"Success","damage_taken":11,"relics_obtained":["Gambling Chip"],"max_hp_gain":0,"max_hp_loss":0,"event_name":"Scrap Ooze","floor":3,"gold_loss":0},{"cards_removed":["Strike_R"],"damage_healed":0,"gold_gain":0,"player_choice":"Card Removal","damage_taken":7,"max_hp_gain":0,"max_hp_loss":0,"event_name":"Golden Wing","floor":4,"gold_loss":0}],"is_beta":false,"boss_relics":[],"items_purged_floors":[],"is_endless":false,"potions_floor_spawned":[2],"killed_by":"Lagavulin","ascension_level":20}}