{"host":"eny0bxnatoru6fum","time":1613861689,"event":{"mods":["100% Spire Juice","A Magickal Journey","AchievementEnabler","AlwaysNeverKeys","Aspiration","BaseMod","Beaked The Cultist","Better Note","BetterRewards","Colored Map","Colored Powertips","Conspire","Curses Come First","DeckTracker","Duelist Mod","Energized Spire","Glutton Mod","Halation","Hubris","Infinite Spire","Jedi Mod","Lobotomy","LobotomyExtend","Marisa????????","Minty Spire (QoL Compilation)","Permanent Neow","Relic Sorter","Replay The Spire","Shop Mod","Spicy Shops","Spikes Relics","StSLib","Synergy Search","The Alterego","The Animator","The Blue Laboratory","The Bug Knight","The Cursed","The Hierophant","The Jungle","The Problem Sleuth","The Runesmith","The Sage","The Servant 0.9.4","The Spell Scribe","Waifu the Spire"],"gold_per_floor":[111,111,126,139,139,170,170,0,78,97,6,58,58,78,78,220,100,9,9,9,33,33,33,102,102,102],"floor_reached":25,"language":"ENG","playtime":2373,"items_purged":[],"score":368,"play_id":"f8722d5b-c0ad-484d-807c-3391a4811c9f","local_time":"20210220165449","is_ascension_mode":true,"campfire_choices":[{"floor":7.0,"key":"REST"},{"floor":15,"key":"REST"},{"floor":23,"key":"REST"}],"circlet_count":0,"master_deck":["Moonworks:Strike","Moonworks:Defend","Moonworks:Defend","Moonworks:Defend","Moonworks:Ambush","Moonworks:LongDistanceShot","Moonworks:CloudOfSeagulls","Moonworks:MiracleRedBeanIceCream","Moonworks:AccelHyper","Moonworks:AccelHyper","conspire:SpireCoStock","Moonworks:NicePresent","Moonworks:EvilSpyWorkPreparation","Moonworks:TacticalRetreat","Moonworks:CloudOfSeagulls","Pride","Moonworks:HolyNight","hubris:Greed","Moonworks:NicePresent","Moonworks:DeployBits","Moonworks:WeAreWaruda","hubris:Greed","Moonworks:CloudOfSeagulls","hubris:Greed","hubris:Greed","Moonworks:NicePresent+1"],"relics":["Moonworks:BrokenBomb","Moonworks:Homemark","Regal Pillow","Golden Idol","LetterFromLob","Art of War","conspire:BottledYoYo","halation:HeavySnake","jedi:crownofsimplicity"],"acts_visited":["Exordium","TheCity"],"potions_floor_usage":[16,16,24],"damage_taken":[{"damage":0.0,"enemies":"Small Slimes","floor":1.0,"turns":4.0},{"damage":0.0,"enemies":"conspire:RoseBush","floor":3.0,"turns":4.0},{"damage":0.0,"enemies":"2 Louse","floor":4.0,"turns":2.0},{"damage":27.0,"enemies":"HollowMod:MossKnight","floor":6.0,"turns":10.0},{"damage":9.0,"enemies":"Blue Slaver","floor":10.0,"turns":4.0},{"damage":5.0,"enemies":"Exordium Thugs","floor":11.0,"turns":4.0},{"damage":24,"enemies":"Lagavulin","floor":12,"turns":5},{"damage":4,"enemies":"Looter","floor":14,"turns":3},{"damage":33,"enemies":"The Guardian","floor":16,"turns":9},{"damage":23,"enemies":"Chosen","floor":18,"turns":6},{"damage":21,"enemies":"2 Thieves","floor":21,"turns":4},{"damage":24,"enemies":"HollowMod:Nosk","floor":24,"turns":9},{"damage":41,"enemies":"Centurion and Healer","floor":25,"turns":9}],"seed_played":"-4239044099119352483","potions_obtained":[{"floor":3.0,"key":"sagemod:Wine"},{"floor":4.0,"key":"blueLaboratory:NullPotion"},{"floor":6.0,"key":"blueLaboratory:BubblePotion"},{"floor":12,"key":"blueLaboratory:ExaltedPotion"},{"floor":14,"key":"blueLaboratory:BubblePotion"},{"floor":16,"key":"blueLaboratory:AbyssPotion"},{"floor":21,"key":"Adrenaline Potion"}],"is_trial":false,"path_per_floor":["M","?","M","M","?","E","R","?","T","M","M","E","$","M","R","B",null,"M","?","?","M","?","R","E","M"],"character_chosen":"THE_STARBREAKER","items_purchased":[],"campfire_rested":3,"item_purchase_floors":[],"current_hp_per_floor":[60,45,45,45,38,16,49,49,49,45,45,26,26,22,55,27,60,42,42,42,26,26,59,36,0,0],"gold":102,"neow_bonus":"RANDOM_COMMON_RELIC","is_daily":false,"chose_seed":false,"campfire_upgraded":0,"win_rate":0.0,"timestamp":1613861689,"path_taken":["M","?","M","M","?","E","R","?","T","M","M","E","?","M","R","BOSS","M","?","?","M","?","R","E","M"],"items_purchased_type":[],"build_version":"2020-12-22","purchased_purges":0,"victory":false,"max_hp_per_floor":[60,60,60,60,60,60,60,60,60,60,60,60,60,60,60,60,60,60,60,60,60,60,60,60,60,60],"card_choices":[{"not_picked":["Moonworks:BigMagnum","Moonworks:TreasureThief"],"picked":"Moonworks:CloudOfSeagulls","floor":1.0},{"not_picked":["Moonworks:Assault","Moonworks:BigMagnum"],"picked":"Moonworks:MiracleRedBeanIceCream","floor":3.0},{"not_picked":["Moonworks:MiracleRedBeanIceCream","Moonworks:BigMagnum"],"picked":"Moonworks:AccelHyper","floor":4.0},{"not_picked":["Moonworks:IndiscriminateFireSupport","Moonworks:Heat300Percent"],"picked":"Moonworks:AccelHyper","floor":6.0},{"not_picked":["Moonworks:Heat300Percent","Moonworks:FinalSurgery"],"picked":"Moonworks:NicePresent","floor":10.0},{"not_picked":["Moonworks:JonathanRush","Moonworks:Bloodlust"],"picked":"Moonworks:EvilSpyWorkPreparation","floor":11.0},{"not_picked":["Moonworks:ReproductionOfRecords","Moonworks:Assault"],"picked":"Moonworks:TacticalRetreat","floor":12},{"not_picked":["Moonworks:SealedMemories","Moonworks:CastOff"],"picked":"Moonworks:CloudOfSeagulls","floor":14},{"not_picked":["Moonworks:FinalBattle","Moonworks:PlushieMaster"],"picked":"Moonworks:HolyNight","floor":16},{"not_picked":["Moonworks:MixPhenomenon","Moonworks:SakisCookie+1"],"picked":"Moonworks:NicePresent","floor":18},{"not_picked":["Moonworks:BigMagnum","Moonworks:AwakeningOfTalent"],"picked":"Moonworks:CloudOfSeagulls","floor":21},{"not_picked":["Moonworks:SinkOrSwim","Moonworks:BigMagnum+1"],"picked":"Moonworks:NicePresent+1","floor":24}],"player_experience":627272,"relics_obtained":[{"floor":3.0,"key":"LetterFromLob"},{"floor":6.0,"key":"Art of War"},{"floor":12,"key":"conspire:BottledYoYo"},{"floor":24,"key":"jedi:crownofsimplicity"}],"event_choices":[{"damage_healed":0.0,"max_hp_gain":0.0,"max_hp_loss":0.0,"gold_gain":0.0,"event_name":"Golden Idol","player_choice":"Take Damage","floor":2.0,"gold_loss":0.0,"damage_taken":15.0,"relics_obtained":["Golden Idol"]},{"cards_removed":["Moonworks:Strike"],"damage_healed":0.0,"max_hp_gain":0.0,"max_hp_loss":0.0,"gold_gain":0.0,"event_name":"Golden Wing","player_choice":"Card Removal","floor":5.0,"gold_loss":0.0,"damage_taken":7.0},{"damage_healed":0.0,"max_hp_gain":0.0,"max_hp_loss":0.0,"gold_gain":0.0,"event_name":"conspire:Investor","player_choice":"Invest 1","floor":8.0,"gold_loss":0.0,"damage_taken":0.0},{"cards_removed":["Moonworks:Strike"],"damage_healed":0,"gold_gain":0,"player_choice":"Elegance","damage_taken":0,"max_hp_gain":0,"max_hp_loss":0,"event_name":"Back to Basics","floor":19,"gold_loss":0},{"damage_healed":0,"gold_gain":0,"cards_transformed":["Moonworks:Strike","Moonworks:Defend"],"player_choice":"Became Test Subject","damage_taken":0,"max_hp_gain":0,"max_hp_loss":0,"event_name":"Drug Dealer","floor":20,"gold_loss":0,"cards_obtained":["Moonworks:DeployBits","Moonworks:WeAreWaruda"]},{"damage_healed":0,"gold_gain":0,"player_choice":"Ignored","damage_taken":0,"max_hp_gain":0,"max_hp_loss":0,"event_name":"Ghosts","floor":22,"gold_loss":0}],"is_beta":false,"boss_relics":[{"not_picked":["hubris:HollowSoul","jedi:hotpepper"],"picked":"halation:HeavySnake"}],"items_purged_floors":[],"is_endless":false,"potions_floor_spawned":[3,4,6,12,14,16,21],"killed_by":"Centurion and Healer","ascension_level":1}}