{"host":"ssahdsoo349p0ms1","time":1613830967,"event":{"mods":["AchievementEnabler","BaseMod","Colored Powertips","Filter the Spire","Minty Spire (QoL Compilation)","StSLib"],"gold_per_floor":[109,122,140,154,229,229,241,271,321,321,341,17,46,61,61,61,61],"floor_reached":16,"language":"ENG","playtime":569,"items_purged":["Strike_G"],"score":208,"play_id":"de7b61ab-19f4-4a8e-a185-5ebb3ddcb1df","local_time":"20210220082247","is_ascension_mode":true,"campfire_choices":[{"floor":6.0,"key":"REST"},{"data":"Footwork","floor":15,"key":"SMITH"}],"circlet_count":0,"master_deck":["AscendersBane","Strike_G","Strike_G","Strike_G","Strike_G","Defend_G","Defend_G","Defend_G","Defend_G","Defend_G","Survivor","Neutralize","Dagger Throw","Blade Dance","PiercingWail","PiercingWail","Dodge and Roll","Dash","Footwork+1","Crippling Poison"],"relics":["SacredBark","StrikeDummy","Toy Ornithopter","TwistedFunnel","Nunchaku"],"acts_visited":["Exordium"],"potions_floor_usage":[],"damage_taken":[{"damage":12.0,"enemies":"Cultist","floor":1.0,"turns":5.0},{"damage":4.0,"enemies":"Small Slimes","floor":2.0,"turns":4.0},{"damage":0.0,"enemies":"2 Louse","floor":3.0,"turns":3.0},{"damage":24.0,"enemies":"Exordium Thugs","floor":4.0,"turns":6.0},{"damage":3.0,"enemies":"Looter","floor":7.0,"turns":5.0},{"damage":0.0,"enemies":"Large Slime","floor":11.0,"turns":8.0},{"damage":9.0,"enemies":"Lagavulin","floor":13.0,"turns":5.0},{"damage":0,"enemies":"2 Fungi Beasts","floor":14,"turns":4},{"damage":21,"enemies":"The Guardian","floor":16,"turns":2}],"seed_played":"-1380118811378893987","potions_obtained":[{"floor":3.0,"key":"LiquidBronze"},{"floor":4.0,"key":"AttackPotion"},{"floor":7.0,"key":"DuplicationPotion"},{"floor":14,"key":"FearPotion"}],"is_trial":false,"path_per_floor":["M","M","M","M","?","R","M","?","T","$","M","$","E","M","R","B"],"character_chosen":"THE_SILENT","items_purchased":["Footwork","TwistedFunnel"],"campfire_rested":1,"item_purchase_floors":[12,12],"current_hp_per_floor":[47,43,43,19,8,27,24,24,24,24,24,24,20,20,20,0,0],"gold":61,"neow_bonus":"BOSS_RELIC","is_daily":false,"chose_seed":false,"campfire_upgraded":1,"win_rate":0.0,"timestamp":1613830967,"path_taken":["M","M","M","M","?","R","M","?","T","$","M","$","E","M","R","BOSS"],"items_purchased_type":["Card","Relic"],"build_version":"2020-12-22","purchased_purges":1,"victory":false,"max_hp_per_floor":[66,66,66,66,66,66,66,66,66,66,66,66,66,66,66,66,66],"card_choices":[{"not_picked":["Deadly Poison","Flechettes"],"picked":"Dagger Throw","floor":1.0},{"not_picked":["Choke","Flying Knee"],"picked":"Blade Dance","floor":2.0},{"not_picked":["Quick Slash","Dagger Spray"],"picked":"PiercingWail","floor":3.0},{"not_picked":["Blur","Setup"],"picked":"PiercingWail","floor":4.0},{"not_picked":["Catalyst","Bane"],"picked":"Dodge and Roll","floor":7.0},{"not_picked":["Flying Knee","Setup"],"picked":"Dash","floor":11.0},{"not_picked":["Sucker Punch","Dagger Spray","Reflex"],"picked":"SKIP","floor":13.0},{"not_picked":["Sucker Punch","Dagger Spray","Reflex"],"picked":"SKIP","floor":13.0},{"not_picked":["Riddle With Holes","Dodge and Roll"],"picked":"Crippling Poison","floor":14}],"player_experience":620228,"relics_obtained":[{"floor":9.0,"key":"Toy Ornithopter"},{"floor":13.0,"key":"Nunchaku"}],"event_choices":[{"damage_healed":0.0,"max_hp_gain":0.0,"max_hp_loss":0.0,"gold_gain":75.0,"event_name":"World of Goop","player_choice":"Gather Gold","floor":5.0,"gold_loss":0.0,"damage_taken":11.0},{"damage_healed":0.0,"max_hp_gain":0.0,"max_hp_loss":0.0,"gold_gain":30.0,"event_name":"Dead Adventurer","player_choice":"Searched \u00273\u0027 times","floor":8.0,"gold_loss":0.0,"damage_taken":0.0,"relics_obtained":["StrikeDummy"]}],"is_beta":false,"boss_relics":[],"items_purged_floors":[12],"is_endless":false,"potions_floor_spawned":[3,4,7,14],"killed_by":"The Guardian","ascension_level":20}}