{"host":"xjj3c712op3vq4z0","time":1613825226,"event":{"mods":["BaseMod","Challenge The Spire","Curses Come First","Highlight Path","Minty Spire (QoL Compilation)","Permanent Neow","Quick Restart","Relic Stats","StSLib"],"gold_per_floor":[115,115,125,125,140,168,168,202,202,219,219,229,261,289,301,408,420,451,463,400,98,110,110,139,139,139,44,72,72,104,104,104,200,200,215,261,311,311,328,328,363,363,386,386,402,428,446,457,457,457,457,457,10,43,43],"floor_reached":56,"language":"ENG","playtime":6407,"items_purged":["ClearTheMind"],"score":1436,"play_id":"90a6c44e-a576-4641-9960-62670ed4cef2","local_time":"20210220134706","is_ascension_mode":true,"campfire_choices":[{"data":"ForeignInfluence","floor":7.0,"key":"SMITH"},{"floor":11.0,"key":"REST"},{"data":"ForeignInfluence","floor":15.0,"key":"SMITH"},{"data":"MasterReality","floor":23.0,"key":"SMITH"},{"data":"DeusExMachina","floor":25.0,"key":"SMITH"},{"data":"Vault","floor":32.0,"key":"SMITH"},{"data":"Evaluate","floor":40.0,"key":"SMITH"},{"data":"Protect","floor":42.0,"key":"SMITH"},{"data":"Protect","floor":44.0,"key":"SMITH"},{"floor":49,"key":"RECALL"},{"data":"Protect","floor":52,"key":"SMITH"}],"circlet_count":0,"master_deck":["Eruption","Vigilance","ForeignInfluence+1","CutThroughFate","Vault+1","BattleHymn","Nirvana","Study","Protect+1","Protect+1","CrushJoints","Evaluate+1","Protect+1","MentalFortress","FollowUp","DeusExMachina+1","ForeignInfluence+1","Wireheading","MasterReality+1","FlurryOfBlows","FlurryOfBlows+1","Finesse","Alpha+1","WheelKick+1","DevaForm","WheelKick+1","WaveOfTheHand+1","Devotion","Sanctity","TalkToTheHand+1"],"relics":["Pandora\u0027s Box","Yang","TungstenRod","Prayer Wheel","MawBank","Coffee Dripper","Enchiridion","Bird Faced Urn","Akabeko","Kunai","Juzu Bracelet","Snecko Eye","Thread and Needle","Unceasing Top","Nunchaku","Blood Vial","Smiling Mask","Lantern","OrangePellets","Toy Ornithopter"],"acts_visited":["Exordium","TheCity","TheBeyond","TheEnding"],"potions_floor_usage":[50,50,54],"damage_taken":[{"damage":9.0,"enemies":"Jaw Worm","floor":1.0,"turns":4.0},{"damage":0.0,"enemies":"Cultist","floor":3.0,"turns":3.0},{"damage":0.0,"enemies":"Small Slimes","floor":5.0,"turns":4.0},{"damage":24.0,"enemies":"3 Sentries","floor":6.0,"turns":9.0},{"damage":7.0,"enemies":"Gremlin Nob","floor":8.0,"turns":4.0},{"damage":0.0,"enemies":"Exordium Wildlife","floor":10.0,"turns":4.0},{"damage":0.0,"enemies":"Lots of Slimes","floor":12.0,"turns":5.0},{"damage":6.0,"enemies":"3 Sentries","floor":13.0,"turns":4.0},{"damage":0.0,"enemies":"Large Slime","floor":14.0,"turns":4.0},{"damage":0.0,"enemies":"Slime Boss","floor":16.0,"turns":4.0},{"damage":7.0,"enemies":"2 Thieves","floor":18.0,"turns":5.0},{"damage":0.0,"enemies":"3 Byrds","floor":22.0,"turns":3.0},{"damage":18.0,"enemies":"Slavers","floor":24.0,"turns":6.0},{"damage":5.0,"enemies":"Book of Stabbing","floor":28.0,"turns":4.0},{"damage":3.0,"enemies":"Gremlin Leader","floor":30.0,"turns":6.0},{"damage":1.0,"enemies":"Automaton","floor":33.0,"turns":7.0},{"damage":15.0,"enemies":"3 Darklings","floor":35.0,"turns":4.0},{"damage":25.0,"enemies":"2 Orb Walkers","floor":36.0,"turns":4.0},{"damage":1.0,"enemies":"Mind Bloom Boss Battle","floor":37.0,"turns":8.0},{"damage":0.0,"enemies":"3 Shapes","floor":39.0,"turns":4.0},{"damage":9.0,"enemies":"Reptomancer","floor":41.0,"turns":4.0},{"damage":10.0,"enemies":"Spire Growth","floor":45.0,"turns":5.0},{"damage":0.0,"enemies":"Nemesis","floor":46.0,"turns":8.0},{"damage":7,"enemies":"Writhing Mass","floor":47,"turns":6},{"damage":0,"enemies":"Maw","floor":48,"turns":6},{"damage":33,"enemies":"Time Eater","floor":50,"turns":11},{"damage":28,"enemies":"Shield and Spear","floor":54,"turns":7},{"damage":16,"enemies":"The Heart","floor":55,"turns":11}],"seed_played":"-3945134748454156458","potions_obtained":[{"floor":6.0,"key":"Fire Potion"},{"floor":10.0,"key":"BlessingOfTheForge"},{"floor":14.0,"key":"Block Potion"},{"floor":30.0,"key":"EntropicBrew"},{"floor":35.0,"key":"Energy Potion"},{"floor":48,"key":"DistilledChaos"}],"is_trial":false,"path_per_floor":["M","$","M","?","M","E","R","E","T","M","R","M","E","M","R","B",null,"M","?","?","$","M","R","E","R","T","$","E","?","E","$","R","B",null,"M","?","?","?","M","R","E","R","T","R","M","E","M","M","R","B",null,"R","$","E","B",null],"character_chosen":"WATCHER","items_purchased":["Bird Faced Urn","Finesse","Lantern","OrangePellets","Swift Potion","Swift Potion"],"campfire_rested":1,"item_purchase_floors":[21,27,53,53,53,53],"current_hp_per_floor":[63,63,63,63,63,39,39,32,32,32,53,53,47,47,47,47,72,65,53,53,53,61,61,49,49,49,49,58,58,67,67,67,71,72,65,48,65,65,72,72,71,71,71,71,64,72,72,72,72,57,72,72,72,56,62],"gold":43,"neow_bonus":"BOSS_RELIC","is_daily":false,"chose_seed":false,"campfire_upgraded":9,"win_rate":0.0,"timestamp":1613825226,"path_taken":["M","$","M","?","M","E","R","E","T","M","R","?","E","M","R","BOSS","M","?","?","?","?","R","E","R","T","$","E","?","E","$","R","BOSS","M","?","?","?","M","R","E","R","T","R","M","E","M","M","R","BOSS","R","$","E","BOSS"],"items_purchased_type":["Relic","Card","Relic","Relic","Potion","Potion"],"build_version":"2020-12-22","purchased_purges":1,"victory":true,"max_hp_per_floor":[72,72,72,72,72,72,72,72,72,72,72,72,72,72,72,72,72,72,72,72,72,72,72,72,72,72,72,72,72,72,72,72,72,72,72,72,72,72,72,72,72,72,72,72,72,72,72,72,72,72,72,72,72,72,72],"relic_stats":{"counters":[28,154],"Yang":[271],"Juzu Bracelet":1,"MawBank":96,"Smiling Mask":25,"Blood Vial":5,"OrangePellets":[17],"Nunchaku":[8],"Bird Faced Urn":[159],"Snecko Eye":[122,114,112,122],"Pandora\u0027s Box":["ForeignInfluence","SashWhip","CutThroughFate","Vault","BattleHymn","Nirvana","EmptyMind","Study"],"Prayer Wheel":10,"Kunai":[32],"obtain_stats":[{"Lantern":53,"Enchiridion":19,"Yang":6,"Thread and Needle":36,"Juzu Bracelet":30,"MawBank":13,"Smiling Mask":46,"Akabeko":24,"Blood Vial":43,"OrangePellets":53,"Nunchaku":41,"Bird Faced Urn":21,"Snecko Eye":34,"Pandora\u0027s Box":0,"Prayer Wheel":9,"Coffee Dripper":17,"Kunai":28,"PureWater":0,"TungstenRod":8,"Unceasing Top":37,"Toy Ornithopter":54},{"Lantern":26,"Enchiridion":11,"Yang":4,"Thread and Needle":18,"Juzu Bracelet":15,"MawBank":8,"Smiling Mask":23,"Akabeko":13,"Blood Vial":21,"OrangePellets":26,"Nunchaku":21,"Bird Faced Urn":11,"Snecko Eye":16,"Pandora\u0027s Box":0,"Prayer Wheel":5,"Coffee Dripper":10,"Kunai":14,"PureWater":0,"TungstenRod":5,"Unceasing Top":19,"Toy Ornithopter":27},{"Lantern":136,"Enchiridion":50,"Yang":20,"Thread and Needle":84,"Juzu Bracelet":69,"MawBank":37,"Smiling Mask":113,"Akabeko":59,"Blood Vial":100,"OrangePellets":136,"Nunchaku":100,"Bird Faced Urn":50,"Snecko Eye":76,"Pandora\u0027s Box":0,"Prayer Wheel":24,"Coffee Dripper":45,"Kunai":63,"PureWater":0,"TungstenRod":24,"Unceasing Top":92,"Toy Ornithopter":143}],"TungstenRod":54,"Unceasing Top":[0],"Toy Ornithopter":0},"card_choices":[{"not_picked":["FlurryOfBlows","EmptyFist"],"picked":"Protect","floor":1.0},{"not_picked":["SandsOfTime","Prostrate"],"picked":"Protect","floor":3.0},{"not_picked":["Crescendo","SashWhip"],"picked":"CrushJoints","floor":5.0},{"not_picked":["Indignation","FollowUp"],"picked":"Evaluate","floor":6.0},{"not_picked":["CrushJoints","Halt"],"picked":"Protect","floor":8.0},{"not_picked":["Consecrate","JustLucky"],"picked":"FlurryOfBlows","floor":10.0},{"not_picked":["Crescendo","FlyingSleeves","WaveOfTheHand"],"picked":"SKIP","floor":10.0},{"not_picked":["JustLucky","Swivel"],"picked":"MentalFortress","floor":12.0},{"not_picked":["Protect","SashWhip"],"picked":"FollowUp","floor":12.0},{"not_picked":["Tantrum","Indignation"],"picked":"DeusExMachina","floor":13.0},{"not_picked":["PathToVictory","JustLucky"],"picked":"ForeignInfluence","floor":14.0},{"not_picked":["BowlingBash","FlyingSleeves"],"picked":"Wireheading","floor":14.0},{"not_picked":["SpiritShield","ConjureBlade"],"picked":"MasterReality","floor":16.0},{"not_picked":["EmptyMind","EmptyFist"],"picked":"FlurryOfBlows","floor":18.0},{"not_picked":["FollowUp","BowlingBash+1","CrushJoints"],"picked":"SKIP","floor":18.0},{"not_picked":["Halt","SashWhip"],"picked":"ClearTheMind","floor":22.0},{"not_picked":["Vengeance","Tantrum"],"picked":"FlurryOfBlows+1","floor":22.0},{"not_picked":["BattleHymn","Halt+1","Vengeance"],"picked":"SKIP","floor":24.0},{"not_picked":["SashWhip+1","Scrawl"],"picked":"Alpha","floor":28.0},{"not_picked":["BowlingBash","BattleHymn"],"picked":"WheelKick+1","floor":30.0},{"not_picked":["MasterReality","Brilliance"],"picked":"DevaForm","floor":33.0},{"not_picked":["Meditate","EmptyBody+1"],"picked":"WheelKick+1","floor":35.0},{"not_picked":["SashWhip","Halt","ClearTheMind+1"],"picked":"SKIP","floor":35.0},{"not_picked":["Indignation+1","FearNoEvil+1"],"picked":"WaveOfTheHand+1","floor":36.0},{"not_picked":["Fasting2","ThirdEye+1","SashWhip"],"picked":"SKIP","floor":39.0},{"not_picked":["Nirvana","SignatureMove","Tantrum+1"],"picked":"SKIP","floor":39.0},{"not_picked":["CarveReality+1","WaveOfTheHand+1","Crescendo"],"picked":"SKIP","floor":41.0},{"not_picked":["BowlingBash","Wireheading+1","DeceiveReality+1"],"picked":"SKIP","floor":45.0},{"not_picked":["PathToVictory+1","Halt+1","EmptyBody"],"picked":"SKIP","floor":45.0},{"not_picked":["Worship","Collect","FollowUp+1"],"picked":"SKIP","floor":46.0},{"not_picked":["ForeignInfluence+1","ClearTheMind"],"picked":"Devotion","floor":47},{"not_picked":["Meditate","BowlingBash","Study"],"picked":"SKIP","floor":47},{"not_picked":["WindmillStrike","Collect+1"],"picked":"Sanctity","floor":48},{"not_picked":["EmptyBody","ClearTheMind+1","Halt+1"],"picked":"SKIP","floor":48},{"not_picked":["Vengeance+1","Brilliance"],"picked":"TalkToTheHand+1","floor":54}],"player_experience":672590,"relics_obtained":[{"floor":6.0,"key":"Yang"},{"floor":8.0,"key":"TungstenRod"},{"floor":9.0,"key":"Prayer Wheel"},{"floor":13.0,"key":"MawBank"},{"floor":19.0,"key":"Enchiridion"},{"floor":24.0,"key":"Akabeko"},{"floor":28.0,"key":"Kunai"},{"floor":30.0,"key":"Juzu Bracelet"},{"floor":36.0,"key":"Thread and Needle"},{"floor":37.0,"key":"Unceasing Top"},{"floor":41.0,"key":"Nunchaku"},{"floor":43.0,"key":"Blood Vial"},{"floor":46.0,"key":"Smiling Mask"},{"floor":54,"key":"Toy Ornithopter"}],"event_choices":[{"cards_removed":["EmptyMind"],"damage_healed":0.0,"max_hp_gain":0.0,"max_hp_loss":0.0,"gold_gain":0.0,"event_name":"Wheel of Change","player_choice":"Card Removal","floor":4.0,"gold_loss":0.0,"damage_taken":0.0},{"damage_healed":0.0,"max_hp_gain":0.0,"max_hp_loss":0.0,"gold_gain":0.0,"event_name":"Cursed Tome","player_choice":"Obtained Book","floor":19.0,"gold_loss":0.0,"damage_taken":16.0},{"cards_removed":["SashWhip"],"damage_healed":0.0,"max_hp_gain":0.0,"max_hp_loss":0.0,"gold_gain":0.0,"event_name":"Beggar","player_choice":"Gave Gold","floor":20.0,"gold_loss":75.0,"damage_taken":0.0},{"damage_healed":0.0,"max_hp_gain":0.0,"max_hp_loss":0.0,"gold_gain":0.0,"event_name":"Accursed Blacksmith","player_choice":"Forge","floor":29.0,"gold_loss":0.0,"damage_taken":0.0,"cards_upgraded":["Alpha"]},{"damage_healed":0.0,"max_hp_gain":0.0,"max_hp_loss":0.0,"gold_gain":0.0,"event_name":"Mysterious Sphere","player_choice":"Fight","floor":36.0,"gold_loss":0.0,"damage_taken":0.0},{"damage_healed":0.0,"max_hp_gain":0.0,"max_hp_loss":0.0,"gold_gain":0.0,"event_name":"MindBloom","player_choice":"Fight","floor":37.0,"gold_loss":0.0,"damage_taken":0.0},{"cards_removed":["FlurryOfBlows"],"damage_healed":0.0,"max_hp_gain":0.0,"max_hp_loss":0.0,"gold_gain":0.0,"event_name":"Falling","player_choice":"Removed Attack","floor":38.0,"gold_loss":0.0,"damage_taken":0.0}],"is_beta":false,"boss_relics":[{"not_picked":["SacredBark","Calling Bell"],"picked":"Coffee Dripper"},{"not_picked":["SlaversCollar","Velvet Choker"],"picked":"Snecko Eye"}],"items_purged_floors":[53],"is_endless":false,"potions_floor_spawned":[6,10,14,30,33,35,39,41,48],"ascension_level":3}}