{"host":"8t5dkgm85abdp22d","time":1613789376,"event":{"mods":["ATMod(阿瑾Mod)","Act Like it!","BaseMod","Colored Powertips","Conspire","Gensokyo","GungeonMod","Hallownest","Minty Spire (QoL Compilation)","MostiFishMod","Remilia（蕾米莉亚）","RumiaBox-露米娅的神秘盒子","Ryuuou龙王","StSLib","The Bug Knight","UnlockEverythingMod","Waifu the Spire","WarShipGirlsR/战舰少女R mod","Yakumo Yukari mod"],"gold_per_floor":[114,334,334,344,74,74,74,74,74],"floor_reached":8,"language":"ZHS","playtime":427,"items_purged":[],"score":112,"play_id":"fad0958f-24d6-41bb-953c-bc3af33bacb6","local_time":"20210220104936","is_ascension_mode":true,"campfire_choices":[{"data":"Bash","floor":7.0,"key":"SMITH"}],"circlet_count":0,"master_deck":["AscendersBane","Strike_R","Strike_R","Strike_R","Strike_R","Strike_R","Defend_R","Defend_R","Defend_R","Defend_R","Bash+1","AT_ShrugMaster+1"],"relics":["Burning Blood","AT_ATBox","DaveBox","NeowsBlessing","DianDianMeat","SynthV:TestCard","Baka","DemoMod:OrangeGuonStone"],"acts_visited":["Exordium"],"potions_floor_usage":[],"damage_taken":[{"damage":0.0,"enemies":"Cultist","floor":1.0,"turns":1.0},{"damage":0.0,"enemies":"Small Slimes","floor":2.0,"turns":1.0},{"damage":0.0,"enemies":"2 Louse","floor":4.0,"turns":1.0},{"damage":0.0,"enemies":"Lagavulin","floor":6.0,"turns":2.0},{"damage":33,"enemies":"3 Sentries","floor":8,"turns":13}],"seed_played":"-953185066298011036","potions_obtained":[{"floor":2.0,"key":"SmokeBomb"}],"is_trial":false,"path_per_floor":["M","M","?","M","$","E","R","E"],"character_chosen":"IRONCLAD","items_purchased":["DemoMod:OrangeGuonStone"],"campfire_rested":0,"item_purchase_floors":[5],"current_hp_per_floor":[75,1,1,7,7,13,13,76,76],"gold":74,"neow_bonus":"THREE_ENEMY_KILL","is_daily":false,"chose_seed":false,"campfire_upgraded":1,"win_rate":0.0,"timestamp":1613789376,"path_taken":["M","?","?","M","?","E","R","E"],"items_purchased_type":["Relic"],"build_version":"2020-12-22","purchased_purges":0,"victory":false,"max_hp_per_floor":[76,76,76,76,76,76,76,76,76],"card_choices":[{"not_picked":["Havoc","Twin Strike","Cleave"],"picked":"SKIP","floor":1.0},{"not_picked":["AT_BodySlamDance","Clash","Twin Strike","Combust","Shrug It Off"],"picked":"SKIP","floor":2.0},{"not_picked":["conspire:ExplosiveBarrier","AT_BodySlamDance","Cleave","Twin Strike","MostiFishMod:TemporaryOutbreak"],"picked":"SKIP","floor":4.0}],"player_experience":110517,"relics_obtained":[{"floor":1.0,"key":"SynthV:TestCard"},{"floor":1.0,"key":"Baka"}],"event_choices":[{"damage_healed":0.0,"max_hp_gain":0.0,"max_hp_loss":0.0,"gold_gain":0.0,"event_name":"Accursed Blacksmith","player_choice":"Forge","floor":3.0,"gold_loss":0.0,"damage_taken":0.0,"cards_upgraded":["AT_ShrugMaster"]}],"is_beta":false,"boss_relics":[],"items_purged_floors":[],"is_endless":false,"potions_floor_spawned":[2],"killed_by":"3 Sentries","ascension_level":20}}