{"host":"clcuy39u5sybassp","time":1613812376,"event":{"mods":["AchievementEnabler","BaseMod","Challenge The Spire","Lobotomy","LobotomyExtend","Minty Spire (QoL Compilation)","Quick Restart","Replay The Spire","StSLib"],"gold_per_floor":[111,21,35,35,48,73,73,85,85,85,117,136,136,149,149,250,250,250,260,260,272,322,361,361,404,404,43,43,43,54,54,54,54,54],"floor_reached":33,"language":"ZHS","playtime":1034,"items_purged":["Hallucinations"],"score":402,"play_id":"707e09dc-1fa4-4212-8235-80d8accab37a","local_time":"20210220171256","is_ascension_mode":true,"campfire_choices":[{"floor":7.0,"key":"REST"},{"floor":10.0,"key":"RECALL"},{"floor":15.0,"key":"REST"},{"floor":24.0,"key":"REST"},{"floor":29.0,"key":"REST"},{"floor":32.0,"key":"REST"}],"circlet_count":0,"master_deck":["Strike_R","Strike_R+1","Strike_R+1","Strike_R+1","Strike_R","Defend_R+1","Bash+1","Wellcheers","Perfected Strike","Burning Pact","CrumblingArmor","Scorched","LongBird","OldLady","Hemogenesis","CommonCold","Writhe","Amnesia","Laetitia","Feed","Heavy Blade","Sever Soul","Pommel Strike","Anger","Sword Boomerang","UniverseFragment","Sword Boomerang"],"relics":["Burning Blood","CogitoBucket","RabbitCall","LetterFromLob","King of Hearts","ReplayFunnel","Replay:WaspNest","Meat on the Bone","BehaviorAdjustment","Replay:Ancient Bell","Gremlin Food","Replay:Bottled Snecko","Replay:PocketPolymizer","LaetitiaHeart","Ring of Greed","ReplayTheSpireMod:Ring of Challenge","The Courier","Bloody Idol","InkBottle","Another Sword","Akabeko","Membership Card","Simple Rune","Self Forming Clay","HellTrain"],"acts_visited":["Exordium","TheCity"],"potions_floor_usage":[],"damage_taken":[{"damage":2.0,"enemies":"2 Louse","floor":1.0,"turns":3.0},{"damage":16.0,"enemies":"Cultist","floor":3.0,"turns":4.0},{"damage":16.0,"enemies":"Small Slimes","floor":5.0,"turns":3.0},{"damage":32.0,"enemies":"Replay:BlueRogue","floor":6.0,"turns":6.0},{"damage":14.0,"enemies":"Red Slaver","floor":8.0,"turns":2.0},{"damage":36.0,"enemies":"3 Sentries","floor":11.0,"turns":5.0},{"damage":0.0,"enemies":"3 Louse","floor":12.0,"turns":1.0},{"damage":11.0,"enemies":"Looter","floor":14.0,"turns":2.0},{"damage":38.0,"enemies":"Slime Boss","floor":16.0,"turns":6.0},{"damage":36.0,"enemies":"Shell Parasite","floor":19.0,"turns":4.0},{"damage":3.0,"enemies":"Spheric Guardian","floor":21.0,"turns":3.0},{"damage":44.0,"enemies":"Book of Stabbing","floor":23.0,"turns":4.0},{"damage":59.0,"enemies":"Slavers","floor":25.0,"turns":4.0},{"damage":53.0,"enemies":"Snake Plant","floor":30.0,"turns":4.0},{"damage":64,"enemies":"Pondfish","floor":33,"turns":5}],"seed_played":"2299583898530367534","potions_obtained":[{"floor":3.0,"key":"SpeedPotion"},{"floor":12.0,"key":"FearPotion"},{"floor":14.0,"key":"GamblersBrew"}],"is_trial":false,"path_per_floor":["M","?","M","$","M","E","R","M","T","R","E","M","?","M","R","B",null,"M","M","?","M","?","E","R","E","T","$","?","R","M","?","R","B"],"character_chosen":"IRONCLAD","items_purchased":["Membership Card","Simple Rune","Pommel Strike","Anger","Self Forming Clay"],"campfire_rested":5,"item_purchase_floors":[27,27,27,27,27],"current_hp_per_floor":[80,80,70,70,63,40,64,56,56,56,26,47,47,54,78,48,80,80,57,57,63,63,45,69,33,33,33,33,57,36,36,60,0,0],"gold":54,"neow_bonus":"","is_daily":false,"chose_seed":false,"campfire_upgraded":0,"win_rate":0.0,"timestamp":1613812376,"path_taken":["M","?","M","$","?","E","R","M","T","R","E","?","?","?","R","BOSS","M","M","?","M","?","E","R","E","T","$","?","R","M","?","R","BOSS"],"items_purchased_type":["Relic","Relic","Card","Card","Relic"],"build_version":"2020-12-22","purchased_purges":1,"victory":false,"max_hp_per_floor":[80,80,80,80,80,80,80,80,80,80,80,80,80,80,80,80,80,80,80,80,80,80,80,80,80,80,80,80,80,80,80,80,80,80],"card_choices":[{"not_picked":["BigBird","MeatLantern","FairyFestival"],"picked":"Singing Bowl","floor":1.0},{"not_picked":["Warcry","Iron Wave","Corruption"],"picked":"SKIP","floor":1.0},{"not_picked":["SnowQueen","BeautyBeast","OSAHOGD"],"picked":"Singing Bowl","floor":3.0},{"not_picked":["VoidDream","Rudolta"],"picked":"Wellcheers","floor":3.0},{"not_picked":["Warcry","Shrug It Off"],"picked":"Perfected Strike","floor":3.0},{"not_picked":["FairyFestival","Scarecrow","WallGazer"],"picked":"Singing Bowl","floor":5.0},{"not_picked":["Bludgeon","Havoc","Clash"],"picked":"SKIP","floor":5.0},{"not_picked":["ShyLook","FieryBird","QueenBee"],"picked":"Singing Bowl","floor":6.0},{"not_picked":["Inflame","Iron Wave"],"picked":"Burning Pact","floor":6.0},{"not_picked":["LittlePrince","Funeral","Freischutz"],"picked":"Singing Bowl","floor":8.0},{"not_picked":["Scorched","Funeral"],"picked":"CrumblingArmor","floor":8.0},{"not_picked":["Replay:Undeath\u0027s Touch","Iron Wave","Bloodletting"],"picked":"SKIP","floor":8.0},{"not_picked":["Bloodbath","SnowQueen"],"picked":"Scorched","floor":11.0},{"not_picked":["Second Wind","ReplayTheSpireMod:Stacked","Headbutt"],"picked":"SKIP","floor":11.0},{"not_picked":["VoidDream","FieryBird","FairyFestival"],"picked":"Singing Bowl","floor":12.0},{"not_picked":["Hemokinesis","Clash","Thunderclap"],"picked":"SKIP","floor":12.0},{"not_picked":["Murderer","SpiderBud","Woodsman"],"picked":"Singing Bowl","floor":14.0},{"not_picked":["SnowQueen","Murderer"],"picked":"LongBird","floor":14.0},{"not_picked":["Juggernaut","Iron Wave","Shockwave"],"picked":"SKIP","floor":14.0},{"not_picked":["UniverseFragment","SpiderBud"],"picked":"OldLady","floor":16.0},{"not_picked":["Double Tap","Bludgeon"],"picked":"Hemogenesis","floor":16.0},{"not_picked":["Amnesia","Doubt"],"picked":"CommonCold","floor":17.0},{"not_picked":["Languid","ReplayTheSpireMod:Splinters"],"picked":"Writhe","floor":17.0},{"not_picked":["Doubt","Looming Evil"],"picked":"Amnesia","floor":17.0},{"not_picked":["Scarecrow","DespairKnight","MHz"],"picked":"Singing Bowl","floor":19.0},{"not_picked":["FieryBird","UniverseFragment"],"picked":"Laetitia","floor":19.0},{"not_picked":["Shrug It Off","Burning Pact"],"picked":"Feed","floor":19.0},{"not_picked":["CherryBlossoms","Murderer","PunishingBird"],"picked":"Singing Bowl","floor":21.0},{"not_picked":["Whirlwind+1","ReplayTheSpireMod:Strike From Hell","Uppercut"],"picked":"SKIP","floor":21.0},{"not_picked":["Freischutz","Funeral","PunishingBird"],"picked":"Singing Bowl","floor":23.0},{"not_picked":["Clothesline+1","True Grit","Dark Embrace"],"picked":"SKIP","floor":23.0},{"not_picked":["DespairKnight","WhitesApple","FieryBird"],"picked":"Singing Bowl","floor":25.0},{"not_picked":["Clothesline","Heavy Blade"],"picked":"Sever Soul","floor":25.0},{"not_picked":["Porccubus","CherryBlossoms","OSAHOGD"],"picked":"Singing Bowl","floor":30.0},{"not_picked":["BeautyBeast","MeltingLove"],"picked":"UniverseFragment","floor":30.0},{"not_picked":["Sword Boomerang","Headbutt","Hemokinesis"],"picked":"SKIP","floor":30.0}],"player_experience":202767,"relics_obtained":[{"floor":1.0,"key":"LetterFromLob"},{"floor":6.0,"key":"ReplayFunnel"},{"floor":9.0,"key":"Replay:WaspNest"},{"floor":11.0,"key":"Meat on the Bone"},{"floor":22.0,"key":"Ring of Greed"},{"floor":22.0,"key":"ReplayTheSpireMod:Ring of Challenge"},{"floor":22.0,"key":"The Courier"},{"floor":22.0,"key":"Golden Idol"},{"floor":23.0,"key":"InkBottle"},{"floor":25.0,"key":"Another Sword"},{"floor":26.0,"key":"Akabeko"}],"event_choices":[{"damage_healed":0.0,"max_hp_gain":0.0,"max_hp_loss":0.0,"gold_gain":0.0,"event_name":"WeMeetAgain","player_choice":"Paid Gold","floor":2.0,"gold_loss":90.0,"damage_taken":0.0,"relics_obtained":["King of Hearts"]},{"damage_healed":0.0,"max_hp_gain":0.0,"max_hp_loss":0.0,"gold_gain":0.0,"event_name":"Accursed Blacksmith","player_choice":"Forge","floor":13.0,"gold_loss":0.0,"damage_taken":0.0,"cards_upgraded":["Bash"]},{"damage_healed":0.0,"max_hp_gain":0.0,"max_hp_loss":0.0,"gold_gain":0.0,"event_name":"Forgotten Altar","player_choice":"Gave Idol","floor":28.0,"relics_lost":["Golden Idol"],"gold_loss":0.0,"damage_taken":0.0,"relics_obtained":["Bloody Idol"]},{"damage_healed":0.0,"max_hp_gain":0.0,"max_hp_loss":0.0,"gold_gain":0.0,"event_name":"Ghosts","player_choice":"Ignored","floor":31.0,"gold_loss":0.0,"damage_taken":0.0}],"is_beta":false,"boss_relics":[{"not_picked":["Ring of Chaos","Philosopher\u0027s Stone"],"picked":"Replay:Ancient Bell"},{"not_picked":["Anchor","Tiny Chest"],"picked":"Gremlin Food"},{"not_picked":["Letter Opener","White Beast Statue"],"picked":"Replay:Bottled Snecko"},{"not_picked":["Pocketwatch","Incense Burner"],"picked":"Replay:PocketPolymizer"}],"items_purged_floors":[27],"is_endless":false,"potions_floor_spawned":[3,12,14,19,21,23],"killed_by":"Pondfish","ascension_level":4}}