{"host":"y4fuci1jk2rsxnep","time":1613816395,"event":{"mods":["AchievementEnabler","BaseMod","Colored Powertips","Custom Start","Defuse TimeMaze Blight","Dio Mod","Downfall","Hermit","Hero for Fun","Hubris","Hunter ??","Infinite Spire","Minty Spire (QoL Compilation)","Quick Restart","Reliquary","Remove Card Discount Mod","Replay The Spire","StSLib","The Blackbeard","The Bug Knight","The Mystic","The Runesmith"],"gold_per_floor":[119,119,194,194,194,227,227,259,259,286,300,300,323,348,360,470,482,514,801,261,281,291,291,301,301,301,315,346,364,125,136,136,233,233,245,259,278,32,32,32,65,65,92,126,126,126,126,137,137,137,137,137,1,29,29,29],"floor_reached":55,"language":"ENG","playtime":5449,"items_purged":[],"score":1173,"play_id":"7eb308b1-5967-4f39-8985-a9e345ec8974","local_time":"20210220111955","is_ascension_mode":true,"campfire_choices":[{"data":"hermit:FlashPowder","floor":7,"key":"SMITH"},{"data":"hermit:CursedWeapon","floor":12,"key":"SMITH"},{"floor":15,"key":"REST"},{"data":"hermit:WideOpen","floor":23,"key":"SMITH"},{"data":"hermit:Virtue","floor":25,"key":"SMITH"},{"floor":32,"key":"REST"},{"floor":40,"key":"RECALL"},{"data":"infinitespire:Starlight","floor":47,"key":"SMITH"},{"data":"hermit:Malice","floor":49,"key":"SMITH"},{"data":"hermit:Dissolve","floor":52,"key":"SMITH"}],"circlet_count":0,"master_deck":["hermit:Strike_Hermit","hermit:Strike_Hermit","hermit:Strike_Hermit+1","hermit:Strike_Hermit+1","hermit:Defend_Hermit","hermit:Defend_Hermit","hermit:Defend_Hermit","hermit:Defend_Hermit","hermit:Snapshot+1","hermit:Covet","hermit:GoldenBullet+1","hermit:FlashPowder+1","hermit:Quickdraw","hermit:CursedWeapon+1","hermit:GhostlyPresence","hermit:HighNoon+1","hubris:Despair","Looming Evil","Looming Evil","Regret","hermit:ShadowCloak+1","hermit:Virtue+1","ReplayUltimateDefense+1","hermit:WideOpen+1","hermit:GhostlyPresence+1","hermit:Dissolve+1","hermit:FatalDesire+1","hermit:Malice+1","hermit:EternalForm+1","CurseOfTheBell","hermit:Determination+1","hubris:EnhanceAbility+1","infinitespire:Starlight+1","hermit:HeroicBravado"],"relics":["hermit:Momento","NeowsBlessing","Pocketwatch","Lantern","Frozen Egg 2","Singing Bowl","Ancient Tea Set","MawBank","Replay:Ancient Bell","Juzu Bracelet","infinitespire:WardingShard","hubris:64BitClover","infinitespire:EmpoweringShard","Mercury Hourglass","Mummified Hand","Shuriken","Calling Bell","Replay:Rubber Ducky","Eternal Feather","hubris:MedicalManual","hubris:ScarierMask","reliquary:TuningFork","reliquary:Stiletto","hubris:Icosahedron","hubris:Reverence"],"acts_visited":["Exordium","TheCity","TheBeyond","TheEnding"],"potions_floor_usage":[27,28,33,50,50,55,55],"damage_taken":[{"damage":0,"enemies":"2 Louse","floor":1,"turns":1},{"damage":0,"enemies":"Replay:BlueRogue","floor":6,"turns":1},{"damage":0,"enemies":"Lagavulin","floor":8,"turns":1},{"damage":11,"enemies":"3 Sentries","floor":10,"turns":6},{"damage":0,"enemies":"Small Slimes","floor":11,"turns":2},{"damage":33,"enemies":"Lagavulin","floor":14,"turns":6},{"damage":2,"enemies":"Hexaghost","floor":16,"turns":16},{"damage":2,"enemies":"3 Byrds","floor":18,"turns":6},{"damage":2,"enemies":"Spheric Guardian","floor":21,"turns":4},{"damage":10,"enemies":"Snecko","floor":22,"turns":6},{"damage":16,"enemies":"Sentry and Sphere","floor":24,"turns":9},{"damage":4,"enemies":"Centurion and Healer","floor":27,"turns":7},{"damage":22,"enemies":"Slavers","floor":28,"turns":4},{"damage":3,"enemies":"3 Cultists","floor":29,"turns":5},{"damage":2,"enemies":"Shelled Parasite and Fungi","floor":31,"turns":4},{"damage":11,"enemies":"Champ","floor":33,"turns":11},{"damage":2,"enemies":"Orb Walker","floor":35,"turns":2},{"damage":0,"enemies":"3 Darklings","floor":36,"turns":5},{"damage":5,"enemies":"Jaw Worm Horde","floor":37,"turns":4},{"damage":20,"enemies":"R_Hoarder","floor":41,"turns":7},{"damage":27,"enemies":"Nemesis","floor":44,"turns":7},{"damage":12,"enemies":"Spire Growth","floor":48,"turns":4},{"damage":4,"enemies":"infinitespire:MassOfShapes","floor":50,"turns":12},{"damage":2,"enemies":"Shield and Spear","floor":54,"turns":4},{"damage":99,"enemies":"The Heart","floor":55,"turns":12}],"seed_played":"-4936419846745284275","potions_obtained":[{"floor":6,"key":"Adrenaline Potion"},{"floor":11,"key":"sneckomod:MuddlingPotion"},{"floor":16,"key":"hexamod:SoulburnPotion"},{"floor":22,"key":"Cursed Concoction"},{"floor":29,"key":"ColorlessPotion"},{"floor":31,"key":"Adrenaline Potion"},{"floor":33,"key":"Explosive Potion"},{"floor":54,"key":"Fire Potion"}],"is_trial":false,"path_per_floor":["M","?","?","?","?","E","R","E","T","E","M","R","T","E","R","B",null,"M","?","$","M","M","R","M","R","T","M","E","M","$","M","R","B",null,"M","M","M","$","?","R","E","AVR","T","E","?","?","R","M","R","B",null,"R","$","E","B"],"character_chosen":"HERMIT","items_purchased":["hermit:ShadowCloak+1","hermit:Virtue","infinitespire:EmpoweringShard","ReplayUltimateDefense+1","Mummified Hand","hermit:Determination+1","hubris:EnhanceAbility+1","hermit:HeroicBravado"],"campfire_rested":2,"item_purchase_floors":[20,20,20,20,30,38,38,53],"current_hp_per_floor":[75,75,64,64,49,49,49,49,49,38,40,40,40,7,30,28,77,77,77,77,75,65,65,49,49,49,47,25,22,22,22,46,35,83,83,85,82,82,82,89,71,71,71,46,48,48,66,71,89,85,97,97,97,99,0,0],"gold":29,"neow_bonus":"THREE_ENEMY_KILL","is_daily":false,"chose_seed":false,"campfire_upgraded":7,"win_rate":0.0,"timestamp":1613816395,"path_taken":["M","?","?","?","?","E","R","E","T","E","M","R","?","E","R","BOSS","M","?","?","M","M","R","M","R","T","M","E","M","$","M","R","BOSS","M","M","M","$","?","R","E","AVR","T","E","?","?","R","M","R","BOSS","R","$","E","BOSS"],"items_purchased_type":["Card","Card","Relic","Card","Relic","Card","Card","Card"],"build_version":"2020-12-22","purchased_purges":0,"victory":false,"max_hp_per_floor":[75,75,75,75,75,75,75,75,75,75,77,77,77,77,77,77,77,79,79,79,79,79,79,79,79,79,81,81,81,81,83,83,83,83,85,87,89,89,89,89,91,91,91,93,95,95,95,97,97,97,97,97,97,99,99,99],"card_choices":[{"not_picked":["hermit:Dive","hermit:Roulette"],"picked":"hermit:GoldenBullet","floor":1},{"not_picked":["hermit:Cheat","hermit:Midnight"],"picked":"hermit:FlashPowder","floor":6},{"not_picked":["hermit:TakeCover","hermit:EyeOfTheStorm"],"picked":"hermit:Quickdraw","floor":8},{"not_picked":["hermit:SprayPray","hermit:Headshot"],"picked":"hermit:CursedWeapon","floor":10},{"not_picked":["hermit:Shortfuse","hermit:LoneWolf","hermit:Roulette"],"picked":"Singing Bowl","floor":11},{"not_picked":["hermit:Vantage","hermit:Desperado"],"picked":"hermit:GhostlyPresence","floor":14},{"not_picked":["hermit:HeroicBravado","hermit:Gambit"],"picked":"hermit:HighNoon+1","floor":16},{"not_picked":["Delirium","hubris:Sloth"],"picked":"hubris:Despair","floor":17},{"not_picked":["Amnesia","downfall:Aged"],"picked":"Looming Evil","floor":17},{"not_picked":["hubris:Sloth","Pain"],"picked":"Looming Evil","floor":17},{"not_picked":["hermit:EyeOfTheStorm","hermit:Combo+1","hermit:Scavenge"],"picked":"Singing Bowl","floor":18},{"not_picked":["hermit:Quickdraw","hermit:BodyArmor+1"],"picked":"hermit:WideOpen","floor":21},{"not_picked":["hermit:Desperado","hermit:Dive+1"],"picked":"hermit:GhostlyPresence+1","floor":22},{"not_picked":["hermit:Quickdraw","hermit:TakeCover"],"picked":"hermit:Dissolve","floor":24},{"not_picked":["hermit:HoleUp","hermit:TrackingShot","hermit:Misfire"],"picked":"Singing Bowl","floor":27},{"not_picked":["hermit:HoleUp+1","hermit:Scavenge"],"picked":"hermit:FatalDesire+1","floor":28},{"not_picked":["hermit:ItchyTrigger","hermit:EyeOfTheStorm"],"picked":"hermit:Malice","floor":29},{"not_picked":["hermit:BodyArmor","hermit:Misfire","hermit:TrackingShot"],"picked":"Singing Bowl","floor":31},{"not_picked":["hermit:Adapt+1","hermit:Magnum"],"picked":"hermit:EternalForm+1","floor":33},{"not_picked":["hermit:TrackingShot","hermit:WideOpen","hermit:Roulette+1"],"picked":"Singing Bowl","floor":35},{"not_picked":["hermit:Snipe+1","hermit:Horror+1","hermit:GhostlyPresence"],"picked":"Singing Bowl","floor":36},{"not_picked":["hermit:TakeAim+1","hermit:Desperado","hermit:Coalescence+1"],"picked":"Singing Bowl","floor":37},{"not_picked":["hermit:DeadOrAlive","hermit:Feint","hermit:BigShot+1"],"picked":"Singing Bowl","floor":41},{"not_picked":["hermit:Maintenance","hermit:WideOpen+1","hermit:CursedWeapon+1"],"picked":"Singing Bowl","floor":44},{"not_picked":["Magnetism+1","Blind","ReplayTheSpireMod:Private Reserves"],"picked":"Singing Bowl","floor":45},{"not_picked":["hermit:LowProfile","hermit:DeadMansHand+1","hermit:CalledShot"],"picked":"Singing Bowl","floor":48},{"not_picked":["hermit:ItchyTrigger+1","hermit:TakeAim+1","hermit:Dive+1"],"picked":"Singing Bowl","floor":54}],"player_experience":670355,"relics_obtained":[{"floor":6,"key":"Pocketwatch"},{"floor":8,"key":"Lantern"},{"floor":9,"key":"Frozen Egg 2"},{"floor":10,"key":"Singing Bowl"},{"floor":13,"key":"Ancient Tea Set"},{"floor":14,"key":"MawBank"},{"floor":28,"key":"Mercury Hourglass"},{"floor":31,"key":"Shuriken"},{"floor":34,"key":"Replay:Rubber Ducky"},{"floor":34,"key":"Eternal Feather"},{"floor":41,"key":"hubris:MedicalManual"},{"floor":43,"key":"reliquary:TuningFork"},{"floor":44,"key":"reliquary:Stiletto"},{"floor":54,"key":"hubris:Reverence"}],"event_choices":[{"damage_healed":0,"gold_gain":0,"player_choice":"Grow","damage_taken":0,"max_hp_gain":0,"max_hp_loss":0,"event_name":"Living Wall","floor":2,"gold_loss":0,"cards_upgraded":["hermit:Snapshot"]},{"damage_healed":0,"gold_gain":75,"player_choice":"Gather Gold","damage_taken":11,"max_hp_gain":0,"max_hp_loss":0,"event_name":"World of Goop","floor":3,"gold_loss":0},{"damage_healed":0,"gold_gain":0,"player_choice":"Entered Light","damage_taken":15,"max_hp_gain":0,"max_hp_loss":0,"event_name":"Shining Light","floor":5,"gold_loss":0,"cards_upgraded":["hermit:GoldenBullet","hermit:Strike_Hermit"]},{"damage_healed":0,"gold_gain":275,"player_choice":"Desecrate","damage_taken":0,"max_hp_gain":0,"max_hp_loss":0,"event_name":"Golden Shrine","floor":19,"gold_loss":0,"cards_obtained":["Regret"]},{"damage_healed":0,"gold_gain":0,"player_choice":"Ignored","damage_taken":0,"max_hp_gain":0,"max_hp_loss":0,"event_name":"Transmorgrifier","floor":39,"gold_loss":0},{"damage_healed":0,"gold_gain":0,"player_choice":"Memory 1","damage_taken":0,"max_hp_gain":0,"max_hp_loss":0,"event_name":"SensoryStone","floor":45,"gold_loss":0}],"is_beta":false,"boss_relics":[{"not_picked":["reliquary:Ember","hubris:VirtuousBlindfold"],"picked":"Replay:Ancient Bell"},{"not_picked":["infinitespire:PuzzleCube","hubris:TenFootPole"],"picked":"Juzu Bracelet"},{"not_picked":["reliquary:JackalopeAntler","hubris:DeckOfHolding"],"picked":"infinitespire:WardingShard"},{"not_picked":["hermit:RedScarf","hubris:AstralHammer"],"picked":"hubris:64BitClover"},{"not_picked":["Cursed Key","infinitespire:Cupcake"],"picked":"Calling Bell"}],"items_purged_floors":[],"is_endless":false,"potions_floor_spawned":[6,11,16,22,29,31,33,36,37,54],"killed_by":"The Heart","ascension_level":3}}