{"host":"z4nt7tdd4gjrinn7","time":1613844439,"event":{"mods":["100% Spire Juice","BaseMod","Minty Spire (QoL Compilation)","StS++","StSLib","The Hierophant"],"gold_per_floor":[115,128,128,175,105,105,116,116,116,116,116,143,43,58,58,58,58],"floor_reached":16,"language":"ENG","playtime":848,"items_purged":[],"score":98,"play_id":"b4d13c85-306f-4c24-bb1e-84d016d2989a","local_time":"20210220130719","is_ascension_mode":false,"campfire_choices":[{"floor":6,"key":"REST"},{"data":"Capacitor","floor":8,"key":"SMITH"},{"data":"Self Repair","floor":10,"key":"SMITH"},{"floor":15,"key":"REST"}],"circlet_count":0,"master_deck":["Strike_B","Strike_B","Strike_B","Strike_B","Defend_B","Defend_B","Defend_B","Defend_B","Zap","Dualcast","Coolheaded","Self Repair+1","Capacitor+1","Fission","Conserve Battery","Stack+1","Conserve Battery+1","Gash"],"relics":["Cracked Core","Dream Catcher","Toxic Egg 2","TungstenRod"],"acts_visited":["Exordium"],"potions_floor_usage":[13,16],"damage_taken":[{"damage":1,"enemies":"Jaw Worm","floor":1,"turns":3},{"damage":17,"enemies":"Small Slimes","floor":2,"turns":3},{"damage":6,"enemies":"2 Louse","floor":7,"turns":5},{"damage":57,"enemies":"Gremlin Nob","floor":12,"turns":6},{"damage":9,"enemies":"Red Slaver","floor":14,"turns":5},{"damage":70,"enemies":"Hexaghost","floor":16,"turns":16}],"seed_played":"5328033581905909706","potions_obtained":[{"floor":2,"key":"StSpp:SecondWindPotion"},{"floor":14,"key":"Energy Potion"}],"is_trial":false,"path_per_floor":["M","M","?","T","$","R","M","R","T","R","?","E","$","M","R","B"],"character_chosen":"DEFECT","items_purchased":["Capacitor","Fruit Juice"],"campfire_rested":2,"item_purchase_floors":[5,13],"current_hp_per_floor":[81,64,64,64,64,82,82,82,82,82,82,35,40,41,67,0,0],"gold":58,"neow_bonus":"TEN_PERCENT_HP_BONUS","is_daily":false,"chose_seed":false,"campfire_upgraded":2,"win_rate":0.0,"timestamp":1613844439,"path_taken":["M","M","?","?","$","R","M","R","T","R","?","E","$","M","R","BOSS"],"items_purchased_type":["Card","Potion"],"build_version":"2020-12-22","purchased_purges":0,"victory":false,"max_hp_per_floor":[82,82,82,82,82,82,82,82,82,82,82,82,87,87,87,87,87],"card_choices":[{"not_picked":["Compile Driver","Hello World"],"picked":"Coolheaded","floor":1},{"not_picked":["Turbo","Rebound"],"picked":"Self Repair","floor":2},{"not_picked":["Streamline","Coolheaded"],"picked":"Fission","floor":6},{"not_picked":["Streamline","StSpp:TargetLocked"],"picked":"Conserve Battery","floor":7},{"not_picked":["Coolheaded+1","Streamline"],"picked":"Stack+1","floor":12},{"not_picked":["Turbo+1","Stack+1"],"picked":"Conserve Battery+1","floor":14},{"not_picked":["Lockon","Conserve Battery+1"],"picked":"Gash","floor":15}],"player_experience":216270,"relics_obtained":[{"floor":4,"key":"Dream Catcher"},{"floor":9,"key":"Toxic Egg 2"},{"floor":12,"key":"TungstenRod"}],"event_choices":[{"damage_healed":0,"gold_gain":0,"player_choice":"Leave","damage_taken":0,"max_hp_gain":0,"max_hp_loss":0,"event_name":"The Cleric","floor":3,"gold_loss":0},{"damage_healed":0,"gold_gain":0,"player_choice":"Ignored","damage_taken":0,"max_hp_gain":0,"max_hp_loss":0,"event_name":"Shining Light","floor":11,"gold_loss":0}],"is_beta":false,"boss_relics":[],"items_purged_floors":[],"is_endless":false,"potions_floor_spawned":[2,14],"killed_by":"Hexaghost","ascension_level":0}}