{"host":"sav7uxregyirlf69","time":1613792833,"event":{"mods":["AchievementEnabler","BaseMod","Colored Map","DeckTracker","Keyboard Shortcuts","Minty Spire (QoL Compilation)","READ ME - Guardian Mod","StSLib","SuperFastMode"],"gold_per_floor":[115,134,134,134,181,214,264,275,275,295,295,313,332,72,72,72,72],"floor_reached":16,"language":"KOR","playtime":147,"items_purged":[],"score":254,"play_id":"29b00c23-0a9f-452b-972f-2125ad6fd3ca","local_time":"20210220124713","is_ascension_mode":true,"campfire_choices":[{"data":"Perfected Strike","floor":11,"key":"SMITH"},{"data":"Fire Breathing","floor":15,"key":"SMITH"}],"circlet_count":0,"master_deck":["AscendersBane","Strike_R","Strike_R","Strike_R+1","Strike_R","Strike_R","Defend_R","Defend_R","Defend_R","Defend_R","Bash","Twin Strike","Flex+1","Perfected Strike+1","Fire Breathing+1","Twin Strike"],"relics":["Burning Blood","NeowsBlessing","Smiling Mask","Mummified Hand","Pear","PreservedInsect"],"acts_visited":["Exordium"],"potions_floor_usage":[10,16],"damage_taken":[{"damage":0,"enemies":"Jaw Worm","floor":1,"turns":1},{"damage":0,"enemies":"Small Slimes","floor":2,"turns":1},{"damage":0,"enemies":"Lagavulin","floor":6,"turns":1},{"damage":9,"enemies":"2 Louse","floor":8,"turns":2},{"damage":36,"enemies":"Exordium Thugs","floor":10,"turns":4},{"damage":4,"enemies":"Exordium Wildlife","floor":12,"turns":4},{"damage":6,"enemies":"3 Louse","floor":13,"turns":3},{"damage":51,"enemies":"Hexaghost","floor":16,"turns":7}],"seed_played":"-7536016965535388862","potions_obtained":[{"floor":2,"key":"Regen Potion"},{"floor":6,"key":"LiquidBronze"},{"floor":13,"key":"GamblersBrew"}],"is_trial":false,"path_per_floor":["M","M","?","?","T","E","?","M","T","M","R","M","M","$","R","B"],"character_chosen":"IRONCLAD","items_purchased":["Fire Breathing","PreservedInsect","Twin Strike"],"campfire_rested":0,"item_purchase_floors":[14,14,14],"current_hp_per_floor":[74,75,75,52,52,58,58,55,65,47,47,49,49,49,49,0,0],"gold":72,"neow_bonus":"THREE_ENEMY_KILL","is_daily":false,"chose_seed":false,"campfire_upgraded":2,"win_rate":0.0,"timestamp":1613792833,"path_taken":["M","M","?","?","?","E","?","M","T","M","R","M","?","?","R","BOSS"],"items_purchased_type":["Card","Relic","Card"],"build_version":"2020-12-22","purchased_purges":0,"victory":false,"max_hp_per_floor":[75,75,75,75,75,75,75,75,85,85,85,85,85,85,85,85,85],"card_choices":[{"not_picked":["Body Slam","Heavy Blade"],"picked":"Twin Strike","floor":1},{"not_picked":["Heavy Blade","Entrench"],"picked":"Flex","floor":2},{"not_picked":["Infernal Blade","Flex","Havoc"],"picked":"SKIP","floor":6},{"not_picked":["Anger","Flex"],"picked":"Perfected Strike","floor":8},{"not_picked":["Iron Wave","Headbutt","Cleave"],"picked":"SKIP","floor":10},{"not_picked":["Cleave","Rampage","Exhume"],"picked":"SKIP","floor":12},{"not_picked":["Cleave","Rampage","Exhume"],"picked":"SKIP","floor":12},{"not_picked":["Warcry","Armaments","Clash"],"picked":"SKIP","floor":13}],"player_experience":1628942,"relics_obtained":[{"floor":5,"key":"Smiling Mask"},{"floor":6,"key":"Mummified Hand"},{"floor":9,"key":"Pear"}],"event_choices":[{"damage_healed":0,"gold_gain":0,"player_choice":"Ignored","damage_taken":0,"max_hp_gain":0,"max_hp_loss":0,"event_name":"Liars Game","floor":3,"gold_loss":0},{"damage_healed":0,"gold_gain":0,"player_choice":"Entered Light","damage_taken":23,"max_hp_gain":0,"max_hp_loss":0,"event_name":"Shining Light","floor":4,"gold_loss":0,"cards_upgraded":["Strike_R","Flex"]},{"damage_healed":0,"gold_gain":50,"player_choice":"Pray","damage_taken":0,"max_hp_gain":0,"max_hp_loss":0,"event_name":"Golden Shrine","floor":7,"gold_loss":0}],"is_beta":false,"boss_relics":[],"items_purged_floors":[],"is_endless":false,"potions_floor_spawned":[2,6,13],"killed_by":"Hexaghost","ascension_level":20}}