{"host":"prxrhpgaxnj4om9r","time":1613824355,"event":{"mods":["AchievementEnabler","BaseMod","Colored Map","DeckTracker","Minty Spire (QoL Compilation)"],"gold_per_floor":[118,118,118,128,148,483,483,496,573,583,595,595,595,560,560,656,656,696,156,169,169,200,200,200,200,200,6,20,145,145,160,160,160,160],"floor_reached":33,"language":"KOR","playtime":1171,"items_purged":[],"score":245,"play_id":"8c802269-9fa0-411b-a286-ffae3e95c63f","local_time":"20210220213235","is_ascension_mode":false,"campfire_choices":[{"floor":7,"key":"REST"},{"data":"Crescendo","floor":12,"key":"SMITH"},{"data":"BattleHymn","floor":15,"key":"SMITH"},{"data":"MentalFortress","floor":23,"key":"SMITH"},{"floor":25,"key":"REST"},{"floor":30,"key":"REST"},{"floor":32,"key":"REST"}],"circlet_count":0,"master_deck":["Strike_P","Strike_P","Strike_P","Strike_P","Defend_P","Defend_P","Defend_P","Eruption+1","Vigilance","BattleHymn+1","Prostrate","Halt","FlurryOfBlows","FlurryOfBlows","Prostrate","Crescendo+1","Wish","CurseOfTheBell","WreathOfFlame+1","SignatureMove+1","MentalFortress+1","Halt","DeusExMachina","WindmillStrike","ReachHeaven+1","JustLucky+1","FlyingSleeves+1","ThirdEye+1"],"relics":["PureWater","Old Coin","TeardropLocket","Calling Bell","Dream Catcher","Pantograph","Unceasing Top","CloakClasp","Meat on the Bone","Pen Nib","Red Mask","PreservedInsect","Bird Faced Urn","Molten Egg 2"],"acts_visited":["Exordium","TheCity"],"potions_floor_usage":[10,16,18,22,28,33],"damage_taken":[{"damage":0,"enemies":"Cultist","floor":1,"turns":2},{"damage":0,"enemies":"Small Slimes","floor":4,"turns":2},{"damage":1,"enemies":"2 Louse","floor":5,"turns":2},{"damage":32,"enemies":"Lagavulin","floor":6,"turns":5},{"damage":0,"enemies":"2 Fungi Beasts","floor":8,"turns":3},{"damage":0,"enemies":"Blue Slaver","floor":10,"turns":1},{"damage":0,"enemies":"Exordium Wildlife","floor":11,"turns":2},{"damage":31,"enemies":"Hexaghost","floor":16,"turns":5},{"damage":38,"enemies":"3 Byrds","floor":18,"turns":5},{"damage":0,"enemies":"Spheric Guardian","floor":20,"turns":2},{"damage":0,"enemies":"Masked Bandits","floor":22,"turns":2},{"damage":26,"enemies":"Centurion and Healer","floor":28,"turns":4},{"damage":4,"enemies":"Colosseum Slavers","floor":29,"turns":2},{"damage":16,"enemies":"Colosseum Nobs","floor":29,"turns":4},{"damage":28,"enemies":"3 Cultists","floor":31,"turns":5},{"damage":123,"enemies":"Automaton","floor":33,"turns":6}],"seed_played":"964351498315891776","potions_obtained":[{"floor":6,"key":"LiquidMemories"},{"floor":8,"key":"AttackPotion"},{"floor":16,"key":"PowerPotion"},{"floor":18,"key":"SneckoOil"},{"floor":20,"key":"LiquidMemories"},{"floor":31,"key":"Block Potion"}],"is_trial":false,"path_per_floor":["M","$","?","M","M","E","R","M","T","M","M","R","?","?","R","B",null,"M","$","M","?","?","R","T","R","T","$","M","?","R","M","R","B"],"character_chosen":"WATCHER","items_purchased":["CloakClasp","Meat on the Bone","DeusExMachina","WindmillStrike"],"campfire_rested":4,"item_purchase_floors":[19,19,27,27],"current_hp_per_floor":[72,72,65,65,64,32,53,53,53,53,53,53,58,77,77,46,77,39,39,39,39,39,39,39,62,62,62,48,40,63,39,62,0,0],"gold":160,"neow_bonus":"UPGRADE_CARD","is_daily":false,"chose_seed":false,"campfire_upgraded":3,"win_rate":0.0,"timestamp":1613824355,"path_taken":["M","$","?","M","M","E","R","M","T","M","M","R","?","?","R","BOSS","M","$","M","?","?","R","?","R","T","$","?","?","R","M","R","BOSS"],"items_purchased_type":["Relic","Relic","Card","Card"],"build_version":"2020-12-22","purchased_purges":0,"victory":false,"max_hp_per_floor":[72,72,72,72,72,72,72,72,72,72,72,72,77,77,77,77,77,77,77,77,77,77,77,77,77,77,77,77,77,77,77,77,77,77],"card_choices":[{"not_picked":["ClearTheMind","Evaluate"],"picked":"BattleHymn","floor":1},{"not_picked":["Wallop","FollowUp"],"picked":"Prostrate","floor":4},{"not_picked":["WreathOfFlame","SashWhip"],"picked":"Halt","floor":5},{"not_picked":["Worship","FollowUp"],"picked":"FlurryOfBlows","floor":6},{"not_picked":["EmptyBody","Sanctity"],"picked":"FlurryOfBlows","floor":8},{"not_picked":["Evaluate","Wallop"],"picked":"Prostrate","floor":10},{"not_picked":["FlurryOfBlows","CrushJoints"],"picked":"Crescendo","floor":11},{"not_picked":["Brilliance","Devotion"],"picked":"Wish","floor":16},{"not_picked":["Vengeance+1","JustLucky"],"picked":"WreathOfFlame+1","floor":18},{"not_picked":["BowlingBash+1","Worship+1"],"picked":"SignatureMove+1","floor":20},{"not_picked":["Swivel+1","JustLucky"],"picked":"MentalFortress","floor":22},{"not_picked":["LikeWater","FollowUp"],"picked":"Halt","floor":25},{"not_picked":["PathToVictory+1","FlyingSleeves"],"picked":"ReachHeaven+1","floor":28},{"not_picked":["ReachHeaven+1","EmptyBody"],"picked":"JustLucky+1","floor":29},{"not_picked":["Evaluate","EmptyBody"],"picked":"FlyingSleeves+1","floor":30},{"not_picked":["PathToVictory+1","WaveOfTheHand+1"],"picked":"ThirdEye+1","floor":31}],"player_experience":555916,"relics_obtained":[{"floor":6,"key":"Old Coin"},{"floor":9,"key":"TeardropLocket"},{"floor":17,"key":"Dream Catcher"},{"floor":17,"key":"Pantograph"},{"floor":17,"key":"Unceasing Top"},{"floor":22,"key":"Red Mask"},{"floor":24,"key":"PreservedInsect"},{"floor":29,"key":"Bird Faced Urn"},{"floor":29,"key":"Molten Egg 2"}],"event_choices":[{"cards_removed":["Defend_P"],"damage_healed":0,"gold_gain":0,"player_choice":"Card Removal","damage_taken":7,"max_hp_gain":0,"max_hp_loss":0,"event_name":"Golden Wing","floor":3,"gold_loss":0},{"damage_healed":0,"gold_gain":0,"player_choice":"Donut","damage_taken":0,"max_hp_gain":5,"max_hp_loss":0,"event_name":"Big Fish","floor":13,"gold_loss":0},{"damage_healed":19,"gold_gain":0,"player_choice":"Healed","damage_taken":0,"max_hp_gain":0,"max_hp_loss":0,"event_name":"The Cleric","floor":14,"gold_loss":35},{"damage_healed":0,"gold_gain":0,"player_choice":"Opened","damage_taken":0,"relics_obtained":["Pen Nib"],"max_hp_gain":0,"max_hp_loss":0,"event_name":"The Mausoleum","floor":21,"gold_loss":0},{"damage_healed":0,"gold_gain":0,"player_choice":"Fought Bandits","damage_taken":0,"max_hp_gain":0,"max_hp_loss":0,"event_name":"Masked Bandits","floor":22,"gold_loss":0},{"damage_healed":0,"gold_gain":0,"player_choice":"Fight","damage_taken":0,"max_hp_gain":0,"max_hp_loss":0,"event_name":"Colosseum","floor":29,"gold_loss":0},{"damage_healed":0,"gold_gain":0,"player_choice":"Fought Nobs","damage_taken":0,"max_hp_gain":0,"max_hp_loss":0,"event_name":"Colosseum","floor":29,"gold_loss":0}],"is_beta":false,"boss_relics":[{"not_picked":["Snecko Eye","Philosopher\u0027s Stone"],"picked":"Calling Bell"}],"items_purged_floors":[],"is_endless":false,"potions_floor_spawned":[6,8,16,18,20,31],"killed_by":"Automaton","ascension_level":0}}