{"host":"nsc6ozq3atyrdr3m","time":1613845978,"event":{"mods":["BaseMod","Colored Map","Minty Spire (QoL Compilation)"],"gold_per_floor":[119,119,119,194,36,36,65,65,90,90,90,130,55,75,75,161,161,127,96,105,5,25,25,25],"floor_reached":23,"language":"FRA","playtime":315,"items_purged":["Regret","Writhe"],"score":486,"play_id":"99ec5216-8ab2-4c36-aaea-403e2a2ef95b","local_time":"20210220193258","is_ascension_mode":true,"campfire_choices":[{"data":"Feel No Pain","floor":6,"key":"SMITH"},{"data":"Bash","floor":10,"key":"SMITH"},{"data":"Body Slam","floor":15,"key":"SMITH"}],"circlet_count":0,"master_deck":["AscendersBane","Strike_R","Strike_R+1","Strike_R","Strike_R+1","Strike_R","Defend_R","Defend_R","Defend_R","Defend_R","Bash+1","Evolve","Feel No Pain+1","Shrug It Off","Body Slam+1","Blood for Blood","Barricade","Armaments","Flame Barrier","Havoc"],"relics":["Burning Blood","NeowsBlessing","Juzu Bracelet","Calipers","MealTicket","CeramicFish","Philosopher\u0027s Stone","Pantograph"],"acts_visited":["Exordium","TheCity"],"potions_floor_usage":[16],"damage_taken":[{"damage":0,"enemies":"2 Louse","floor":1,"turns":1},{"damage":0,"enemies":"Lagavulin","floor":7,"turns":1},{"damage":0,"enemies":"Gremlin Nob","floor":12,"turns":1},{"damage":3,"enemies":"Jaw Worm","floor":14,"turns":4},{"damage":28,"enemies":"Slime Boss","floor":16,"turns":5},{"damage":45,"enemies":"2 Thieves","floor":18,"turns":5},{"damage":0,"enemies":"Chosen","floor":22,"turns":5},{"damage":71,"enemies":"Gremlin Leader","floor":23,"turns":3}],"seed_played":"-6320765453753240751","potions_obtained":[{"floor":14,"key":"ColorlessPotion"}],"is_trial":false,"path_per_floor":["M","?","?","?","$","R","E","?","T","R","?","E","?","M","R","B",null,"M","$","?","$","M","E"],"character_chosen":"IRONCLAD","items_purchased":["Feel No Pain","Flame Barrier"],"campfire_rested":0,"item_purchase_floors":[5,19],"current_hp_per_floor":[74,74,51,40,40,40,46,46,46,46,64,70,70,72,72,50,67,28,43,43,58,64,0,0],"gold":25,"neow_bonus":"THREE_ENEMY_KILL","is_daily":false,"chose_seed":false,"campfire_upgraded":3,"win_rate":0.0,"timestamp":1613845978,"path_taken":["M","?","?","?","$","R","E","?","T","R","?","E","?","M","R","BOSS","M","$","?","$","M","E"],"items_purchased_type":["Card","Card"],"build_version":"2020-12-22","purchased_purges":2,"victory":false,"max_hp_per_floor":[75,75,75,75,75,75,75,75,75,75,75,75,72,72,72,72,72,72,72,72,72,72,72,72],"card_choices":[{"not_picked":["Clash","Clothesline"],"picked":"Evolve","floor":1},{"not_picked":["Thunderclap","Cleave"],"picked":"Shrug It Off","floor":7},{"not_picked":["Twin Strike","Havoc"],"picked":"Body Slam","floor":12},{"not_picked":["Brutality","Clothesline"],"picked":"Blood for Blood","floor":14},{"not_picked":["Impervious","Double Tap"],"picked":"Barricade","floor":16},{"not_picked":["Dropkick","Rupture"],"picked":"Armaments","floor":18},{"not_picked":["Sword Boomerang","Dropkick"],"picked":"Havoc","floor":22}],"player_experience":436373,"relics_obtained":[{"floor":7,"key":"Calipers"},{"floor":9,"key":"MealTicket"},{"floor":12,"key":"CeramicFish"}],"event_choices":[{"damage_healed":0,"gold_gain":0,"player_choice":"Box","damage_taken":0,"relics_obtained":["Juzu Bracelet"],"max_hp_gain":0,"max_hp_loss":0,"event_name":"Big Fish","floor":2,"gold_loss":0,"cards_obtained":["Regret"]},{"damage_healed":0,"gold_gain":0,"player_choice":"Entered Light","damage_taken":23,"max_hp_gain":0,"max_hp_loss":0,"event_name":"Shining Light","floor":3,"gold_loss":0,"cards_upgraded":["Strike_R","Strike_R"]},{"damage_healed":0,"gold_gain":75,"player_choice":"Gather Gold","damage_taken":11,"max_hp_gain":0,"max_hp_loss":0,"event_name":"World of Goop","floor":4,"gold_loss":0},{"damage_healed":0,"gold_gain":0,"player_choice":"Ignored","damage_taken":0,"max_hp_gain":0,"max_hp_loss":0,"event_name":"Liars Game","floor":8,"gold_loss":0},{"damage_healed":18,"gold_gain":0,"player_choice":"Healed and dodged fight","damage_taken":0,"max_hp_gain":0,"max_hp_loss":0,"event_name":"Mushrooms","floor":11,"gold_loss":0,"cards_obtained":["Parasite"]},{"cards_removed":["Parasite"],"damage_healed":0,"gold_gain":0,"player_choice":"Card Removal","damage_taken":0,"max_hp_gain":0,"max_hp_loss":0,"event_name":"The Cleric","floor":13,"gold_loss":75},{"damage_healed":0,"gold_gain":0,"player_choice":"Opened","damage_taken":0,"relics_obtained":["Pantograph"],"max_hp_gain":0,"max_hp_loss":0,"event_name":"The Mausoleum","floor":20,"gold_loss":0,"cards_obtained":["Writhe"]}],"is_beta":false,"boss_relics":[{"not_picked":["Black Blood","Snecko Eye"],"picked":"Philosopher\u0027s Stone"}],"items_purged_floors":[5,21],"is_endless":false,"potions_floor_spawned":[14],"killed_by":"Gremlin Leader","ascension_level":20}}