{"host":"og6lam4kt3nibbw0","time":1613840225,"event":{"mods":["AchievementEnabler","BaseMod","Colored Map","DeckTracker","Highlight Path","Keyboard Shortcuts","Minty Spire (QoL Compilation)","Permanent Neow","Quick Restart","StSLib","SuperFastMode"],"gold_per_floor":[118,138,149,161,179,208,40,40,40,11,11,11,27,27,27,105,105,119,130,149,149,161,161,3,3,3,21,21,21,40,40,40],"floor_reached":31,"language":"KOR","playtime":863,"items_purged":[],"score":478,"play_id":"9d9a7394-6486-4a82-ac04-691a00637796","local_time":"20210221015705","is_ascension_mode":true,"campfire_choices":[{"data":"Doom and Gloom","floor":8.0,"key":"SMITH"},{"data":"Loop","floor":11.0,"key":"SMITH"},{"data":"Go for the Eyes","floor":15.0,"key":"SMITH"},{"floor":23.0,"key":"REST"},{"data":"Biased Cognition","floor":25.0,"key":"SMITH"},{"data":"Glacier","floor":28.0,"key":"SMITH"}],"circlet_count":0,"master_deck":["AscendersBane","Strike_B","Strike_B+1","Strike_B","Defend_B","Defend_B","Defend_B","Zap+1","Dualcast","Auto Shields+1","Sweeping Beam+1","Chill","Go for the Eyes+1","Doom and Gloom+1","Loop+1","Core Surge","Ball Lightning","Conserve Battery","Skim","Biased Cognition+1","Turbo+1","Glacier+1","Core Surge","Coolheaded"],"relics":["Cracked Core","Whetstone","Orrery","Matryoshka","Shuriken","Inserter","TheAbacus","Ancient Tea Set"],"acts_visited":["Exordium","TheCity"],"potions_floor_usage":[31],"damage_taken":[{"damage":4.0,"enemies":"Small Slimes","floor":1.0,"turns":3.0},{"damage":0.0,"enemies":"Jaw Worm","floor":2.0,"turns":2.0},{"damage":0.0,"enemies":"Cultist","floor":3.0,"turns":3.0},{"damage":0.0,"enemies":"Exordium Wildlife","floor":4.0,"turns":6.0},{"damage":6.0,"enemies":"Looter","floor":5.0,"turns":3.0},{"damage":14.0,"enemies":"Lagavulin","floor":6.0,"turns":5.0},{"damage":0.0,"enemies":"Lots of Slimes","floor":13.0,"turns":4.0},{"damage":16.0,"enemies":"The Guardian","floor":16.0,"turns":8.0},{"damage":0.0,"enemies":"Chosen","floor":18.0,"turns":3.0},{"damage":13.0,"enemies":"2 Thieves","floor":19.0,"turns":4.0},{"damage":8.0,"enemies":"Snecko","floor":20.0,"turns":5.0},{"damage":32.0,"enemies":"Cultist and Chosen","floor":22.0,"turns":5.0},{"damage":0.0,"enemies":"Sentry and Sphere","floor":27.0,"turns":4.0},{"damage":0.0,"enemies":"Shelled Parasite and Fungi","floor":30.0,"turns":6.0},{"damage":30,"enemies":"Slavers","floor":31,"turns":1}],"seed_played":"7038050787470727363","potions_obtained":[{"floor":1.0,"key":"EssenceOfDarkness"},{"floor":3.0,"key":"LiquidMemories"},{"floor":19.0,"key":"Ancient Potion"},{"floor":22.0,"key":"Explosive Potion"}],"is_trial":false,"path_per_floor":["M","M","M","M","M","E","$","R","T","$","R","?","M","?","R","B",null,"M","M","M","?","M","R","$","R","T","M","R","?","M","E"],"character_chosen":"DEFECT","items_purchased":["Orrery","Conserve Battery","TheAbacus"],"campfire_rested":1,"item_purchase_floors":[7,10,24],"current_hp_per_floor":[60,60,60,60,54,40,40,40,40,40,40,22,22,22,22,6,55,55,42,34,34,2,23,23,23,23,23,23,23,23,0,0],"gold":40,"neow_bonus":"UPGRADE_CARD","is_daily":false,"chose_seed":false,"campfire_upgraded":5,"win_rate":0.0,"timestamp":1613840225,"path_taken":["M","M","M","M","M","E","$","R","T","$","R","?","M","?","R","BOSS","M","?","M","?","M","R","$","R","T","M","R","?","M","E"],"items_purchased_type":["Relic","Card","Relic"],"build_version":"2020-12-22","purchased_purges":0,"victory":false,"max_hp_per_floor":[71,71,71,71,71,71,71,71,71,71,71,71,71,71,71,71,71,71,71,71,71,71,71,71,71,71,71,71,71,71,71,71],"card_choices":[{"not_picked":["Barrage","Reinforced Body"],"picked":"Auto Shields","floor":1.0},{"not_picked":["Blizzard","Force Field"],"picked":"Sweeping Beam","floor":2.0},{"not_picked":["Gash","Cold Snap"],"picked":"Chill","floor":3.0},{"not_picked":["Beam Cell","Compile Driver","Cold Snap"],"picked":"SKIP","floor":4.0},{"not_picked":["Reprogram","Multi-Cast"],"picked":"Go for the Eyes","floor":5.0},{"not_picked":["Barrage","Storm","Streamline"],"picked":"SKIP","floor":6.0},{"not_picked":["Sweeping Beam","Hologram"],"picked":"Doom and Gloom","floor":7.0},{"not_picked":["Stack","Rebound"],"picked":"Loop","floor":7.0},{"not_picked":["Steam Power","Beam Cell"],"picked":"Core Surge","floor":7.0},{"not_picked":["Loop","Rebound"],"picked":"Ball Lightning","floor":7.0},{"not_picked":["Hologram","Sweeping Beam","Fusion"],"picked":"SKIP","floor":13.0},{"not_picked":["Echo Form","Amplify"],"picked":"Biased Cognition","floor":16.0},{"not_picked":["Cold Snap","Barrage"],"picked":"Turbo+1","floor":18.0},{"not_picked":["Stack","Streamline","Go for the Eyes+1"],"picked":"SKIP","floor":19.0},{"not_picked":["Scrape","Sweeping Beam","Go for the Eyes"],"picked":"SKIP","floor":20.0},{"not_picked":["Hologram","Loop"],"picked":"Glacier","floor":22.0},{"not_picked":["Barrage","Storm"],"picked":"Core Surge","floor":27.0},{"not_picked":["Steam Power","Go for the Eyes"],"picked":"Coolheaded","floor":30.0}],"player_experience":981474,"relics_obtained":[{"floor":6.0,"key":"Whetstone"},{"floor":9.0,"key":"Matryoshka"},{"floor":26.0,"key":"Ancient Tea Set"}],"event_choices":[{"damage_healed":0.0,"max_hp_gain":0.0,"max_hp_loss":0.0,"gold_gain":0.0,"event_name":"Scrap Ooze","player_choice":"Success","floor":12.0,"gold_loss":0.0,"damage_taken":18.0,"relics_obtained":["Shuriken"]},{"damage_healed":0.0,"max_hp_gain":0.0,"max_hp_loss":0.0,"gold_gain":0.0,"cards_transformed":["Strike_B"],"event_name":"Transmorgrifier","player_choice":"Transformed","floor":14.0,"gold_loss":0.0,"damage_taken":0.0,"cards_obtained":["Skim"]},{"cards_removed":["Defend_B"],"damage_healed":0.0,"max_hp_gain":0.0,"max_hp_loss":0.0,"gold_gain":0.0,"event_name":"Back to Basics","player_choice":"Elegance","floor":21.0,"gold_loss":0.0,"damage_taken":0.0},{"damage_healed":0.0,"max_hp_gain":0.0,"max_hp_loss":0.0,"gold_gain":0.0,"event_name":"Accursed Blacksmith","player_choice":"Forge","floor":29.0,"gold_loss":0.0,"damage_taken":0.0,"cards_upgraded":["Auto Shields"]}],"is_beta":false,"boss_relics":[{"not_picked":["Sozu","Busted Crown"],"picked":"Inserter"}],"items_purged_floors":[],"is_endless":false,"potions_floor_spawned":[1,3,19,22,27],"killed_by":"Slavers","ascension_level":20}}