{"host":"v4tuy5ykrbdcm9o9","time":1613843474,"event":{"mods":["BaseMod","Duelist Mod","Minty Spire (QoL Compilation)","Replay The Spire","StSLib"],"gold_per_floor":[117,130,144,144,109,135,54,54,81,96,96,129,129,6,6,131,131,155,196,221,27,27,61,61,1,28,51,51,51,92,111,111,235,235,251,272,272,34,49,85,25,41,68,88,88,88],"floor_reached":47,"language":"ENG","playtime":5840,"items_purged":[],"score":1177,"play_id":"42945419-d5b7-4996-8161-233b8d41e126","local_time":"20210220125114","is_ascension_mode":true,"campfire_choices":[{"floor":11,"key":"RECALL"},{"floor":15,"key":"REST"},{"floor":24,"key":"REST"},{"floor":28,"key":"REST"},{"floor":32,"key":"REST"}],"circlet_count":0,"master_deck":["AscendersBane","Strike_G","Strike_G","Strike_G","Strike_G+1","Strike_G","Defend_G","Defend_G","Defend_G","Defend_G+1","Defend_G","Survivor","Neutralize","Acrobatics","Underhanded Strike","Slice","Slice","Terror+1","Concentrate","Quick Slash","Backflip","Quick Slash","Tools of the Trade","ReplayTheSpireMod:The Works","Flying Knee","Spreading Infection","Underhanded Strike","Slice","Pot Of Greed","Pot Of Greed","Pot Of Greed","Dagger Spray","Injury","Distraction","Expertise","Bullet Time","ReplayTheSpireMod:The Works","Pot Of Greed","Skewer+1","Blur+1","Deflect+1","Writhe","Quick Slash+1"],"relics":["Ring of the Snake","Oddly Smooth Stone","Blood Vial","ReplayFunnel","Simple Rune","Art of War","Golden Idol","Replay:Grab Bag","Philosopher\u0027s Stone","Cursed Key","Black Star","Red Mask","ReplayTheSpireMod:CursedCoin","Vajra","Counterbalance","Pear","Grinning Jar","Nunchaku","Ring of Misfortune","Juzu Bracelet","Centennial Puzzle","Snecko Scales","Snack Pack","Replay:Wax Seal","Ornamental Fan","Anchor"],"acts_visited":["Exordium","TheCity","TheBeyond"],"potions_floor_usage":[6,18,19,19,27,30,33,35,46],"damage_taken":[{"damage":6,"enemies":"2 Louse","floor":1,"turns":4},{"damage":0,"enemies":"Small Slimes","floor":2,"turns":4},{"damage":4,"enemies":"Jaw Worm","floor":3,"turns":5},{"damage":6,"enemies":"Replay:BlueRogue","floor":6,"turns":5},{"damage":0,"enemies":"2 Fungi Beasts","floor":10,"turns":2},{"damage":7,"enemies":"Lagavulin","floor":12,"turns":5},{"damage":21,"enemies":"The Guardian","floor":16,"turns":12},{"damage":13,"enemies":"2 Thieves","floor":18,"turns":4},{"damage":22,"enemies":"Masked Bandits","floor":19,"turns":6},{"damage":0,"enemies":"Chosen","floor":20,"turns":3},{"damage":16,"enemies":"theDuelist:KaibaA2","floor":23,"turns":4},{"damage":23,"enemies":"Snecko","floor":27,"turns":8},{"damage":0,"enemies":"Slavers","floor":30,"turns":7},{"damage":0,"enemies":"Shelled Parasite and Fungi","floor":31,"turns":4},{"damage":20,"enemies":"Pondfish","floor":33,"turns":13},{"damage":0,"enemies":"3 Darklings","floor":35,"turns":7},{"damage":0,"enemies":"3 Shapes","floor":36,"turns":5},{"damage":16,"enemies":"Writhing Mass","floor":39,"turns":3},{"damage":0,"enemies":"R_Hoarder","floor":40,"turns":8},{"damage":0,"enemies":"Transient","floor":42,"turns":5},{"damage":2,"enemies":"Maw","floor":44,"turns":5},{"damage":0,"enemies":"Replay:Hell Engine","floor":46,"turns":14}],"seed_played":"9141358983074779505","potions_obtained":[{"floor":2,"key":"Dexterity Potion"},{"floor":3,"key":"Fire Potion"},{"floor":16,"key":"Poison Potion"},{"floor":19,"key":"DuplicationPotion"},{"floor":20,"key":"Strength Potion"},{"floor":30,"key":"SkillPotion"},{"floor":31,"key":"LiquidMemories"},{"floor":44,"key":"SteroidPotion"}],"is_trial":false,"path_per_floor":["M","M","M","?","?","E","$","?","T","M","R","E","?","$","R","B",null,"M","?","M","$","?","E","R","?","T","M","R","?","E","M","R","B",null,"M","M","?","$","M","E","?","M","T","M","?","B",null],"character_chosen":"THE_SILENT","items_purchased":["Terror","Backflip","ColorlessPotion","Quick Slash","FairyPotion","ReplayTheSpireMod:CursedCoin","Vajra","Underhanded Strike","Slice","Snack Pack"],"campfire_rested":4,"item_purchase_floors":[7,14,14,14,21,21,21,21,21,38],"current_hp_per_floor":[57,57,53,35,52,48,48,48,48,50,50,45,28,28,49,30,60,49,29,31,31,31,27,51,51,51,30,54,54,56,58,80,60,75,77,79,79,79,64,74,74,80,80,80,80,80],"gold":88,"neow_bonus":"RANDOM_COMMON_RELIC","is_daily":false,"chose_seed":false,"campfire_upgraded":0,"win_rate":0.0,"timestamp":1613843474,"path_taken":["M","M","M","?","?","E","$","?","T","M","R","E","?","$","R","BOSS","M","?","M","$","?","E","R","?","T","?","R","?","E","M","R","BOSS","M","M","?","$","M","E","?","M","T","M","?","BOSS"],"items_purchased_type":["Card","Card","Potion","Card","Potion","Relic","Relic","Card","Card","Relic"],"build_version":"2020-12-22","purchased_purges":0,"victory":true,"max_hp_per_floor":[70,70,70,70,70,70,70,70,70,70,70,70,70,70,70,70,70,70,70,70,70,70,80,80,80,80,80,80,80,80,80,80,80,80,80,80,80,80,80,80,80,80,80,80,80,80],"card_choices":[{"not_picked":["Slice","Terror"],"picked":"Acrobatics","floor":1},{"not_picked":["Heel Hook","Footwork"],"picked":"Underhanded Strike","floor":2},{"not_picked":["Bane","PiercingWail"],"picked":"Slice","floor":3},{"not_picked":["Sucker Punch","Distraction"],"picked":"Slice","floor":6},{"not_picked":["PiercingWail","Dagger Spray"],"picked":"Concentrate","floor":10},{"not_picked":["Slice","ReplayTheSpireMod:Exploit Weakness"],"picked":"Quick Slash","floor":12},{"not_picked":["ReplayTheSpireMod:From All Sides","Malaise"],"picked":"Tools of the Trade","floor":16},{"not_picked":["Blade Dance+1","Choke"],"picked":"ReplayTheSpireMod:The Works","floor":18},{"not_picked":["Bane","Cloak And Dagger+1"],"picked":"Flying Knee","floor":19},{"not_picked":["Poisoned Stab","Skewer"],"picked":"Caltrops","floor":20},{"not_picked":["Skewer","Bouncing Flask"],"picked":"Dagger Spray","floor":23},{"not_picked":["Flying Knee","PiercingWail"],"picked":"Distraction","floor":27},{"not_picked":["Escape Plan","Corpse Explosion"],"picked":"Expertise","floor":30},{"not_picked":["Sucker Punch","Bane","Dagger Spray"],"picked":"SKIP","floor":31},{"not_picked":["Wraith Form v2","Die Die Die"],"picked":"Bullet Time","floor":33},{"not_picked":["Outmaneuver+1","Escape Plan"],"picked":"ReplayTheSpireMod:The Works","floor":35},{"not_picked":["Dodge and Roll","Masterful Stab"],"picked":"Skewer+1","floor":36},{"not_picked":["Dodge and Roll+1","Fluid Movement"],"picked":"Blur+1","floor":39},{"not_picked":["Draining Mist+1","Heel Hook","Bane"],"picked":"SKIP","floor":40},{"not_picked":["Deadly Poison+1","Crippling Poison"],"picked":"Deflect+1","floor":42},{"not_picked":["All Out Attack+1","Outmaneuver+1"],"picked":"Quick Slash+1","floor":44}],"player_experience":925268,"relics_obtained":[{"floor":6,"key":"ReplayFunnel"},{"floor":9,"key":"Simple Rune"},{"floor":12,"key":"Art of War"},{"floor":19,"key":"Red Mask"},{"floor":23,"key":"Pear"},{"floor":23,"key":"Grinning Jar"},{"floor":26,"key":"Nunchaku"},{"floor":29,"key":"Ring of Misfortune"},{"floor":30,"key":"Juzu Bracelet"},{"floor":30,"key":"Centennial Puzzle"},{"floor":40,"key":"Replay:Wax Seal"},{"floor":40,"key":"Ornamental Fan"},{"floor":43,"key":"Anchor"}],"event_choices":[{"damage_healed":0,"gold_gain":0,"player_choice":"Success","damage_taken":18,"relics_obtained":["Blood Vial"],"max_hp_gain":0,"max_hp_loss":0,"event_name":"Scrap Ooze","floor":4,"gold_loss":0},{"damage_healed":17,"gold_gain":0,"player_choice":"Healed","damage_taken":0,"max_hp_gain":0,"max_hp_loss":0,"event_name":"The Cleric","floor":5,"gold_loss":35},{"damage_healed":0,"gold_gain":0,"player_choice":"Grow","damage_taken":0,"max_hp_gain":0,"max_hp_loss":0,"event_name":"Living Wall","floor":8,"gold_loss":0,"cards_upgraded":["Terror"]},{"damage_healed":0,"gold_gain":0,"player_choice":"Take Damage","damage_taken":17,"relics_obtained":["Golden Idol"],"max_hp_gain":0,"max_hp_loss":0,"event_name":"Golden Idol","floor":13,"gold_loss":0},{"damage_healed":0,"gold_gain":0,"player_choice":"Fought Bandits","damage_taken":0,"max_hp_gain":0,"max_hp_loss":0,"event_name":"Masked Bandits","floor":19,"gold_loss":0},{"damage_healed":0,"gold_gain":0,"player_choice":"Stole Relic","damage_taken":0,"relics_obtained":["Counterbalance"],"max_hp_gain":0,"max_hp_loss":0,"event_name":"Addict","floor":22,"gold_loss":0,"cards_obtained":["Shame"]},{"cards_removed":["Caltrops"],"damage_healed":0,"gold_gain":0,"player_choice":"Removed Power","damage_taken":0,"max_hp_gain":0,"max_hp_loss":0,"event_name":"Falling","floor":37,"gold_loss":0},{"cards_removed":["Shame"],"damage_healed":0,"gold_gain":0,"player_choice":"Single Remove","damage_taken":0,"max_hp_gain":0,"max_hp_loss":0,"event_name":"Designer","floor":41,"gold_loss":60},{"damage_healed":0,"gold_gain":0,"player_choice":"Took Portal","damage_taken":0,"max_hp_gain":0,"max_hp_loss":0,"event_name":"SecretPortal","floor":45,"gold_loss":0}],"is_beta":false,"boss_relics":[{"not_picked":["Replay:Ancient Bell","Sozu"],"picked":"Replay:Grab Bag"},{"not_picked":["ReplayTheSpireMod:DimensionalGlitch","Runic Dome"],"picked":"Philosopher\u0027s Stone"},{"not_picked":["Fusion Hammer","Velvet Choker"],"picked":"Cursed Key"},{"not_picked":["Replay:Drink Me","Kintsugi"],"picked":"Black Star"},{"not_picked":["Ring of the Serpent","SacredBark"],"picked":"Snecko Scales"}],"items_purged_floors":[],"is_endless":false,"potions_floor_spawned":[2,3,16,19,20,30,31,44],"ascension_level":10}}