{"host":"ue7jlgf7uv134an9","time":1613787094,"event":{"mods":["BaseMod","Better Third Choice","Colored Map","Defuse TimeMaze Blight","Minty Spire (QoL Compilation)","Quick Restart","Rare Cards Sparkle","Relic Stats","StSLib","UnlockEverythingMod"],"gold_per_floor":[110,130,149,149,149,174,174,215,264,275,251,274,302,315,315,423,423,448,436,436,55,55,92,92,104,186,201,301,301,15,27,27,124,124,149,195,245,23,36,78,78,97,97,97,97,33,47,47,47,47],"floor_reached":51,"language":"ENG","playtime":3619,"items_purged":["Acrobatics","Strike_G+1"],"score":957,"play_id":"0cbbdcca-aa41-4157-ace5-aea8fe9ac8b5","local_time":"20210219211134","is_ascension_mode":false,"campfire_choices":[{"data":"Sucker Punch","floor":7.0,"key":"SMITH"},{"floor":15.0,"key":"REST"},{"data":"Calculated Gamble","floor":24.0,"key":"SMITH"},{"data":"Noxious Fumes","floor":29.0,"key":"SMITH"},{"data":"After Image","floor":32.0,"key":"SMITH"},{"data":"Sadistic Nature","floor":41.0,"key":"SMITH"},{"floor":45.0,"key":"REST"},{"data":"Bane","floor":49.0,"key":"SMITH"}],"circlet_count":0,"master_deck":["Strike_G+1","Strike_G+1","Strike_G+1","Defend_G+1","Defend_G+1","Defend_G+1","Defend_G+1","Survivor","Neutralize","Noxious Fumes+1","PiercingWail","Backflip","Dagger Spray+1","Sucker Punch+1","Dash","Calculated Gamble+1","Bane+1","After Image+1","Backflip","Escape Plan","Dagger Spray+1","Dash+1","Blade Dance","Backstab","Deadly Poison","Deflect","Sadistic Nature+1","Leg Sweep","Bane+1","Blur"],"relics":["Ring of the Snake","Blue Candle","CeramicFish","Toy Ornithopter","Busted Crown","Orrery","Bag of Marbles","Ancient Tea Set","Ornamental Fan","FossilizedHelix","Bottled Tornado","HandDrill","SlaversCollar","TungstenRod","Incense Burner","Pantograph","Mercury Hourglass","Bottled Lightning"],"acts_visited":["TheCity","TheBeyond"],"potions_floor_usage":[50,50,50],"damage_taken":[{"damage":3.0,"enemies":"Small Slimes","floor":1.0,"turns":5.0},{"damage":0.0,"enemies":"2 Louse","floor":2.0,"turns":3.0},{"damage":0.0,"enemies":"Cultist","floor":3.0,"turns":5.0},{"damage":4.0,"enemies":"3 Sentries","floor":6.0,"turns":6.0},{"damage":14.0,"enemies":"Gremlin Nob","floor":8.0,"turns":5.0},{"damage":8.0,"enemies":"Large Slime","floor":10.0,"turns":8.0},{"damage":0.0,"enemies":"3 Louse","floor":12.0,"turns":3.0},{"damage":0.0,"enemies":"Exordium Wildlife","floor":13.0,"turns":3.0},{"damage":2.0,"enemies":"Blue Slaver","floor":14.0,"turns":4.0},{"damage":16.0,"enemies":"Slime Boss","floor":16.0,"turns":7.0},{"damage":0.0,"enemies":"Spheric Guardian","floor":18.0,"turns":6.0},{"damage":4.0,"enemies":"2 Thieves","floor":19.0,"turns":4.0},{"damage":8.0,"enemies":"Slavers","floor":23.0,"turns":3.0},{"damage":4.0,"enemies":"Sentry and Sphere","floor":25.0,"turns":5.0},{"damage":2.0,"enemies":"Cultist and Chosen","floor":27.0,"turns":4.0},{"damage":3.0,"enemies":"Colosseum Slavers","floor":28.0,"turns":4.0},{"damage":0.0,"enemies":"Colosseum Nobs","floor":28.0,"turns":3.0},{"damage":0.0,"enemies":"Chosen and Byrds","floor":31.0,"turns":3.0},{"damage":0.0,"enemies":"Automaton","floor":33.0,"turns":10.0},{"damage":1.0,"enemies":"3 Shapes","floor":35.0,"turns":5.0},{"damage":17.0,"enemies":"2 Orb Walkers","floor":36.0,"turns":6.0},{"damage":0.0,"enemies":"Mind Bloom Boss Battle","floor":37.0,"turns":6.0},{"damage":0.0,"enemies":"Orb Walker","floor":39.0,"turns":3.0},{"damage":0.0,"enemies":"Reptomancer","floor":40.0,"turns":6.0},{"damage":7.0,"enemies":"3 Darklings","floor":42.0,"turns":4.0},{"damage":0.0,"enemies":"Transient","floor":47.0,"turns":5.0},{"damage":2,"enemies":"Awakened One","floor":50,"turns":11}],"seed_played":"4683448307066849400","potions_obtained":[{"floor":3.0,"key":"EssenceOfSteel"},{"floor":8.0,"key":"Explosive Potion"},{"floor":10.0,"key":"SteroidPotion"},{"floor":14.0,"key":"Swift Potion"},{"floor":23.0,"key":"Block Potion"},{"floor":27.0,"key":"AttackPotion"},{"floor":31.0,"key":"Explosive Potion"},{"floor":33.0,"key":"Fire Potion"},{"floor":36.0,"key":"CultistPotion"},{"floor":37.0,"key":"LiquidBronze"},{"floor":39.0,"key":"Weak Potion"},{"floor":47.0,"key":"SkillPotion"}],"is_trial":false,"path_per_floor":["M","M","M","?","?","E","R","E","T","M","?","M","M","M","R","B",null,"M","M","?","$","?","E","R","M","T","M","?","R","$","M","R","B",null,"M","?","?","$","M","E","R","M","T","T","R","$","M","?","R","B",null],"character_chosen":"THE_SILENT","items_purchased":["Orrery","Blade Dance","Bag of Marbles","HandDrill","Deadly Poison","Sadistic Nature","Leg Sweep","Blur"],"campfire_rested":2,"item_purchase_floors":[21,21,21,30,30,38,38,46],"current_hp_per_floor":[46,46,46,46,46,42,42,28,28,20,20,20,20,18,39,33,70,70,66,66,66,66,58,58,54,54,52,54,54,54,54,54,59,70,69,57,57,57,57,57,57,50,50,50,70,70,70,66,66,64],"gold":47,"neow_bonus":"TRANSFORM_TWO_CARDS","is_daily":false,"chose_seed":false,"campfire_upgraded":6,"win_rate":0.0,"timestamp":1613787094,"path_taken":["M","M","M","?","?","E","R","E","T","?","?","M","M","M","R","BOSS","M","M","?","$","?","E","R","M","T","M","?","R","$","M","R","BOSS","M","?","?","$","M","E","R","M","T","?","R","$","M","?","R","BOSS"],"items_purchased_type":["Relic","Card","Relic","Relic","Card","Card","Card","Card"],"build_version":"2020-12-22","purchased_purges":2,"victory":true,"max_hp_per_floor":[70,70,70,70,70,70,70,70,70,70,70,70,70,70,70,70,70,70,70,70,70,70,70,70,70,70,70,70,70,70,70,70,70,70,70,70,70,70,70,70,70,70,70,70,70,70,70,66,66,66],"relic_stats":{"Busted Crown":40,"counters":[27,137],"Ornamental Fan":[164],"Blue Candle":[0],"CeramicFish":144,"Pantograph":0,"HandDrill":[12],"obtain_stats":[{"Blue Candle":6,"CeramicFish":8,"Incense Burner":37,"Bottled Tornado":28,"Ancient Tea Set":23,"Mercury Hourglass":43,"SlaversCollar":34,"Busted Crown":17,"Ornamental Fan":26,"Pantograph":40,"Orrery":21,"Bag of Marbles":21,"HandDrill":30,"Bottled Lightning":44,"Toy Ornithopter":9,"FossilizedHelix":28,"TungstenRod":36,"Ring of the Snake":0},{"Blue Candle":4,"CeramicFish":5,"Incense Burner":22,"Bottled Tornado":17,"Ancient Tea Set":13,"Mercury Hourglass":25,"SlaversCollar":19,"Busted Crown":10,"Ornamental Fan":14,"Pantograph":24,"Orrery":12,"Bag of Marbles":12,"HandDrill":17,"Bottled Lightning":25,"Toy Ornithopter":5,"FossilizedHelix":17,"TungstenRod":21,"Ring of the Snake":0},{"Blue Candle":19,"CeramicFish":24,"Incense Burner":108,"Bottled Tornado":78,"Ancient Tea Set":62,"Mercury Hourglass":121,"SlaversCollar":91,"Busted Crown":49,"Ornamental Fan":67,"Pantograph":117,"Orrery":59,"Bag of Marbles":59,"HandDrill":78,"Bottled Lightning":121,"Toy Ornithopter":24,"FossilizedHelix":78,"TungstenRod":102,"Ring of the Snake":0}],"Toy Ornithopter":25,"TungstenRod":3,"Ring of the Snake":[54],"Mercury Hourglass":[60]},"card_choices":[{"not_picked":["Dodge and Roll","Calculated Gamble"],"picked":"PiercingWail","floor":1.0},{"not_picked":["Outmaneuver","Tactician"],"picked":"Backflip","floor":2.0},{"not_picked":["Cloak And Dagger","Underhanded Strike"],"picked":"Dagger Spray","floor":3.0},{"not_picked":["Slice","Backstab"],"picked":"Sucker Punch","floor":6.0},{"not_picked":["Tactician","Sucker Punch"],"picked":"Dash","floor":8.0},{"not_picked":["Bane","Dagger Throw","Quick Slash"],"picked":"SKIP","floor":10.0},{"not_picked":["Wraith Form v2","Acrobatics"],"picked":"Calculated Gamble","floor":12.0},{"not_picked":["Prepared","Bane","PiercingWail"],"picked":"SKIP","floor":13.0},{"not_picked":["Prepared","PiercingWail"],"picked":"Bane","floor":13.0},{"not_picked":["Bane","Eviscerate","Choke"],"picked":"SKIP","floor":14.0},{"not_picked":["A Thousand Cuts","Adrenaline"],"picked":"After Image","floor":16.0},{"not_picked":[],"picked":"Backflip","floor":18.0},{"not_picked":["Skewer"],"picked":"SKIP","floor":19.0},{"not_picked":[],"picked":"Escape Plan","floor":21.0},{"not_picked":[],"picked":"Dagger Spray+1","floor":21.0},{"not_picked":[],"picked":"Dash+1","floor":21.0},{"not_picked":[],"picked":"Backstab","floor":23.0},{"not_picked":["Infinite Blades"],"picked":"SKIP","floor":25.0},{"not_picked":["Deadly Poison"],"picked":"SKIP","floor":27.0},{"not_picked":["Flying Knee+1"],"picked":"SKIP","floor":31.0},{"not_picked":[],"picked":"Deflect","floor":35.0},{"not_picked":["Quick Slash"],"picked":"SKIP","floor":39.0},{"not_picked":[],"picked":"Bane+1","floor":40.0},{"not_picked":["Underhanded Strike+1"],"picked":"SKIP","floor":42.0},{"not_picked":["Flying Knee"],"picked":"SKIP","floor":47.0}],"player_experience":95985,"relics_obtained":[{"floor":6.0,"key":"Blue Candle"},{"floor":8.0,"key":"CeramicFish"},{"floor":9.0,"key":"Toy Ornithopter"},{"floor":23.0,"key":"Ancient Tea Set"},{"floor":26.0,"key":"Ornamental Fan"},{"floor":28.0,"key":"FossilizedHelix"},{"floor":28.0,"key":"Bottled Tornado"},{"floor":36.0,"key":"TungstenRod"},{"floor":37.0,"key":"Incense Burner"},{"floor":40.0,"key":"Pantograph"},{"floor":43.0,"key":"Mercury Hourglass"},{"floor":44.0,"key":"Bottled Lightning"}],"event_choices":[{"damage_healed":0.0,"max_hp_gain":0.0,"max_hp_loss":0.0,"gold_gain":0.0,"event_name":"betterThird:BetterSerpent","player_choice":"Ignored","floor":4.0,"gold_loss":0.0,"damage_taken":149.0},{"damage_healed":0.0,"max_hp_gain":0.0,"max_hp_loss":0.0,"gold_gain":0.0,"event_name":"Upgrade Shrine","player_choice":"Upgraded","floor":5.0,"gold_loss":0.0,"damage_taken":0.0,"cards_upgraded":["Dagger Spray"]},{"damage_healed":0.0,"max_hp_gain":0.0,"max_hp_loss":0.0,"gold_gain":0.0,"event_name":"betterThird:BetterGoop","player_choice":"Left","floor":11.0,"gold_loss":24.0,"damage_taken":0.0},{"damage_healed":0.0,"max_hp_gain":0.0,"max_hp_loss":8.0,"gold_gain":0.0,"event_name":"betterThird:BetterWriting","player_choice":"Simplicity","floor":20.0,"gold_loss":0.0,"damage_taken":0.0},{"damage_healed":0.0,"max_hp_gain":0.0,"max_hp_loss":0.0,"gold_gain":0.0,"event_name":"Colosseum","player_choice":"Fight","floor":28.0,"gold_loss":0.0,"damage_taken":0.0},{"damage_healed":0.0,"max_hp_gain":0.0,"max_hp_loss":0.0,"gold_gain":0.0,"event_name":"Colosseum","player_choice":"Fought Nobs","floor":28.0,"gold_loss":0.0,"damage_taken":0.0},{"damage_healed":0.0,"max_hp_gain":0.0,"max_hp_loss":0.0,"gold_gain":0.0,"event_name":"Mysterious Sphere","player_choice":"Fight","floor":36.0,"gold_loss":0.0,"damage_taken":0.0},{"damage_healed":0.0,"max_hp_gain":0.0,"max_hp_loss":0.0,"gold_gain":0.0,"event_name":"MindBloom","player_choice":"Fight","floor":37.0,"gold_loss":0.0,"damage_taken":0.0},{"damage_healed":0.0,"max_hp_gain":0.0,"max_hp_loss":4.0,"gold_gain":0.0,"event_name":"Winding Halls","player_choice":"Max HP","floor":48.0,"gold_loss":0.0,"damage_taken":0.0}],"is_beta":false,"boss_relics":[{"not_picked":["Empty Cage","Pandora\u0027s Box"],"picked":"Busted Crown"},{"not_picked":["SacredBark","Astrolabe"],"picked":"SlaversCollar"}],"items_purged_floors":[21,30],"is_endless":false,"potions_floor_spawned":[3,8,10,14,23,27,28,31,33,36,37,39,47],"ascension_level":0}}