{"host":"xw7092rw7wabncmm","time":1613847798,"event":{"mods":["AchievementEnabler","BaseMod","Bestiary","Block Reminder","Minty Spire (QoL Compilation)","Quick Restart","Relic Stats","Slay-I","Weighted Paths"],"gold_per_floor":[112,112,131,131,146,175,175,210,236,264,274,274,294,328,328,429,429,439,439,453,469,250,279,279,313,337,348,19,49,49,49,49,49,49],"floor_reached":33,"language":"ENG","playtime":1994,"items_purged":[],"score":573,"play_id":"30df7502-75b7-4b70-b7a7-a1faab22698e","local_time":"20210220140318","is_ascension_mode":true,"campfire_choices":[{"floor":7,"key":"REST"},{"floor":12,"key":"REST"},{"data":"Streamline","floor":15,"key":"SMITH"},{"floor":24,"key":"DIG"},{"floor":30,"key":"DIG"},{"floor":32,"key":"REST"}],"circlet_count":0,"master_deck":["AscendersBane","Zap+1","Streamline+1","Auto Shields","Defragment","Go for the Eyes","Core Surge+1","Beam Cell+1","Reinforced Body","Undo","Gash+1","Buffer","BootSequence","Compile Driver+1","Rebound+1","Conserve Battery","Hologram","Compile Driver+1","Compile Driver+1","Fission","White Noise+1","Gash+1","Conserve Battery","Glacier","Meteor Strike+1","Stack","Apotheosis","Steam+1","Conserve Battery","Glacier","Undo","Leap"],"relics":["Cracked Core","War Paint","Nunchaku","PreservedInsect","Molten Egg 2","Strawberry","Mercury Hourglass","Art of War","Pandora\u0027s Box","Shovel","Chemical X","Toy Ornithopter","Tiny Chest","Blood Vial","Bag of Preparation","Orrery","MealTicket","Orichalcum"],"acts_visited":["Exordium","TheCity"],"potions_floor_usage":[8,16,21,27,29],"damage_taken":[{"damage":1,"enemies":"Small Slimes","floor":1,"turns":3},{"damage":0,"enemies":"2 Louse","floor":3,"turns":2},{"damage":1,"enemies":"Cultist","floor":5,"turns":3},{"damage":44,"enemies":"Gremlin Nob","floor":6,"turns":5},{"damage":10,"enemies":"Lagavulin","floor":8,"turns":4},{"damage":18,"enemies":"Gremlin Nob","floor":10,"turns":3},{"damage":1,"enemies":"Exordium Thugs","floor":11,"turns":3},{"damage":0,"enemies":"Exordium Wildlife","floor":13,"turns":2},{"damage":0,"enemies":"3 Sentries","floor":14,"turns":4},{"damage":5,"enemies":"Slime Boss","floor":16,"turns":11},{"damage":0,"enemies":"Shell Parasite","floor":18,"turns":4},{"damage":0,"enemies":"Spheric Guardian","floor":20,"turns":3},{"damage":1,"enemies":"3 Cultists","floor":21,"turns":3},{"damage":8,"enemies":"Book of Stabbing","floor":23,"turns":4},{"damage":7,"enemies":"Slavers","floor":25,"turns":4},{"damage":18,"enemies":"Snecko","floor":27,"turns":4},{"damage":40,"enemies":"Gremlin Leader","floor":29,"turns":7},{"damage":52,"enemies":"Automaton","floor":33,"turns":6}],"seed_played":"5882690889969638583","potions_obtained":[{"floor":6,"key":"DuplicationPotion"},{"floor":10,"key":"SmokeBomb"},{"floor":11,"key":"Fire Potion"},{"floor":16,"key":"FearPotion"},{"floor":25,"key":"FearPotion"},{"floor":27,"key":"Weak Potion"}],"is_trial":false,"path_per_floor":["M","?","M","?","M","E","R","E","T","E","M","R","M","E","R","B",null,"M","?","M","M","$","E","R","E","T","M","$","E","R","$","R","B"],"character_chosen":"DEFECT","items_purchased":["Chemical X","Glacier","Apotheosis","Orrery"],"campfire_rested":3,"item_purchase_floors":[22,22,28,28],"current_hp_per_floor":[67,49,49,49,48,4,26,16,23,5,4,28,28,28,28,23,67,67,67,67,66,66,58,58,51,51,40,40,7,7,22,46,0,0],"gold":49,"neow_bonus":"RANDOM_COMMON_RELIC","is_daily":false,"chose_seed":false,"campfire_upgraded":1,"win_rate":0.0,"timestamp":1613847798,"path_taken":["M","?","M","?","M","E","R","E","T","E","M","R","M","E","R","BOSS","M","?","M","M","?","E","R","E","T","M","?","E","R","$","R","BOSS"],"items_purchased_type":["Relic","Card","Card","Relic"],"build_version":"2020-12-22","purchased_purges":0,"victory":false,"max_hp_per_floor":[75,75,75,75,75,75,75,75,82,82,82,82,82,82,82,82,82,82,82,82,82,82,82,82,82,82,82,82,82,82,82,82,82,82],"relic_stats":{"counters":[18,74],"PreservedInsect":214,"Bag of Preparation":[6],"War Paint":["Zap","Defend_B"],"Orichalcum":[12],"Mercury Hourglass":[257],"Blood Vial":6,"Nunchaku":[13],"Shovel":2,"Pandora\u0027s Box":["BootSequence","Compile Driver","Rebound","Conserve Battery","Hologram","Compile Driver","Compile Driver","Fission"],"Tiny Chest":0,"MealTicket":15,"Art of War":[5],"Chemical X":[3],"obtain_stats":[{"PreservedInsect":6,"Bag of Preparation":26,"War Paint":0,"Orichalcum":30,"Mercury Hourglass":10,"Blood Vial":25,"Nunchaku":2,"Shovel":19,"Strawberry":9,"Orrery":28,"Molten Egg 2":8,"Pandora\u0027s Box":17,"Tiny Chest":24,"MealTicket":29,"Art of War":14,"Chemical X":22,"Cracked Core":0,"Toy Ornithopter":23},{"PreservedInsect":4,"Bag of Preparation":15,"War Paint":0,"Orichalcum":17,"Mercury Hourglass":6,"Blood Vial":15,"Nunchaku":1,"Shovel":11,"Strawberry":5,"Orrery":16,"Molten Egg 2":5,"Pandora\u0027s Box":10,"Tiny Chest":14,"MealTicket":17,"Art of War":9,"Chemical X":13,"Cracked Core":0,"Toy Ornithopter":14},{"PreservedInsect":13,"Bag of Preparation":57,"War Paint":0,"Orichalcum":68,"Mercury Hourglass":20,"Blood Vial":57,"Nunchaku":3,"Shovel":43,"Strawberry":17,"Orrery":61,"Molten Egg 2":17,"Pandora\u0027s Box":39,"Tiny Chest":53,"MealTicket":68,"Art of War":29,"Chemical X":49,"Cracked Core":0,"Toy Ornithopter":53}],"Toy Ornithopter":10},"card_choices":[{"not_picked":["Compile Driver","Rebound"],"picked":"Streamline","floor":1},{"not_picked":["Consume","Reprogram"],"picked":"Auto Shields","floor":3},{"not_picked":["Rebound","Steam"],"picked":"Defragment","floor":5},{"not_picked":["Scrape","Doom and Gloom"],"picked":"Go for the Eyes","floor":6},{"not_picked":["Steam","Stack"],"picked":"Core Surge+1","floor":8},{"not_picked":["Compile Driver+1","Steam Power"],"picked":"Beam Cell+1","floor":10},{"not_picked":["Chaos","Sweeping Beam+1"],"picked":"Reinforced Body","floor":11},{"not_picked":["Compile Driver+1","Gash+1"],"picked":"Undo","floor":13},{"not_picked":["Blizzard+1","Genetic Algorithm"],"picked":"Gash+1","floor":14},{"not_picked":["Seek","Rainbow"],"picked":"Buffer","floor":16},{"not_picked":["Cold Snap+1","Conserve Battery"],"picked":"White Noise+1","floor":18},{"not_picked":["Turbo","Rebound+1"],"picked":"Gash+1","floor":20},{"not_picked":["Streamline+1","Rebound+1"],"picked":"Conserve Battery","floor":21},{"not_picked":["Compile Driver+1","Redo","Rebound+1"],"picked":"SKIP","floor":23},{"not_picked":["White Noise","Streamline+1"],"picked":"Meteor Strike+1","floor":25},{"not_picked":["Melter+1","Chaos+1"],"picked":"Stack","floor":27},{"not_picked":["Sunder+1","Fusion"],"picked":"Steam+1","floor":28},{"not_picked":["Lockon+1","Static Discharge"],"picked":"Conserve Battery","floor":28},{"not_picked":["Stack+1","Conserve Battery"],"picked":"Glacier","floor":28},{"not_picked":["Redo","Hello World"],"picked":"Undo","floor":28},{"not_picked":["Gash+1","Force Field"],"picked":"Leap","floor":29}],"player_experience":1669798,"relics_obtained":[{"floor":6,"key":"PreservedInsect"},{"floor":8,"key":"Molten Egg 2"},{"floor":9,"key":"Strawberry"},{"floor":10,"key":"Mercury Hourglass"},{"floor":14,"key":"Art of War"},{"floor":23,"key":"Toy Ornithopter"},{"floor":24,"key":"Tiny Chest"},{"floor":25,"key":"Blood Vial"},{"floor":26,"key":"Bag of Preparation"},{"floor":29,"key":"MealTicket"},{"floor":30,"key":"Orichalcum"}],"event_choices":[{"damage_healed":0,"gold_gain":0,"player_choice":"Success","damage_taken":18,"relics_obtained":["Nunchaku"],"max_hp_gain":0,"max_hp_loss":0,"event_name":"Scrap Ooze","floor":2,"gold_loss":0},{"cards_removed":["Dualcast"],"damage_healed":0,"gold_gain":0,"player_choice":"Offered Basic","damage_taken":0,"max_hp_gain":0,"max_hp_loss":0,"event_name":"Bonfire Elementals","floor":4,"gold_loss":0},{"damage_healed":0,"gold_gain":0,"player_choice":"Gave Potion","damage_taken":0,"relics_obtained":["Shovel"],"max_hp_gain":0,"max_hp_loss":0,"event_name":"WeMeetAgain","floor":19,"gold_loss":0}],"is_beta":false,"boss_relics":[{"not_picked":["Busted Crown","Philosopher\u0027s Stone"],"picked":"Pandora\u0027s Box"}],"items_purged_floors":[],"is_endless":false,"potions_floor_spawned":[6,10,11,16,18,25,27],"killed_by":"Automaton","ascension_level":12}}