{"host":"Hawk","time":1613832834,"event":{"mods":["BaseMod","Downfall","Good Game Mod","Minty Spire (QoL Compilation)","Quick Restart","StSLib"],"gold_per_floor":[99,113,130,130,146,157,157,157,157,157,157],"floor_reached":9,"language":"ZHS","playtime":494,"items_purged":[],"score":56,"play_id":"14070ebf-f605-4077-9ea1-1d2cf0cfc24e","local_time":"20210220225354","is_ascension_mode":true,"campfire_choices":[{"floor":1,"key":"RECALL"}],"circlet_count":0,"master_deck":["bronze:Strike","bronze:Strike","bronze:Strike","bronze:Strike","bronze:Defend","bronze:Defend","bronze:Defend","bronze:Defend","bronze:Replicate","bronze:Goto","Slimebound:MassFeed","bronze:Separator","bronze:Break","bronze:Shield","bronze:Overload"],"relics":["bronze:BronzeCore","REME:ComplimentaryCards","Potion Belt"],"acts_visited":["Exordium"],"potions_floor_usage":[],"damage_taken":[{"damage":5,"enemies":"Small Slimes","floor":2,"turns":4},{"damage":0,"enemies":"2 Louse","floor":3,"turns":4},{"damage":0,"enemies":"Cultist","floor":5,"turns":2},{"damage":15,"enemies":"Exordium Thugs","floor":6,"turns":5},{"damage":62,"enemies":"Lagavulin","floor":9,"turns":8}],"seed_played":"8875265713070644041","potions_obtained":[],"is_trial":false,"path_per_floor":["R","M","M","?","M","M","T","?","E"],"character_chosen":"THE_AUTOMATON","items_purchased":[],"campfire_rested":0,"item_purchase_floors":[],"current_hp_per_floor":[77,75,75,75,75,60,60,60,0,0,0],"gold":157,"neow_bonus":"TEN_PERCENT_HP_BONUS","is_daily":false,"chose_seed":false,"campfire_upgraded":0,"win_rate":0.0,"timestamp":1613832834,"path_taken":["R","M","M","?","M","M","T","?","E"],"items_purchased_type":[],"build_version":"2020-12-18","purchased_purges":0,"victory":false,"max_hp_per_floor":[77,80,80,80,80,80,80,80,80,80,80],"card_choices":[{"not_picked":["bronze:CloningBeam","bronze:Overload"],"picked":"bronze:Separator","floor":2},{"not_picked":["bronze:Deprecate","bronze:FineTuning"],"picked":"bronze:Break","floor":3},{"not_picked":["bronze:Deprecate","bronze:CloningBeam"],"picked":"bronze:Shield","floor":5},{"not_picked":["bronze:Allocate","bronze:DelayedSlice"],"picked":"bronze:Overload","floor":6}],"player_experience":158668,"relics_obtained":[],"event_choices":[{"damage_healed":0,"gold_gain":0,"player_choice":"Box","damage_taken":0,"relics_obtained":["Potion Belt"],"max_hp_gain":0,"max_hp_loss":0,"event_name":"Big Fish","floor":4,"gold_loss":0,"cards_obtained":["Regret"]}],"is_beta":true,"boss_relics":[],"items_purged_floors":[],"is_endless":false,"potions_floor_spawned":[],"killed_by":"Lagavulin","ascension_level":1}}