{"host":"dmtlrev5pkc1867p","time":1613825742,"event":{"mods":["AchievementEnabler","BaseMod","Colored Map","Colored Powertips","Downfall","Hermit","Highlight Path","Hubris","Infinite Spire","Marisa¡]Ãú«B¡@Å]²z¨F¡^","Minty Spire (QoL Compilation)","Permanent Neow","Quick Restart","Rare Cards Sparkle","Relic Sorter","Relic Stats","Replay The Spire","Shop Mod","StSLib","SuperFastMode","The Construct","The Cursed","The Mystic","The Necromancer","The Poker Player","The Runesmith","The Servant 0.9.4"],"gold_per_floor":[216,231,251,53,53,53,53,82,82,109,74,93,93,113,113,211,211,231,231,231,248,248,248,267,292,340,353,372,372,372,372,372,446,446,460,337,357,357,371,401,401,401,428,446,460,478,490,523,523,523,523,523,22,49,49],"floor_reached":56,"language":"ZHS","playtime":2303,"items_purged":[],"score":2140,"play_id":"db53d625-9ff2-4c8f-b2db-8dd3de3f10c8","local_time":"20210220205542","is_ascension_mode":true,"campfire_choices":[{"floor":6.0,"key":"RECALL"},{"floor":13.0,"key":"REST"},{"data":"TheCursedMod:SpitefulPlan","floor":15.0,"key":"SMITH"},{"data":"TheCursedMod:AntiAging","floor":23.0,"key":"SMITH"},{"floor":30.0,"key":"REST"},{"floor":32.0,"key":"REST"},{"data":"infinitespire:SevenWalls","floor":49.0,"key":"SMITH"},{"data":"TheCursedMod:VoidForm","floor":52.0,"key":"SMITH"}],"circlet_count":0,"master_deck":["AscendersBane","TheCursedMod:Strike_TheCursed","TheCursedMod:Strike_TheCursed","TheCursedMod:Defend_TheCursed","TheCursedMod:Defend_TheCursed","TheCursedMod:Defend_TheCursed","TheCursedMod:Defend_TheCursed","TheCursedMod:CursedWand","TheCursedMod:CleanUpWorkshop+1","TheCursedMod:Dregs","TheCursedMod:HellfireBreathing","TheCursedMod:SoulReap","TheCursedMod:Obscuration","hubris:Gluttony","TheCursedMod:CircleOfCorruption+1","Regret","TheCursedMod:CursedStaff","TheCursedMod:SpitefulPlan+1","TheCursedMod:WearCloak","TheCursedMod:RapidMovement","TheCursedMod:AntiAging+1","TheCursedMod:Stigma+1","Voices","Amnesia","infinitespire:SevenWalls+1","TheCursedMod:WearCloak","TheCursedMod:VoidForm+1","TheCursedMod:HellfireBreathing","TheCursedMod:CursedAmulet","TheCursedMod:CircleOfFlame+1","TheCursedMod:Stretching","infinitespire:Starlight","TheCursedMod:VoidForm","TheCursedMod:WearCloak+1","TheCursedMod:SpitefulPlan","TheCursedMod:AbyssShockwave","TheCursedMod:AshesToAshes","TheCursedMod:ReleasedStrength","TheCursedMod:BlessingInDisguise","Doubt","downfall:Haunted","TheCursedMod:CircleOfCorruption","TheCursedMod:FleshFromBone+1","TheCursedMod:CursedShiv+1","TheCursedMod:CursedShiv","TheCursedMod:ReleasedStrength","TheCursedMod:HellsGateOpen","TheCursedMod:ReleasedKnowledge+1"],"relics":["TheCursedMod:BlackMagic101","ReplayTheSpireMod:CursedCoin","hubris:Potato","Runesmith:Locket","War Paint","Replay:Mystery Machine","hubris:TerracottaHorce","infinitespire:Lychee Nut","Bottled Tornado","Vajra","Ginger","Art of War","TheCursedMod:OminousMark","ClockworkSouvenir","Peace Pipe","downfall:ExtraCursedKey","Smiling Mask","Regal Pillow","Snack Pack","construct:FoamFinger"],"acts_visited":["Exordium","TheCity","TheBeyond","TheEnding"],"potions_floor_usage":[55,55],"damage_taken":[{"damage":0.0,"enemies":"Cultist","floor":1.0,"turns":4.0},{"damage":0.0,"enemies":"Small Slimes","floor":2.0,"turns":4.0},{"damage":8.0,"enemies":"Jaw Worm","floor":3.0,"turns":5.0},{"damage":40.0,"enemies":"3 Sentries","floor":8.0,"turns":8.0},{"damage":24.0,"enemies":"Lagavulin","floor":10.0,"turns":4.0},{"damage":4.0,"enemies":"2 Fungi Beasts","floor":12.0,"turns":4.0},{"damage":1.0,"enemies":"Exordium Thugs","floor":14.0,"turns":3.0},{"damage":24.0,"enemies":"Hexaghost","floor":16.0,"turns":11.0},{"damage":13.0,"enemies":"Spheric Guardian","floor":18.0,"turns":4.0},{"damage":0.0,"enemies":"Chosen","floor":21.0,"turns":4.0},{"damage":26.0,"enemies":"Centurion and Healer","floor":24.0,"turns":6.0},{"damage":21.0,"enemies":"Slavers","floor":25.0,"turns":3.0},{"damage":12.0,"enemies":"Chosen and Byrds","floor":27.0,"turns":4.0},{"damage":16.0,"enemies":"Snecko","floor":28.0,"turns":4.0},{"damage":24.0,"enemies":"Champ","floor":33.0,"turns":9.0},{"damage":7.0,"enemies":"3 Shapes","floor":35.0,"turns":6.0},{"damage":14.0,"enemies":"3 Darklings","floor":37.0,"turns":3.0},{"damage":18.0,"enemies":"Spire Growth","floor":39.0,"turns":3.0},{"damage":75.0,"enemies":"Giant Head","floor":40.0,"turns":9.0},{"damage":45.0,"enemies":"Sphere and 2 Shapes","floor":44.0,"turns":4.0},{"damage":0.0,"enemies":"3 Darklings","floor":45.0,"turns":3.0},{"damage":3.0,"enemies":"Maw","floor":46.0,"turns":5.0},{"damage":11.0,"enemies":"Sphere and 2 Shapes","floor":47.0,"turns":3.0},{"damage":14.0,"enemies":"Nemesis","floor":48.0,"turns":5.0},{"damage":119.0,"enemies":"Awakened One","floor":50.0,"turns":7.0},{"damage":75.0,"enemies":"Shield and Spear","floor":54.0,"turns":5.0},{"damage":21,"enemies":"The Heart","floor":55,"turns":8}],"seed_played":"-3727225432164763687","potions_obtained":[{"floor":1.0,"key":"Explosive Potion"},{"floor":8.0,"key":"champ:CounterPotion"},{"floor":12.0,"key":"Slimebound:ThreeZeroPotion"},{"floor":14.0,"key":"Explosive Potion"},{"floor":18.0,"key":"DuplicationPotion"},{"floor":21.0,"key":"AttackPotion"},{"floor":33.0,"key":"SpeedPotion"},{"floor":35.0,"key":"ColorlessPotion"},{"floor":37.0,"key":"Fire Potion"},{"floor":40.0,"key":"Toxic Potion"},{"floor":48.0,"key":"Strength Potion"}],"is_trial":false,"path_per_floor":["M","M","M","$","$","R","?","E","T","E","?","M","R","M","R","B",null,"M","?","?","M","T","R","M","E","T","M","M","T","R","AVR","R","B",null,"M","$","M","AVR","M","E","?","?","T","M","M","M","M","E","R","B",null,"R","$","E","B",null],"character_chosen":"THE_CURSED","items_purchased":["ReplayTheSpireMod:CursedCoin","hubris:Potato","TheCursedMod:CircleOfCorruption","TheCursedMod:SpitefulPlan","TheCursedMod:AbyssShockwave","TheCursedMod:HellsGateOpen","Snack Pack","Guardian:BlockOnCardUsePotion","Dexterity Potion"],"campfire_rested":3,"item_purchase_floors":[4,4,4,36,36,53,53,53,53],"current_hp_per_floor":[68,68,65,65,65,65,65,30,30,16,34,36,58,57,57,38,66,55,55,55,61,59,59,48,32,32,26,19,19,38,38,57,68,68,68,68,67,67,59,12,12,74,74,42,60,83,86,89,89,13,70,70,70,7,92],"gold":49,"neow_bonus":"HUNDRED_GOLD","is_daily":false,"chose_seed":false,"campfire_upgraded":4,"win_rate":0.0,"timestamp":1613825742,"path_taken":["M","?","M","?","$","R","?","E","T","E","?","?","R","M","R","BOSS","BOSS","M","?","?","M","?","R","M","E","T","?","M","?","R","AVR","R","BOSS","M","$","M","AVR","M","E","?","?","T","M","M","M","M","E","R","BOSS","R","$","E","BOSS"],"items_purchased_type":["Relic","Relic","Card","Card","Card","Card","Relic","Potion","Potion"],"build_version":"2020-12-22","purchased_purges":0,"victory":true,"max_hp_per_floor":[75,75,75,75,75,75,75,75,75,75,75,75,75,75,75,75,75,77,77,77,79,59,59,62,62,62,62,65,65,65,65,65,68,68,68,68,71,71,74,74,74,74,74,77,80,83,86,89,89,89,89,89,89,89,92],"relic_stats":{"Peace Pipe":0,"Regal Pillow":0,"counters":[27,134],"Art of War":[18],"Ginger":[13],"War Paint":["TheCursedMod:CleanUpWorkshop","TheCursedMod:CircleOfCorruption"],"Smiling Mask":0,"obtain_stats":[{"TheCursedMod:BlackMagic101":0,"Regal Pillow":48,"construct:FoamFinger":54,"ReplayTheSpireMod:CursedCoin":4,"Runesmith:Locket":7,"Vajra":26,"Ginger":29,"War Paint":8,"Replay:Mystery Machine":10,"Bottled Tornado":25,"Smiling Mask":43,"hubris:TerracottaHorce":17,"ClockworkSouvenir":38,"Peace Pipe":40,"TheCursedMod:OminousMark":34,"infinitespire:Lychee Nut":22,"downfall:ExtraCursedKey":41,"Art of War":31,"Snack Pack":53,"hubris:Potato":4},{"TheCursedMod:BlackMagic101":0,"Regal Pillow":24,"construct:FoamFinger":26,"ReplayTheSpireMod:CursedCoin":3,"Runesmith:Locket":3,"Vajra":12,"Ginger":14,"War Paint":4,"Replay:Mystery Machine":5,"Bottled Tornado":12,"Smiling Mask":19,"hubris:TerracottaHorce":8,"ClockworkSouvenir":17,"Peace Pipe":19,"TheCursedMod:OminousMark":15,"infinitespire:Lychee Nut":10,"downfall:ExtraCursedKey":19,"Art of War":14,"Snack Pack":25,"hubris:Potato":3},{"TheCursedMod:BlackMagic101":0,"Regal Pillow":114,"construct:FoamFinger":126,"ReplayTheSpireMod:CursedCoin":13,"Runesmith:Locket":13,"Vajra":57,"Ginger":65,"War Paint":20,"Replay:Mystery Machine":24,"Bottled Tornado":57,"Smiling Mask":94,"hubris:TerracottaHorce":41,"ClockworkSouvenir":82,"Peace Pipe":94,"TheCursedMod:OminousMark":74,"infinitespire:Lychee Nut":49,"downfall:ExtraCursedKey":94,"Art of War":65,"Snack Pack":121,"hubris:Potato":13}]},"card_choices":[{"not_picked":["TheCursedMod:TacticalStrike","TheCursedMod:CursedMace"],"picked":"TheCursedMod:HellfireBreathing","floor":1.0},{"not_picked":["TheCursedMod:TacticalStrike","TheCursedMod:SpreadPlague"],"picked":"TheCursedMod:SoulReap","floor":2.0},{"not_picked":["TheCursedMod:FuryStrike","TheCursedMod:CircleOfFlame"],"picked":"TheCursedMod:Obscuration","floor":3.0},{"not_picked":["TheCursedMod:SpitefulPlan","TheCursedMod:WearCloak"],"picked":"TheCursedMod:CursedStaff","floor":8.0},{"not_picked":["TheCursedMod:ManaBullet","TheCursedMod:CircleOfAmplification"],"picked":"TheCursedMod:SpitefulPlan","floor":10.0},{"not_picked":["TheCursedMod:SpreadPlague","TheCursedMod:CircleOfCorruption"],"picked":"TheCursedMod:WearCloak","floor":12.0},{"not_picked":["TheCursedMod:SaltUponWound","TheCursedMod:Evocation"],"picked":"TheCursedMod:RapidMovement","floor":14.0},{"not_picked":["TheCursedMod:CircleOfAbyss","TheCursedMod:StunningStrike"],"picked":"TheCursedMod:AntiAging","floor":16.0},{"not_picked":["TheCursedMod:CircleOfCorruption","TheCursedMod:TacticalStrike"],"picked":"TheCursedMod:Stigma+1","floor":18.0},{"not_picked":["hubris:InfiniteBlow","infinitespire:Punishment"],"picked":"infinitespire:SevenWalls","floor":19.0},{"not_picked":["TheCursedMod:Hemoplague","TheCursedMod:StingEye"],"picked":"TheCursedMod:VoidForm","floor":21.0},{"not_picked":["TheCursedMod:VitalStrike","TheCursedMod:SoulReap"],"picked":"TheCursedMod:HellfireBreathing","floor":24.0},{"not_picked":["TheCursedMod:CursedMace","TheCursedMod:RavingStaff+1"],"picked":"TheCursedMod:CursedAmulet","floor":25.0},{"not_picked":["TheCursedMod:SpitefulStrike","TheCursedMod:VitalStrike"],"picked":"TheCursedMod:CircleOfFlame+1","floor":27.0},{"not_picked":["TheCursedMod:Wield+1","TheCursedMod:CircleOfFlame"],"picked":"TheCursedMod:Stretching","floor":28.0},{"not_picked":["TheCursedMod:OutForBlood","TheCursedMod:CircleOfAbyss"],"picked":"TheCursedMod:VoidForm","floor":33.0},{"not_picked":["TheCursedMod:CursedMace","TheCursedMod:Torture"],"picked":"TheCursedMod:WearCloak+1","floor":35.0},{"not_picked":["TheCursedMod:Stretching","TheCursedMod:CircleOfWindfury"],"picked":"TheCursedMod:AshesToAshes","floor":37.0},{"not_picked":["TheCursedMod:Stretching","TheCursedMod:CursedSpellbook"],"picked":"TheCursedMod:ReleasedStrength","floor":39.0},{"not_picked":["TheCursedMod:SoulCrush","TheCursedMod:RavingStaff"],"picked":"TheCursedMod:BlessingInDisguise","floor":40.0},{"not_picked":["TheCursedMod:WearCloak","TheCursedMod:BlessingInDisguise"],"picked":"TheCursedMod:CircleOfCorruption","floor":44.0},{"not_picked":["TheCursedMod:Torture","TheCursedMod:TacticalStrike"],"picked":"TheCursedMod:FleshFromBone+1","floor":45.0},{"not_picked":["TheCursedMod:VitalStrike","TheCursedMod:Torture"],"picked":"TheCursedMod:CursedShiv+1","floor":46.0},{"not_picked":["TheCursedMod:SmokeScreen","TheCursedMod:Wield"],"picked":"TheCursedMod:CursedShiv","floor":47.0},{"not_picked":["TheCursedMod:RapidMovement","TheCursedMod:CursedMace"],"picked":"TheCursedMod:ReleasedStrength","floor":48.0},{"not_picked":["TheCursedMod:FuryStrike+1","TheCursedMod:StingEye"],"picked":"TheCursedMod:ReleasedKnowledge+1","floor":54.0}],"player_experience":748002,"relics_obtained":[{"floor":8.0,"key":"War Paint"},{"floor":10.0,"key":"Replay:Mystery Machine"},{"floor":22.0,"key":"infinitespire:Lychee Nut"},{"floor":25.0,"key":"Bottled Tornado"},{"floor":26.0,"key":"Vajra"},{"floor":29.0,"key":"Ginger"},{"floor":40.0,"key":"Peace Pipe"},{"floor":43.0,"key":"Smiling Mask"},{"floor":48.0,"key":"Regal Pillow"},{"floor":54.0,"key":"construct:FoamFinger"}],"event_choices":[{"damage_healed":0.0,"max_hp_gain":0.0,"max_hp_loss":0.0,"gold_gain":0.0,"event_name":"Big Fish","player_choice":"Box","floor":7.0,"gold_loss":0.0,"damage_taken":0.0,"relics_obtained":["Runesmith:Locket"],"cards_obtained":["Regret"]},{"damage_healed":18.0,"max_hp_gain":0.0,"max_hp_loss":0.0,"gold_gain":0.0,"event_name":"The Cleric","player_choice":"Healed","floor":11.0,"gold_loss":35.0,"damage_taken":0.0},{"damage_healed":0.0,"max_hp_gain":0.0,"max_hp_loss":0.0,"gold_gain":0.0,"cards_transformed":["TheCursedMod:Strike_TheCursed","TheCursedMod:Strike_TheCursed"],"event_name":"Drug Dealer","player_choice":"Became Test Subject","floor":20.0,"gold_loss":0.0,"damage_taken":0.0,"cards_obtained":["TheCursedMod:Mangle","TheCursedMod:WearCloak"]},{"cards_removed":["TheCursedMod:Mangle"],"damage_healed":62.0,"max_hp_gain":0.0,"max_hp_loss":0.0,"gold_gain":0.0,"event_name":"Bonfire Elementals","player_choice":"Offered Uncommon","floor":42.0,"gold_loss":0.0,"damage_taken":0.0}],"is_beta":false,"boss_relics":[{"not_picked":["SlaversCollar","hubris:HollowSoul"],"picked":"hubris:TerracottaHorce"},{"not_picked":["construct:ClawGrip","construct:WeddingRing"],"picked":"TheCursedMod:OminousMark"}],"items_purged_floors":[],"is_endless":false,"potions_floor_spawned":[1,8,12,14,18,21,24,33,35,37,40,45,48,54],"ascension_level":16}}