{"host":"yqw1zpryoutrnocq","time":1613848246,"event":{"mods":["2.2 Compatiblity","AchievementEnabler","BaseMod","Colored Map","Custom Start","DeckTracker","Minty Spire (QoL Compilation)","StSLib","SuperFastMode"],"gold_per_floor":[116,191,203,203,213,213,245,102,152,182,193,193,222,237,237,335,335,320,336,351,351,369,369],"floor_reached":22,"language":"KOR","playtime":589,"items_purged":[],"score":333,"play_id":"8b7096a0-db0b-49e0-ae6f-c7dc40ba51a1","local_time":"20210220131046","is_ascension_mode":true,"campfire_choices":[{"data":"Apotheosis","floor":6,"key":"SMITH"},{"data":"Searing Blow+1","floor":15,"key":"SMITH"}],"circlet_count":0,"master_deck":["AscendersBane","Strike_R","Strike_R","Strike_R","Strike_R","Strike_R","Defend_R","Defend_R","Defend_R","Defend_R","Bash+1","Apotheosis+1","Wild Strike","Searing Blow+2","Rampage","Dark Embrace","Sever Soul","Double Tap","Impervious","Barricade","Ghostly Armor","Warcry","Sentinel","RitualDagger"],"relics":["Burning Blood","Bag of Preparation","Omamori","Bronze Scales","Pantograph","Whetstone","SlaversCollar"],"acts_visited":["Exordium","TheCity"],"potions_floor_usage":[10,16,16],"damage_taken":[{"damage":0,"enemies":"2 Louse","floor":1,"turns":4},{"damage":11,"enemies":"Jaw Worm","floor":3,"turns":5},{"damage":0,"enemies":"Cultist","floor":5,"turns":3},{"damage":32,"enemies":"Lagavulin","floor":7,"turns":7},{"damage":18,"enemies":"Gremlin Nob","floor":10,"turns":3},{"damage":2,"enemies":"Exordium Thugs","floor":11,"turns":4},{"damage":26,"enemies":"3 Sentries","floor":13,"turns":8},{"damage":4,"enemies":"Exordium Wildlife","floor":14,"turns":4},{"damage":40,"enemies":"The Guardian","floor":16,"turns":8},{"damage":22,"enemies":"2 Thieves","floor":18,"turns":4},{"damage":18,"enemies":"Shell Parasite","floor":19,"turns":9},{"damage":36,"enemies":"Snake Plant","floor":20,"turns":6},{"damage":45,"enemies":"Chosen and Byrds","floor":22,"turns":8}],"seed_played":"741828222658385637","potions_obtained":[{"floor":3,"key":"BlessingOfTheForge"},{"floor":7,"key":"SteroidPotion"},{"floor":13,"key":"Strength Potion"},{"floor":16,"key":"Fruit Juice"},{"floor":20,"key":"BlessingOfTheForge"}],"is_trial":false,"path_per_floor":["M","?","M","?","M","R","E","$","T","E","M","T","E","M","R","B",null,"M","M","M","?","M"],"character_chosen":"IRONCLAD","items_purchased":["Dark Embrace","Sever Soul"],"campfire_rested":0,"item_purchase_floors":[8,8],"current_hp_per_floor":[72,61,56,61,67,67,41,41,41,29,33,33,13,15,15,12,65,49,37,7,1,53,53],"gold":369,"neow_bonus":"RANDOM_COLORLESS_2","is_daily":false,"chose_seed":false,"campfire_upgraded":2,"win_rate":0.0,"timestamp":1613848246,"path_taken":["M","?","M","?","M","R","E","$","T","E","M","?","E","M","R","BOSS","M","M","?","?","M"],"items_purchased_type":["Card","Card"],"build_version":"2020-12-22","purchased_purges":0,"victory":false,"max_hp_per_floor":[72,72,72,77,77,77,77,77,77,77,77,77,77,77,77,82,82,82,82,82,82,82,82],"card_choices":[{"not_picked":["Transmutation","Panache"],"picked":"Apotheosis","floor":0},{"not_picked":["Disarm","Power Through"],"picked":"Wild Strike","floor":1},{"not_picked":["True Grit","Havoc"],"picked":"Searing Blow","floor":3},{"not_picked":["Heavy Blade","Cleave","Whirlwind"],"picked":"SKIP","floor":5},{"not_picked":["Twin Strike","Blood for Blood"],"picked":"Rampage","floor":7},{"not_picked":["Pummel","Wild Strike","Pommel Strike"],"picked":"SKIP","floor":10},{"not_picked":["Dropkick","Carnage"],"picked":"Double Tap","floor":11},{"not_picked":["Dual Wield","Flex"],"picked":"Impervious","floor":13},{"not_picked":["Pummel","Flex","Havoc"],"picked":"SKIP","floor":14},{"not_picked":["Juggernaut","Immolate"],"picked":"Barricade","floor":16},{"not_picked":["Rage","Reckless Charge"],"picked":"Ghostly Armor","floor":18},{"not_picked":["Spot Weakness","Pommel Strike"],"picked":"Warcry","floor":19},{"not_picked":["Wild Strike","Twin Strike"],"picked":"Sentinel","floor":20}],"player_experience":354306,"relics_obtained":[{"floor":7,"key":"Bag of Preparation"},{"floor":9,"key":"Omamori"},{"floor":10,"key":"Bronze Scales"},{"floor":12,"key":"Pantograph"},{"floor":13,"key":"Whetstone"}],"event_choices":[{"damage_healed":0,"gold_gain":75,"player_choice":"Gather Gold","damage_taken":11,"max_hp_gain":0,"max_hp_loss":0,"event_name":"World of Goop","floor":2,"gold_loss":0},{"damage_healed":0,"gold_gain":0,"player_choice":"Donut","damage_taken":0,"max_hp_gain":5,"max_hp_loss":0,"event_name":"Big Fish","floor":4,"gold_loss":0},{"damage_healed":0,"gold_gain":0,"player_choice":"Joined the Cult","damage_taken":6,"max_hp_gain":0,"max_hp_loss":0,"event_name":"Nest","floor":21,"gold_loss":0,"cards_obtained":["RitualDagger"]}],"is_beta":false,"boss_relics":[{"not_picked":["Coffee Dripper","Astrolabe"],"picked":"SlaversCollar"}],"items_purged_floors":[],"is_endless":false,"potions_floor_spawned":[3,7,13,16,20,22],"killed_by":"Chosen and Byrds","ascension_level":12}}