{"host":"3asmp5aovk69ekg9","time":1613858226,"event":{"mods":["100% Spire Juice","BaseMod","BetterRewards","Colored Map","Colored Powertips","Dark Map","Hermit","Koishi","Magitek Elite","Minty Spire (QoL Compilation)","Permanent Neow","Remove Card Discount Mod","Shade Mod","StSLib","The Alterego","The Cursed","The Death Knight","The Fake Hero","The IronCluck","The Marked","The Senshi","The Wild Card","TheSurvivalist"],"gold_per_floor":[118,136,205,224,16,16,49,64,88,107,17,34,65,81,81,176,176,196,196,207,223,235,268,268,302,383,383,421,421,461,461,461,565,565,592,592,54,77,137,166,191,191,191,200,55,70,104,125,125,125,125,125,125,169,169],"floor_reached":56,"language":"ENG","playtime":8148,"items_purged":["alterego_mod:Strike","alterego_mod:Strike","alterego_mod:Strike","alterego_mod:BigMeatyClaws","alterego_mod:Impale","alterego_mod:Strike","alterego_mod:Defend","alterego_mod:Defend","alterego_mod:Rip","alterego_mod:Rip","alterego_mod:Defend"],"score":2291,"play_id":"d2308ce2-b449-4975-a166-213388ad71c1","local_time":"20210220135706","is_ascension_mode":true,"campfire_choices":[{"data":"alterego_mod:PerceptionDisorder","floor":6.0,"key":"SMITH"},{"data":"alterego_mod:Punishment","floor":15.0,"key":"SMITH"},{"data":"alterego_mod:Palingenesis+1","floor":24,"key":"SMITH"},{"data":"alterego_mod:Palingenesis+2","floor":27,"key":"SMITH"},{"data":"alterego_mod:Palingenesis+3","floor":29,"key":"SMITH"},{"data":"alterego_mod:Palingenesis+4","floor":32,"key":"SMITH"},{"floor":42,"key":"RECALL"},{"data":"alterego_mod:Palingenesis+5","floor":49,"key":"SMITH"},{"data":"alterego_mod:Palingenesis+6","floor":52,"key":"SMITH"}],"circlet_count":0,"master_deck":["alterego_mod:BrynhildrsRune","alterego_mod:MaintainEyeContact+1","alterego_mod:Bounce+1","alterego_mod:GoddessCore","alterego_mod:Bounce+1","Apotheosis+1","Swift Strike","alterego_mod:Birthday+1","alterego_mod:Cushion+1","alterego_mod:GachaTicket","alterego_mod:SakuraLabyrinth+1","alterego_mod:PerceptionDisorder+1","alterego_mod:Bounce","alterego_mod:Cooking+1","alterego_mod:BiFurious+1","alterego_mod:Birthday+1","Panacea+1","alterego_mod:Punishment+1","alterego_mod:STier+1","alterego_mod:Pet+1","alterego_mod:Palingenesis+7","alterego_mod:Birthday+1","alterego_mod:Bounce","alterego_mod:Cooking+1","alterego_mod:Pet+1","alterego_mod:MagicResistance+1","alterego_mod:ChallengeComplete","alterego_mod:RidiculouslyBig+1","alterego_mod:Rake","alterego_mod:Birthday+1","Good Instincts+1","alterego_mod:AlterEgo","alterego_mod:Pet+1","alterego_mod:MaintainEyeContact+1","alterego_mod:Birthday+1","alterego_mod:RidiculouslyBig+1","alterego_mod:BiFurious","alterego_mod:Nekomimi","alterego_mod:Pet+1"],"relics":["alterego_mod:MasochisticConstitution","Toxic Egg 2","theSenshi:SpiralHeartMoonRodRelic","Medical Kit","Oddly Smooth Stone","Vajra","MealTicket","HornCleat","alterego_mod:SistersRibbon","Orichalcum","Ancient Tea Set","SacredBark","Letter Opener","CeramicFish","Pantograph","Blood Vial","Peace Pipe","SlaversCollar","Thread and Needle","Juzu Bracelet","Whetstone","Smiling Mask","Du-Vu Doll","Strawberry","Mango","DollysMirror","Question Card","Incense Burner"],"acts_visited":["Exordium","TheCity","TheBeyond","TheEnding"],"potions_floor_usage":[21,25,35,48,55,55,55],"damage_taken":[{"damage":6.0,"enemies":"Cultist","floor":1.0,"turns":3.0},{"damage":3.0,"enemies":"Jaw Worm","floor":2.0,"turns":2.0},{"damage":1.0,"enemies":"Small Slimes","floor":4.0,"turns":2.0},{"damage":0.0,"enemies":"Gremlin Nob","floor":7.0,"turns":2.0},{"damage":3.0,"enemies":"Exordium Thugs","floor":8.0,"turns":4.0},{"damage":3.0,"enemies":"2 Fungi Beasts","floor":10.0,"turns":2.0},{"damage":13.0,"enemies":"Exordium Wildlife","floor":12.0,"turns":4.0},{"damage":3.0,"enemies":"3 Sentries","floor":13.0,"turns":6.0},{"damage":0.0,"enemies":"Lots of Slimes","floor":14.0,"turns":2.0},{"damage":8.0,"enemies":"The Guardian","floor":16.0,"turns":5.0},{"damage":1.0,"enemies":"2 Thieves","floor":18.0,"turns":4.0},{"damage":15,"enemies":"3 Byrds","floor":20,"turns":6},{"damage":8,"enemies":"Sentry and Sphere","floor":21,"turns":4},{"damage":0,"enemies":"Snecko","floor":22,"turns":2},{"damage":22,"enemies":"Gremlin Leader","floor":23,"turns":5},{"damage":16,"enemies":"Book of Stabbing","floor":25,"turns":6},{"damage":6,"enemies":"Gremlin Leader","floor":28,"turns":5},{"damage":26,"enemies":"Book of Stabbing","floor":30,"turns":5},{"damage":9,"enemies":"Automaton","floor":33,"turns":6},{"damage":15,"enemies":"3 Shapes","floor":35,"turns":10},{"damage":24,"enemies":"2 Orb Walkers","floor":39,"turns":6},{"damage":8,"enemies":"Giant Head","floor":40,"turns":4},{"damage":9,"enemies":"Orb Walker","floor":41,"turns":3},{"damage":0,"enemies":"Jaw Worm Horde","floor":46,"turns":5},{"damage":21,"enemies":"Reptomancer","floor":47,"turns":6},{"damage":27,"enemies":"4 Shapes","floor":48,"turns":4},{"damage":38,"enemies":"Time Eater","floor":50,"turns":8},{"damage":26,"enemies":"Shield and Spear","floor":54,"turns":7},{"damage":100,"enemies":"The Heart","floor":55,"turns":10}],"seed_played":"-2224053845006828416","potions_obtained":[{"floor":1.0,"key":"ColorlessPotion"},{"floor":4.0,"key":"Energy Potion"},{"floor":10.0,"key":"FearPotion"},{"floor":13.0,"key":"AttackPotion"},{"floor":18.0,"key":"DeathKnight:RimePotion"},{"floor":23,"key":"Swift Potion"},{"floor":25,"key":"SpeedPotion"},{"floor":28,"key":"Strength Potion"},{"floor":35,"key":"Explosive Potion"},{"floor":46,"key":"Regen Potion"},{"floor":47,"key":"Swift Potion"},{"floor":48,"key":"SpeedPotion"}],"is_trial":false,"path_per_floor":["M","M","T","M","$","R","E","M","T","M","$","M","E","M","R","B",null,"M","?","M","M","M","E","R","E","T","R","E","R","E","?","R","B",null,"M","?","$","T","?","E","M","R","T","?","$","M","E","M","R","B",null,"R","$","E","B",null],"character_chosen":"The_Alterego","items_purchased":["Toxic Egg 2","theSenshi:SpiralHeartMoonRodRelic","Medical Kit","alterego_mod:MaintainEyeContact+1","alterego_mod:Bounce","alterego_mod:GoddessCore","Oddly Smooth Stone","Vajra","alterego_mod:Bounce","Apotheosis+1","Swift Strike","alterego_mod:Birthday+1","alterego_mod:Cushion+1","alterego_mod:GachaTicket","MealTicket","alterego_mod:SakuraLabyrinth+1","alterego_mod:PerceptionDisorder","alterego_mod:BiFurious","alterego_mod:SistersRibbon","Panacea+1","Juzu Bracelet","Good Instincts+1","Whetstone","alterego_mod:AlterEgo","DollysMirror"],"campfire_rested":0,"item_purchase_floors":[0,0,0,0,0,0,0,0,0,0,0,0,0,0,0,0,0,5,5,11,37,37,37,37,45],"current_hp_per_floor":[18,21,21,25,40,40,42,58,58,60,75,76,77,77,77,78,78,79,79,80,81,81,77,77,83,83,83,84,84,78,78,78,86,86,87,87,87,87,88,96,97,97,111,111,111,111,112,113,113,95,109,109,114,115,82],"gold":169,"neow_bonus":"","is_daily":false,"chose_seed":false,"campfire_upgraded":8,"win_rate":0.0,"timestamp":1613858226,"path_taken":["M","?","?","?","$","R","E","M","T","?","?","?","E","M","R","BOSS","M","?","M","?","M","E","R","E","T","R","E","R","E","?","R","BOSS","M","?","$","?","?","E","M","R","T","?","?","M","E","M","R","BOSS","R","$","E","BOSS"],"items_purchased_type":["Relic","Relic","Relic","Card","Card","Card","Relic","Relic","Card","Card","Card","Card","Card","Card","Relic","Card","Card","Card","Relic","Card","Relic","Card","Relic","Card","Relic"],"build_version":"2020-12-22","purchased_purges":11,"victory":true,"max_hp_per_floor":[71,72,72,73,73,73,73,74,74,75,75,76,77,77,77,78,78,79,79,80,81,81,82,82,83,83,83,84,84,85,85,85,86,86,87,87,87,87,88,96,97,97,111,111,111,111,112,113,113,114,114,114,114,115,116],"card_choices":[{"not_picked":["alterego_mod:Cycle+1","alterego_mod:GoddessCore"],"picked":"alterego_mod:Bounce","floor":1.0},{"not_picked":["alterego_mod:DustData","alterego_mod:Skirt","alterego_mod:HighServant+1"],"picked":"SKIP","floor":2.0},{"not_picked":["alterego_mod:Exercise","alterego_mod:Lingerie"],"picked":"alterego_mod:Cooking+1","floor":4.0},{"not_picked":["alterego_mod:Clones+1","alterego_mod:BeGentle+1"],"picked":"alterego_mod:Birthday+1","floor":7.0},{"not_picked":["alterego_mod:AlterEgo","alterego_mod:Jiggle+1"],"picked":"alterego_mod:Rip","floor":8.0},{"not_picked":["alterego_mod:1TonWallop","alterego_mod:DustData","alterego_mod:HighServant+1"],"picked":"SKIP","floor":10.0},{"not_picked":["alterego_mod:SuperDuperMasochism+1","alterego_mod:Mirror+1"],"picked":"alterego_mod:Punishment","floor":12.0},{"not_picked":["alterego_mod:Support","alterego_mod:DiscoLights"],"picked":"alterego_mod:STier+1","floor":13.0},{"not_picked":["alterego_mod:PerceptionDisorder","alterego_mod:Cooking+1"],"picked":"alterego_mod:Pet+1","floor":14.0},{"not_picked":["alterego_mod:RingBreak","alterego_mod:IdEs+1"],"picked":"alterego_mod:Palingenesis","floor":16.0},{"not_picked":["alterego_mod:GoddessCore","alterego_mod:Skirt"],"picked":"alterego_mod:Birthday+1","floor":18.0},{"not_picked":["alterego_mod:SakuraLabyrinth+1","alterego_mod:Undulate+1"],"picked":"alterego_mod:Cooking+1","floor":20},{"not_picked":["alterego_mod:Complex","alterego_mod:GIGAMILK+1"],"picked":"alterego_mod:Rip","floor":21},{"not_picked":["alterego_mod:Skirt","alterego_mod:Belle"],"picked":"alterego_mod:Pet+1","floor":22},{"not_picked":["alterego_mod:RingBreak","alterego_mod:Smother","alterego_mod:Crossover+1"],"picked":"SKIP","floor":23},{"not_picked":["alterego_mod:Complex","alterego_mod:1TonWallop+1"],"picked":"alterego_mod:MagicResistance+1","floor":25},{"not_picked":["alterego_mod:MaintainEyeContact+1","alterego_mod:TrashNCrash+1"],"picked":"alterego_mod:ChallengeComplete","floor":28},{"not_picked":["alterego_mod:MagicResistance+1","alterego_mod:Belle"],"picked":"alterego_mod:RidiculouslyBig+1","floor":30},{"not_picked":["alterego_mod:Antipathy+1","alterego_mod:GIGAMILK+1"],"picked":"alterego_mod:Rake","floor":33},{"not_picked":["alterego_mod:Cooking+1","alterego_mod:Exercise"],"picked":"alterego_mod:Birthday+1","floor":35},{"not_picked":["alterego_mod:DestructionOfProperty+1","alterego_mod:BustOut+1"],"picked":"alterego_mod:Pet+1","floor":39},{"not_picked":["alterego_mod:MagicResistance+1","alterego_mod:Lingerie+1","alterego_mod:Undulate+1"],"picked":"SKIP","floor":40},{"not_picked":["alterego_mod:Skirt+1","alterego_mod:1TonWallop+1"],"picked":"alterego_mod:MaintainEyeContact+1","floor":41},{"not_picked":["alterego_mod:MagicResistance+1","alterego_mod:Crossover+1","alterego_mod:Rip"],"picked":"SKIP","floor":46},{"not_picked":["alterego_mod:GoddessCore+1","alterego_mod:Tantrum+1"],"picked":"alterego_mod:BiFurious","floor":47},{"not_picked":["alterego_mod:MagicResistance+1","alterego_mod:Complex+1","alterego_mod:DiscoLights+1"],"picked":"alterego_mod:Nekomimi","floor":48},{"not_picked":["alterego_mod:Skirt","alterego_mod:Undulate+1","alterego_mod:Alter+1"],"picked":"alterego_mod:Pet+1","floor":54}],"player_experience":1328974,"relics_obtained":[{"floor":3.0,"key":"HornCleat"},{"floor":7.0,"key":"Orichalcum"},{"floor":13.0,"key":"Ancient Tea Set"},{"floor":23,"key":"Letter Opener"},{"floor":25,"key":"CeramicFish"},{"floor":26,"key":"Pantograph"},{"floor":28,"key":"Blood Vial"},{"floor":30,"key":"Peace Pipe"},{"floor":38,"key":"Smiling Mask"},{"floor":39,"key":"Du-Vu Doll"},{"floor":40,"key":"Strawberry"},{"floor":43,"key":"Mango"},{"floor":47,"key":"Question Card"},{"floor":54,"key":"Incense Burner"}],"event_choices":[{"damage_healed":0.0,"max_hp_gain":0.0,"max_hp_loss":0.0,"gold_gain":0.0,"event_name":"Duplicator","player_choice":"Copied","floor":19.0,"gold_loss":0.0,"damage_taken":0.0,"cards_obtained":["alterego_mod:Bounce"]},{"damage_healed":0,"gold_gain":0,"player_choice":"Ignored","damage_taken":0,"max_hp_gain":0,"max_hp_loss":0,"event_name":"Vampires","floor":31,"gold_loss":0},{"damage_healed":0,"gold_gain":0,"player_choice":"Gave Potion","damage_taken":0,"relics_obtained":["Thread and Needle"],"max_hp_gain":0,"max_hp_loss":0,"event_name":"WeMeetAgain","floor":36,"gold_loss":0},{"damage_healed":0,"gold_gain":0,"player_choice":"Fight","damage_taken":0,"max_hp_gain":0,"max_hp_loss":0,"event_name":"Mysterious Sphere","floor":39,"gold_loss":0},{"damage_healed":0,"gold_gain":0,"cards_transformed":["alterego_mod:Defend"],"player_choice":"Transformed","damage_taken":0,"max_hp_gain":0,"max_hp_loss":0,"event_name":"Transmorgrifier","floor":44,"gold_loss":0,"cards_obtained":["alterego_mod:Birthday"]}],"is_beta":false,"boss_relics":[{"not_picked":["Runic Pyramid","Runic Dome"],"picked":"SacredBark"},{"not_picked":["Empty Cage","Velvet Choker"],"picked":"SlaversCollar"}],"items_purged_floors":[0,0,0,5,5,5,37,37,37,37,45],"is_endless":false,"potions_floor_spawned":[1,4,10,13,18,23,25,28,35,46,47,48,54],"ascension_level":7}}