{"host":"vx9g5eyuglzorf3u","time":1613848271,"event":{"mods":["2.2 Compatiblity","BaseMod","DeckTracker","Keyboard Shortcuts","Minty Spire (QoL Compilation)","Relic Stats","StSLib","SuperFastMode","everything is the same but u backflip on backflip"],"gold_per_floor":[119,119,194,194,222,553,571,571,571,596,644,644,669,669,669,669,669],"floor_reached":16,"language":"KOR","playtime":310,"items_purged":[],"score":220,"play_id":"37565338-01aa-4d67-84e3-27429b0b0203","local_time":"20210221041111","is_ascension_mode":true,"campfire_choices":[{"floor":8.0,"key":"REST"},{"floor":12,"key":"REST"},{"data":"Armaments","floor":15,"key":"SMITH"}],"circlet_count":0,"master_deck":["AscendersBane","Strike_R","Strike_R","Strike_R","Strike_R","Defend_R","Defend_R","Defend_R","Defend_R","Bash","Wild Strike","Evolve","Burning Pact","Armaments+1"],"relics":["Burning Blood","CeramicFish","Golden Idol","Old Coin","Pear","Paper Frog","Shuriken"],"acts_visited":["Exordium"],"potions_floor_usage":[11],"damage_taken":[{"damage":12.0,"enemies":"Small Slimes","floor":1.0,"turns":5.0},{"damage":9.0,"enemies":"Jaw Worm","floor":5.0,"turns":5.0},{"damage":40.0,"enemies":"Lagavulin","floor":6.0,"turns":7.0},{"damage":2.0,"enemies":"2 Louse","floor":7.0,"turns":4.0},{"damage":15.0,"enemies":"Large Slime","floor":10.0,"turns":5.0},{"damage":25,"enemies":"3 Sentries","floor":11,"turns":9},{"damage":25,"enemies":"Blue Slaver","floor":13,"turns":8},{"damage":18,"enemies":"Hexaghost","floor":16,"turns":7}],"seed_played":"-2248894944899722627","potions_obtained":[{"floor":6.0,"key":"ColorlessPotion"},{"floor":11,"key":"SteroidPotion"},{"floor":13,"key":"BloodPotion"}],"is_trial":false,"path_per_floor":["M","?","?","?","M","E","M","R","T","M","E","R","M","?","R","B"],"character_chosen":"IRONCLAD","items_purchased":[],"campfire_rested":2,"item_purchase_floors":[],"current_hp_per_floor":[62,62,51,44,41,7,11,31,41,32,13,36,17,17,17,0,0],"gold":669,"neow_bonus":"RANDOM_COMMON_RELIC","is_daily":false,"chose_seed":false,"campfire_upgraded":1,"win_rate":0.0,"timestamp":1613848271,"path_taken":["M","?","?","?","M","E","M","R","T","M","E","R","M","?","R","BOSS"],"items_purchased_type":[],"build_version":"2020-12-22","purchased_purges":0,"victory":false,"max_hp_per_floor":[75,68,68,68,68,68,68,68,78,78,78,78,78,78,78,78,78],"relic_stats":{"counters":[8,50],"Golden Idol":30,"Shuriken":[1],"CeramicFish":36,"obtain_stats":[{"Pear":9,"Golden Idol":2,"Shuriken":14,"CeramicFish":0,"Burning Blood":0,"Old Coin":6,"Paper Frog":11},{"Pear":4,"Golden Idol":1,"Shuriken":7,"CeramicFish":0,"Burning Blood":0,"Old Coin":3,"Paper Frog":6},{"Pear":21,"Golden Idol":5,"Shuriken":43,"CeramicFish":0,"Burning Blood":0,"Old Coin":17,"Paper Frog":35}],"Burning Blood":42},"card_choices":[{"not_picked":["Entrench","Hemokinesis"],"picked":"Wild Strike","floor":1.0},{"not_picked":["Headbutt","Blood for Blood"],"picked":"Evolve","floor":5.0},{"not_picked":["Combust","Juggernaut","Iron Wave"],"picked":"SKIP","floor":6.0},{"not_picked":["Anger","Twin Strike","Iron Wave"],"picked":"SKIP","floor":7.0},{"not_picked":["Headbutt","Warcry","True Grit"],"picked":"SKIP","floor":10.0},{"not_picked":["Pommel Strike","Whirlwind"],"picked":"Burning Pact","floor":11},{"not_picked":["Flex","Iron Wave"],"picked":"Armaments","floor":13}],"player_experience":1541384,"relics_obtained":[{"floor":6.0,"key":"Old Coin"},{"floor":9.0,"key":"Pear"},{"floor":11,"key":"Paper Frog"}],"event_choices":[{"damage_healed":0.0,"max_hp_gain":0.0,"max_hp_loss":7.0,"gold_gain":0.0,"event_name":"Golden Idol","player_choice":"Lose Max HP","floor":2.0,"gold_loss":0.0,"damage_taken":0.0,"relics_obtained":["Golden Idol"]},{"damage_healed":0.0,"max_hp_gain":0.0,"max_hp_loss":0.0,"gold_gain":75.0,"event_name":"World of Goop","player_choice":"Gather Gold","floor":3.0,"gold_loss":0.0,"damage_taken":11.0},{"cards_removed":["Strike_R"],"damage_healed":0.0,"max_hp_gain":0.0,"max_hp_loss":0.0,"gold_gain":0.0,"event_name":"Golden Wing","player_choice":"Card Removal","floor":4.0,"gold_loss":0.0,"damage_taken":7.0},{"damage_healed":0,"gold_gain":0,"player_choice":"Searched \u00271\u0027 times","damage_taken":0,"relics_obtained":["Shuriken"],"max_hp_gain":0,"max_hp_loss":0,"event_name":"Dead Adventurer","floor":14,"gold_loss":0}],"is_beta":false,"boss_relics":[],"items_purged_floors":[],"is_endless":false,"potions_floor_spawned":[6,11,13],"killed_by":"Hexaghost","ascension_level":20}}