{"host":"dt8tt9y5uobrbn6j","time":1613817225,"event":{"mods":["Act Like it!","BaseMod","Better Third Choice","BetterRewards","Bossed Relics","Card Forge","Colored Powertips","Conspire","Dota2Spire","Minty Spire (QoL Compilation)","Quick Restart","Relic Stats","Reliquary","Retaliation","Ruina","Shop Mod","StSLib","¡¾ÒÅÎï¿¨ÅÆ¡¿REMEMod","óô»ðÖ¸ÄÏ"],"gold_per_floor":[110,122,122,132,148,148,174,174,174,202,219,251,270,303,303,394,394,407,407,425,438,197,228,245,245,245,274,287,297,311,342,342,449,449,489,489,48,103,103,133,180,515,515,555,125,188,188,221,221,251,281,281,281,120,155,185],"floor_reached":57,"language":"ZHS","playtime":3120,"items_purged":["Strike_R","Strike_R","Strike_R","Strike_R"],"score":4189,"play_id":"94c9c7d6-c7a5-4bc2-8c6c-9b197004cb57","local_time":"20210220183345","is_ascension_mode":true,"campfire_choices":[{"data":"Apotheosis","floor":6.0,"key":"SMITH"},{"floor":8.0,"key":"DIG"},{"floor":15.0,"key":"DIG"},{"floor":25.0,"key":"DIG"},{"floor":32.0,"key":"DIG"},{"floor":47,"key":"RECALL"},{"floor":49,"key":"DIG"},{"floor":53,"key":"DIG"}],"circlet_count":0,"master_deck":["AscendersBane","Strike_R","Defend_R","Defend_R","Defend_R","Defend_R","Bash","Apotheosis+1","Second Wind","DDmod:EasePowerCard","Whirlwind+1","Shrug It Off","Bloodletting+1","Regret","Crescendo","Burst","Calculated Gamble","REME_HeartOfCthun","Adrenaline","ruina:HomingInstinct","ruina:SwordSharpened","Pommel Strike","Havoc","Purity+1","Master of Strategy","PiercingWail+1","Body Slam+1","Acrobatics+1","Discovery","Entrench"],"relics":["Burning Blood","Hammer of Thor","Seething Fire","Anvil of the Gods","REME_ComplimentaryCards","PrismaticShard","reliquary:Buckler","HandDrill","reliquary:BrokenClock","Shovel","reliquary:Tamtam","Lantern","Mango","reliquary:TridentHead","reliquary:QuartzCube","reliquary:FingerTrap","Gremlin Horn","Regal Pillow","Dota2Spire:CrimsonGuard","Akabeko","Gambling Chip","Dota2Spire:ArmletOfMordiggian","reliquary:Vitrine","Runic Pyramid","Dota2Spire:PhaseBoots","Dota2Spire:MaskOfMadness","reliquary:Firecrackers","CaptainsWheel","reliquary:PorcupineQuills","Dota2Spire:HandOfMidas","Champion Belt","Dota2Spire:RefresherOrb","DDmod:BarbedSlagRelic","TheAbacus","Dota2Spire:OctarineCore","The Courier","Old Coin","reliquary:HotPoker","Lee\u0027s Waffle","Bottled Flame","Happy Flower","Smiling Mask","Dota2Spire:AssaultCuirass","Dota2Spire:MonkeyKingBar","Dota2Spire:PowerTreads"],"acts_visited":["Exordium","ruina:Briah","TheBeyond","TheEnding"],"potions_floor_usage":[50,56],"damage_taken":[{"damage":0.0,"enemies":"Small Slimes","floor":1.0,"turns":1.0},{"damage":0.0,"enemies":"conspire:RoseBush","floor":2.0,"turns":1.0},{"damage":5.0,"enemies":"Jaw Worm","floor":4.0,"turns":3.0},{"damage":0.0,"enemies":"Gremlin Gang","floor":5.0,"turns":3.0},{"damage":18.0,"enemies":"Gremlin Nob","floor":7.0,"turns":3.0},{"damage":42.0,"enemies":"Lagavulin","floor":10.0,"turns":6.0},{"damage":0.0,"enemies":"3 Louse","floor":11.0,"turns":4.0},{"damage":0.0,"enemies":"Gremlin Nob","floor":12.0,"turns":3.0},{"damage":0.0,"enemies":"Exordium Wildlife","floor":13.0,"turns":1.0},{"damage":21.0,"enemies":"Lagavulin","floor":14.0,"turns":4.0},{"damage":51.0,"enemies":"The Guardian","floor":16.0,"turns":13.0},{"damage":16.0,"enemies":"ruina:BadWolf","floor":18.0,"turns":3.0},{"damage":0.0,"enemies":"ruina:2_Scarecrows","floor":20.0,"turns":2.0},{"damage":0.0,"enemies":"ruina:KingOfGreed","floor":21.0,"turns":2.0},{"damage":17.0,"enemies":"ruina:ServantOfWrath","floor":23.0,"turns":4.0},{"damage":22.0,"enemies":"ruina:QueenOfHate","floor":24.0,"turns":3.0},{"damage":0.0,"enemies":"ruina:RoadHome","floor":27.0,"turns":2.0},{"damage":0.0,"enemies":"ruina:KnightOfDespair","floor":28.0,"turns":2.0},{"damage":0.0,"enemies":"ruina:KingOfGreed","floor":29.0,"turns":2.0},{"damage":3.0,"enemies":"ruina:Woodsman","floor":30.0,"turns":3.0},{"damage":0.0,"enemies":"ruina:Mountain","floor":31.0,"turns":5.0},{"damage":100.0,"enemies":"ruina:Red_and_Wolf","floor":33.0,"turns":9.0},{"damage":0.0,"enemies":"3 Shapes","floor":35.0,"turns":3.0},{"damage":0,"enemies":"2 Orb Walkers","floor":38,"turns":1},{"damage":0,"enemies":"Nemesis","floor":40,"turns":2},{"damage":0,"enemies":"3 Darklings","floor":41,"turns":3},{"damage":14,"enemies":"Reptomancer","floor":42,"turns":3},{"damage":0,"enemies":"Jaw Worm Horde","floor":44,"turns":3},{"damage":0,"enemies":"Giant Head","floor":46,"turns":3},{"damage":36,"enemies":"Reptomancer","floor":48,"turns":3},{"damage":0,"enemies":"Time Eater","floor":50,"turns":4},{"damage":0,"enemies":"Awakened One","floor":51,"turns":5},{"damage":0,"enemies":"Shield and Spear","floor":55,"turns":1},{"damage":110,"enemies":"The Heart","floor":56,"turns":9}],"seed_played":"8756227739392302202","potions_obtained":[{"floor":2.0,"key":"Ancient Potion"},{"floor":10.0,"key":"BloodPotion"},{"floor":12.0,"key":"ColorlessPotion"},{"floor":14.0,"key":"AttackPotion"},{"floor":21.0,"key":"LiquidBronze"},{"floor":27.0,"key":"Dota2Spire:Clarity"},{"floor":28.0,"key":"Energy Potion"},{"floor":30.0,"key":"GamblersBrew"},{"floor":38,"key":"LiquidMemories"}],"is_trial":false,"path_per_floor":["M","M","?","M","M","R","E","R","T","E","M","E","M","E","R","B",null,"M","?","M","M","$","E","M","R","T","E","M","M","M","E","R","B",null,"M","?","$","?","$","E","M","E","T","M","$","E","R","E","R","B","B",null,"R","$","E","B",null],"character_chosen":"IRONCLAD","items_purchased":["Apotheosis","Second Wind","PrismaticShard","reliquary:Buckler","Fruit Juice","HandDrill","DDmod:EasePowerCard","reliquary:BrokenClock","Whirlwind","Shovel","Shrug It Off","reliquary:Tamtam","Lantern","Mango","Bloodletting","reliquary:TridentHead","reliquary:QuartzCube","reliquary:FingerTrap","Dota2Spire:PhaseBoots","TheAbacus","Master of Strategy","Lee\u0027s Waffle","Bottled Flame","Entrench","Block Potion"],"campfire_rested":0,"item_purchase_floors":[0,0,0,0,0,0,0,0,0,0,0,0,0,0,0,0,0,0,22,37,37,45,45,54,54],"current_hp_per_floor":[41,47,47,48,56,56,44,44,44,13,22,46,52,37,37,12,74,72,67,73,79,79,72,56,56,56,62,68,90,94,94,94,15,74,86,86,86,92,92,94,94,86,86,94,101,101,101,77,77,83,89,98,98,98,101,33],"gold":185,"neow_bonus":"","is_daily":false,"chose_seed":false,"campfire_upgraded":1,"win_rate":0.0,"timestamp":1613817225,"path_taken":["M","M","?","M","M","R","E","R","T","E","M","E","M","E","R","BOSS","M","?","M","M","?","E","M","R","T","E","M","?","M","E","R","BOSS","M","?","$","?","?","E","M","E","T","M","$","E","R","E","R","BOSS","BOSS","R","$","E","BOSS"],"items_purchased_type":["Card","Card","Relic","Relic","Potion","Relic","Card","Relic","Card","Relic","Card","Relic","Relic","Relic","Card","Relic","Relic","Relic","Relic","Relic","Card","Relic","Relic","Card","Potion"],"build_version":"2020-12-22","purchased_purges":4,"victory":true,"max_hp_per_floor":[89,89,89,89,89,89,89,89,89,94,94,94,94,94,94,94,94,94,94,94,94,94,94,94,94,94,94,94,94,94,94,94,94,94,94,94,94,94,94,94,94,94,94,94,101,101,101,101,101,101,101,101,101,101,101,101],"relic_stats":{"Regal Pillow":0,"Lee\u0027s Waffle":7,"Gremlin Horn":[25,25],"Happy Flower":[7],"counters":[34,119],"Smiling Mask":70,"Burning Blood":170,"Shovel":6,"TheAbacus":[108],"Gambling Chip":[100],"HandDrill":[20],"Champion Belt":[27],"obtain_stats":[{"Dota2Spire:MaskOfMadness":23,"Lantern":0,"Regal Pillow":7,"Dota2Spire:PowerTreads":55,"Gremlin Horn":3,"Dota2Spire:ArmletOfMordiggian":14,"reliquary:Firecrackers":25,"Mango":0,"Hammer of Thor":0,"Dota2Spire:RefresherOrb":34,"reliquary:Tamtam":0,"PrismaticShard":0,"reliquary:QuartzCube":0,"Smiling Mask":48,"Burning Blood":0,"Old Coin":42,"reliquary:TridentHead":0,"Frozen Eye":20,"reliquary:HotPoker":43,"Shovel":0,"TheAbacus":37,"Dota2Spire:CrimsonGuard":8,"Gambling Chip":12,"reliquary:Buckler":0,"HandDrill":0,"reliquary:FingerTrap":0,"Dota2Spire:AssaultCuirass":49,"reliquary:Vitrine":15,"Runic Pyramid":17,"Dota2Spire:HandOfMidas":31,"Lee\u0027s Waffle":45,"Happy Flower":46,"The Courier":40,"Seething Fire":0,"Akabeko":10,"CaptainsWheel":26,"Bottled Flame":45,"reliquary:PorcupineQuills":27,"Anvil of the Gods":0,"reliquary:BrokenClock":0,"Dota2Spire:OctarineCore":38,"Champion Belt":32,"DDmod:BarbedSlagRelic":36,"Dota2Spire:MonkeyKingBar":53,"REME_ComplimentaryCards":0,"Dota2Spire:PhaseBoots":22},{"Dota2Spire:MaskOfMadness":15,"Lantern":0,"Regal Pillow":5,"Dota2Spire:PowerTreads":33,"Gremlin Horn":2,"Dota2Spire:ArmletOfMordiggian":10,"reliquary:Firecrackers":16,"Mango":0,"Hammer of Thor":0,"Dota2Spire:RefresherOrb":22,"reliquary:Tamtam":0,"PrismaticShard":0,"reliquary:QuartzCube":0,"Smiling Mask":30,"Burning Blood":0,"Old Coin":27,"reliquary:TridentHead":0,"Frozen Eye":12,"reliquary:HotPoker":27,"Shovel":0,"TheAbacus":23,"Dota2Spire:CrimsonGuard":5,"Gambling Chip":8,"reliquary:Buckler":0,"HandDrill":0,"reliquary:FingerTrap":0,"Dota2Spire:AssaultCuirass":30,"reliquary:Vitrine":10,"Runic Pyramid":11,"Dota2Spire:HandOfMidas":21,"Lee\u0027s Waffle":28,"Happy Flower":29,"The Courier":25,"Seething Fire":0,"Akabeko":6,"CaptainsWheel":16,"Bottled Flame":28,"reliquary:PorcupineQuills":17,"Anvil of the Gods":0,"reliquary:BrokenClock":0,"Dota2Spire:OctarineCore":24,"Champion Belt":21,"DDmod:BarbedSlagRelic":23,"Dota2Spire:MonkeyKingBar":32,"REME_ComplimentaryCards":0,"Dota2Spire:PhaseBoots":14},{"Dota2Spire:MaskOfMadness":53,"Lantern":0,"Regal Pillow":11,"Dota2Spire:PowerTreads":110,"Gremlin Horn":2,"Dota2Spire:ArmletOfMordiggian":29,"reliquary:Firecrackers":56,"Mango":0,"Hammer of Thor":0,"Dota2Spire:RefresherOrb":79,"reliquary:Tamtam":0,"PrismaticShard":0,"reliquary:QuartzCube":0,"Smiling Mask":100,"Burning Blood":0,"Old Coin":91,"reliquary:TridentHead":0,"Frozen Eye":45,"reliquary:HotPoker":91,"Shovel":0,"TheAbacus":82,"Dota2Spire:CrimsonGuard":11,"Gambling Chip":24,"reliquary:Buckler":0,"HandDrill":0,"reliquary:FingerTrap":0,"Dota2Spire:AssaultCuirass":100,"reliquary:Vitrine":29,"Runic Pyramid":42,"Dota2Spire:HandOfMidas":70,"Lee\u0027s Waffle":94,"Happy Flower":97,"The Courier":85,"Seething Fire":0,"Akabeko":17,"CaptainsWheel":56,"Bottled Flame":94,"reliquary:PorcupineQuills":58,"Anvil of the Gods":0,"reliquary:BrokenClock":0,"Dota2Spire:OctarineCore":83,"Champion Belt":70,"DDmod:BarbedSlagRelic":82,"Dota2Spire:MonkeyKingBar":109,"REME_ComplimentaryCards":0,"Dota2Spire:PhaseBoots":49}]},"card_choices":[{"not_picked":["BowlingBash","BootSequence","Deadly Poison"],"picked":"SKIP","floor":1.0},{"not_picked":["Ball Lightning","DDmod:CallousedSkill"],"picked":"EmptyMind","floor":2.0},{"not_picked":["Prostrate","CrushJoints","Barrage"],"picked":"SKIP","floor":4.0},{"not_picked":["Crescendo","Go for the Eyes","Armaments"],"picked":"SKIP","floor":5.0},{"not_picked":["Go for the Eyes","Armaments"],"picked":"Crescendo","floor":5.0},{"not_picked":["Skewer","FlurryOfBlows"],"picked":"Burst","floor":7.0},{"not_picked":["Gash","DDmod:SpikeMailSkill"],"picked":"Calculated Gamble","floor":10.0},{"not_picked":["Steam","Crescendo","Dual Wield"],"picked":"SKIP","floor":11.0},{"not_picked":["Pommel Strike","Dodge and Roll","DDmod:EasePowerCard"],"picked":"SKIP","floor":12.0},{"not_picked":["Leap","REME_AllRoundStrike","Redo"],"picked":"SKIP","floor":13.0},{"not_picked":["REME_HeartOfCthun","Flex","Second Wind"],"picked":"SKIP","floor":14.0},{"not_picked":["Flex","Second Wind"],"picked":"REME_HeartOfCthun","floor":14.0},{"not_picked":["Blasphemy","REME_Fury"],"picked":"Adrenaline","floor":16.0},{"not_picked":["JustLucky","REME_SelfUpgrade","ClearTheMind"],"picked":"SKIP","floor":18.0},{"not_picked":["Iron Wave","FearNoEvil","Steam"],"picked":"SKIP","floor":20.0},{"not_picked":["Dodge and Roll","Wireheading+1"],"picked":"ruina:HomingInstinct","floor":21.0},{"not_picked":["REME_Fury","All Out Attack"],"picked":"ruina:SwordSharpened","floor":23.0},{"not_picked":["Anger","ThirdEye"],"picked":"Pommel Strike","floor":24.0},{"not_picked":["Stack","Nirvana","Consecrate"],"picked":"SKIP","floor":27.0},{"not_picked":["JustLucky","Warcry"],"picked":"Havoc","floor":28.0},{"not_picked":["DDmod:EasePowerCard","DDmod:SpikedSkill","Flying Knee"],"picked":"SKIP","floor":29.0},{"not_picked":["Rage","Ball Lightning","Bandage Up"],"picked":"SKIP","floor":30.0},{"not_picked":["Footwork","ruina:GoldRush","Sucker Punch"],"picked":"SKIP","floor":31.0},{"not_picked":["Masterful Stab","Barrage"],"picked":"Purity+1","floor":35.0},{"not_picked":["REME_DataAnalysis","DeusExMachina"],"picked":"PiercingWail+1","floor":40},{"not_picked":["Force Field","Pommel Strike"],"picked":"Body Slam+1","floor":41},{"not_picked":["Hemokinesis","Consecrate","WindmillStrike"],"picked":"SKIP","floor":42},{"not_picked":["PathToVictory","Carnage","FlurryOfBlows"],"picked":"SKIP","floor":44},{"not_picked":["Rainbow","Dropkick"],"picked":"Acrobatics+1","floor":46},{"not_picked":["REME_MusicOfDeath","Indignation"],"picked":"Discovery","floor":48},{"not_picked":["Bandage Up","Dagger Throw","Halt"],"picked":"SKIP","floor":55}],"player_experience":903288,"relics_obtained":[{"floor":7.0,"key":"Regal Pillow"},{"floor":8.0,"key":"Dota2Spire:CrimsonGuard"},{"floor":10.0,"key":"Akabeko"},{"floor":12.0,"key":"Gambling Chip"},{"floor":14.0,"key":"Dota2Spire:ArmletOfMordiggian"},{"floor":15.0,"key":"reliquary:Vitrine"},{"floor":23.0,"key":"Dota2Spire:MaskOfMadness"},{"floor":25.0,"key":"reliquary:Firecrackers"},{"floor":26.0,"key":"CaptainsWheel"},{"floor":27.0,"key":"reliquary:PorcupineQuills"},{"floor":31.0,"key":"Dota2Spire:HandOfMidas"},{"floor":32.0,"key":"Champion Belt"},{"floor":38,"key":"Dota2Spire:OctarineCore"},{"floor":40,"key":"The Courier"},{"floor":42,"key":"Old Coin"},{"floor":43,"key":"reliquary:HotPoker"},{"floor":46,"key":"Happy Flower"},{"floor":48,"key":"Smiling Mask"},{"floor":49,"key":"Dota2Spire:AssaultCuirass"},{"floor":53,"key":"Dota2Spire:MonkeyKingBar"},{"floor":55,"key":"Dota2Spire:PowerTreads"}],"event_choices":[{"damage_healed":0.0,"max_hp_gain":0.0,"max_hp_loss":0.0,"gold_gain":0.0,"event_name":"Big Fish","player_choice":"Box","floor":3.0,"gold_loss":0.0,"damage_taken":0.0,"relics_obtained":["Gremlin Horn"],"cards_obtained":["Regret"]},{"damage_healed":0.0,"max_hp_gain":0.0,"max_hp_loss":0.0,"gold_gain":0.0,"event_name":"conspire:Investor","player_choice":"Leave","floor":19.0,"gold_loss":0.0,"damage_taken":0.0},{"damage_healed":0,"gold_gain":0,"player_choice":"Fight","damage_taken":0,"max_hp_gain":0,"max_hp_loss":0,"event_name":"Mysterious Sphere","floor":38,"gold_loss":0}],"is_beta":false,"boss_relics":[{"not_picked":["Cursed Key","Coffee Dripper"],"picked":"Runic Pyramid"},{"not_picked":["SlaversCollar","conspire:SpecialSausage"],"picked":"Dota2Spire:RefresherOrb"}],"items_purged_floors":[22,37,45,54],"is_endless":false,"potions_floor_spawned":[2,10,12,13,14,21,27,28,30,33,38,41,46,48,55],"ascension_level":20}}