{"host":"ur8591ivwt16uwtw","time":1613864784,"event":{"mods":["BaseMod","Hubris","Minty Spire (QoL Compilation)","Rare Cards Sparkle","Replay The Spire","StSLib","The Bug Knight","The Cursed","The Disciple","The Hierophant","The Runesmith"],"gold_per_floor":[118,129,148,148,161,193,203,235,281,310,199,199,63,63,63,162,162,180,192,102,116,116,151,164,194,218,234,109,127,127,92,92,192,192,203,203,203],"floor_reached":36,"language":"ENG","playtime":30315,"items_purged":["Runesmith:Strike_RS","Runesmith:Strike_RS","Runesmith:Defend_RS"],"score":476,"play_id":"30ba2a2f-d4fa-45bb-a312-2d6a83c217c8","local_time":"20210221004624","is_ascension_mode":false,"campfire_choices":[{"data":"Runesmith:Firestorm","floor":15,"key":"SMITH"},{"data":"Runesmith:OneForEveryone","floor":30,"key":"SMITH"},{"data":"Runesmith:CraftFirestone","floor":32,"key":"SMITH"}],"circlet_count":0,"master_deck":["Runesmith:Defend_RS","Runesmith:Defend_RS","Runesmith:Defend_RS","Runesmith:CraftFirestone+1","Runesmith:Fortify","Runesmith:CraftProtectio","Runesmith:OneForEveryone+1","Runesmith:DuctTape","Runesmith:GoWithTheFlow","Runesmith:Retool+1","Runesmith:CraftMagma+1","Runesmith:Terraform","Runesmith:Firestorm+1","Runesmith:LithiumIon","Runesmith:CraftIncendium","Runesmith:CraftIncendium+1","Runesmith:LithiumIon"],"relics":["Runesmith:BrokenRuby","hubris:FunFungus","StrikeDummy","Dream Catcher","Replay:Mystery Machine","Painkiller Herb","hubris:Icosahedron","Iron Hammer","Chameleon Ring","Omamori","Sozu"],"acts_visited":["Exordium","TheCity","TheBeyond"],"potions_floor_usage":[10,10],"damage_taken":[{"damage":0,"enemies":"Cultist","floor":1,"turns":3},{"damage":1,"enemies":"Jaw Worm","floor":2,"turns":4},{"damage":0,"enemies":"Small Slimes","floor":3,"turns":3},{"damage":7,"enemies":"Exordium Wildlife","floor":5,"turns":8},{"damage":21,"enemies":"3 Sentries","floor":6,"turns":10},{"damage":2,"enemies":"3 Louse","floor":7,"turns":3},{"damage":9,"enemies":"HollowMod:MossKnight","floor":8,"turns":11},{"damage":0,"enemies":"Gremlin Nob","floor":10,"turns":4},{"damage":9,"enemies":"Slime Boss","floor":16,"turns":8},{"damage":1,"enemies":"Shell Parasite","floor":18,"turns":7},{"damage":3,"enemies":"2 Thieves","floor":19,"turns":5},{"damage":0,"enemies":"Centurion and Healer","floor":21,"turns":8},{"damage":0,"enemies":"Book of Stabbing","floor":23,"turns":6},{"damage":0,"enemies":"Snake Plant","floor":24,"turns":4},{"damage":16,"enemies":"Slavers","floor":25,"turns":7},{"damage":0,"enemies":"Sentry and Sphere","floor":27,"turns":6},{"damage":12,"enemies":"Cultist and Chosen","floor":29,"turns":6},{"damage":7,"enemies":"Shelled Parasite and Fungi","floor":31,"turns":4},{"damage":5,"enemies":"Automaton","floor":33,"turns":7},{"damage":0,"enemies":"3 Shapes","floor":35,"turns":3},{"damage":0,"enemies":"3 Darklings","floor":36,"turns":1}],"seed_played":"9025385925390012173","potions_obtained":[{"floor":3,"key":"ColorlessPotion"},{"floor":8,"key":"Flashbang"},{"floor":19,"key":"Elixir"},{"floor":21,"key":"ColorlessPotion"},{"floor":29,"key":"SpeedPotion"}],"is_trial":false,"path_per_floor":["M","M","M","?","M","E","M","E","T","E","$","?","$","?","R","B",null,"?","?","?","?","?","E","?","E","T","?","T","?","T","?","T","B",null,"?","?"],"character_chosen":"RUNESMITH_CLASS","items_purchased":["Runesmith:Firestorm","Runesmith:LithiumIon"],"campfire_rested":0,"item_purchase_floors":[11,13],"current_hp_per_floor":[70,69,69,69,62,41,39,35,35,36,36,36,36,41,41,37,75,75,72,72,75,75,75,75,64,64,75,75,72,72,68,68,74,75,75,75,75],"gold":203,"neow_bonus":"REMOVE_CARD","is_daily":false,"chose_seed":false,"campfire_upgraded":3,"win_rate":0.0,"timestamp":1613864784,"path_taken":["M","M","M","?","M","E","?","E","T","E","$","?","$","?","R","BOSS","?","?","?","?","?","E","?","E","T","?","?","?","T","?","T","BOSS","?","?"],"items_purchased_type":["Card","Card"],"build_version":"2020-12-22","purchased_purges":3,"victory":false,"max_hp_per_floor":[70,70,70,70,70,70,70,70,70,70,70,70,70,75,75,75,75,75,75,75,75,75,75,75,75,75,75,75,75,75,75,75,75,75,75,75,75],"card_choices":[{"not_picked":["Runesmith:HammerThrow","Runesmith:ShiftingStrike"],"picked":"Runesmith:CraftProtectio","floor":1},{"not_picked":["Runesmith:ShiftingStrike","Runesmith:ChiselStab","Runesmith:BackupBattery"],"picked":"SKIP","floor":2},{"not_picked":["Runesmith:ChaoticBlast","Runesmith:CraftProtectio"],"picked":"Runesmith:OneForEveryone","floor":3},{"not_picked":["Runesmith:RuneHurl","Runesmith:ElementalConversion"],"picked":"Runesmith:DuctTape","floor":5},{"not_picked":["Runesmith:ShiftingStrike","Runesmith:RuneHurl"],"picked":"Runesmith:GoWithTheFlow","floor":6},{"not_picked":["Runesmith:Overpower","Runesmith:UnstableHammer"],"picked":"Runesmith:Retool","floor":7},{"not_picked":["Runesmith:CraftProtectio","Runesmith:HammerTime"],"picked":"Runesmith:CraftMagma","floor":8},{"not_picked":["Runesmith:NanitesCloud","Runesmith:CraftVitae"],"picked":"Runesmith:Terraform","floor":10},{"not_picked":["Runesmith:Reinforce","Runesmith:ShiftingStrike","Runesmith:EnergizedChisel"],"picked":"SKIP","floor":18},{"not_picked":["Runesmith:Augment+1","Runesmith:PoweredAnvil","Runesmith:CraftSpiculum+1"],"picked":"SKIP","floor":19},{"not_picked":["Runesmith:Overpower","Runesmith:FieryHammer","Runesmith:HeatedChisel"],"picked":"SKIP","floor":21},{"not_picked":["Runesmith:ShiftingStrike+1","Runesmith:WhiteBalance","Runesmith:HeatedChisel"],"picked":"SKIP","floor":23},{"not_picked":["Runesmith:MakeshiftArmor+1","Runesmith:Prism+1","Runesmith:Discharge"],"picked":"SKIP","floor":24},{"not_picked":["Runesmith:Prism","Runesmith:PoweredAnvil+1"],"picked":"Runesmith:CraftIncendium","floor":25},{"not_picked":["Runesmith:UnstableHammer","Runesmith:PerfectChisel"],"picked":"Runesmith:CraftIncendium+1","floor":27},{"not_picked":["Runesmith:HeatExchange","Runesmith:Accelerate"],"picked":"Runesmith:LithiumIon","floor":29},{"not_picked":["Runesmith:EnergizedChisel+1","Runesmith:HeatExchange","Runesmith:ShiftingStrike"],"picked":"SKIP","floor":31},{"not_picked":["Runesmith:HammerThrow+1","Runesmith:Grindstone+1","Runesmith:Overpower"],"picked":"SKIP","floor":35}],"player_experience":2347117,"relics_obtained":[{"floor":6,"key":"hubris:FunFungus"},{"floor":8,"key":"StrikeDummy"},{"floor":9,"key":"Dream Catcher"},{"floor":10,"key":"Replay:Mystery Machine"},{"floor":23,"key":"Iron Hammer"},{"floor":25,"key":"Chameleon Ring"},{"floor":26,"key":"Omamori"}],"event_choices":[{"damage_healed":0,"gold_gain":0,"player_choice":"Ignored","damage_taken":0,"max_hp_gain":0,"max_hp_loss":0,"event_name":"NoteForYourself","floor":4,"gold_loss":0},{"damage_healed":0,"gold_gain":0,"player_choice":"Donut","damage_taken":0,"max_hp_gain":5,"max_hp_loss":0,"event_name":"Big Fish","floor":14,"gold_loss":0},{"cards_removed":["Runesmith:Strike_RS"],"damage_healed":0,"gold_gain":0,"player_choice":"Upgrade and Remove","damage_taken":0,"max_hp_gain":0,"max_hp_loss":0,"event_name":"Designer","floor":20,"gold_loss":90,"cards_upgraded":["Runesmith:Retool"]}],"is_beta":false,"boss_relics":[{"not_picked":["Ectoplasm","Black Star"],"picked":"Painkiller Herb"},{"not_picked":["Replay:Wanted Poster","Cursed Key"],"picked":"Sozu"}],"items_purged_floors":[11,13,28],"is_endless":false,"potions_floor_spawned":[3,6,8,19,21,29,31,35],"killed_by":"3 Darklings","ascension_level":0}}