{"host":"xt3o4iokwksypl90","time":1613856175,"event":{"mods":["AchievementEnabler","BaseMod","Googly Eyes","Highlight Path","Minty Spire (QoL Compilation)","Permanent Neow"],"gold_per_floor":[110,129,146,156,173,173,204,220,220,236,250,25,36,69,69,171,171,187,187,218,218,229,229,229,241,264,89,89,105,105,105,105],"floor_reached":31,"language":"ENG","playtime":2238,"items_purged":["Strike_G"],"score":339,"play_id":"d95d79f8-b011-468e-86f6-de7edb93daaf","local_time":"20210220222255","is_ascension_mode":true,"campfire_choices":[{"data":"Survivor","floor":6.0,"key":"SMITH"},{"data":"Flying Knee","floor":15.0,"key":"SMITH"},{"floor":23.0,"key":"REST"}],"circlet_count":0,"master_deck":["Strike_G+1","Strike_G+1","Defend_G","Defend_G","Defend_G","Survivor+1","Neutralize","Acrobatics","Flying Knee+1","Dagger Spray","PiercingWail","Reflex","Backstab","Acrobatics","Footwork","Venomology","Phantasmal Killer+1","Bullet Time+1","Distraction+1","Footwork","Reflex+1","J.A.X.","PiercingWail+1","Eviscerate","Tactician","Bullet Time"],"relics":["HoveringKite","Sundial","Mango","Whetstone","Tiny Chest","Astrolabe","Red Mask","Eternal Feather","Bronze Scales"],"acts_visited":["Exordium","TheCity"],"potions_floor_usage":[30,30],"damage_taken":[{"damage":10.0,"enemies":"Cultist","floor":1.0,"turns":5.0},{"damage":2.0,"enemies":"2 Louse","floor":2.0,"turns":2.0},{"damage":3.0,"enemies":"Small Slimes","floor":3.0,"turns":4.0},{"damage":4.0,"enemies":"3 Louse","floor":4.0,"turns":3.0},{"damage":3.0,"enemies":"Blue Slaver","floor":5.0,"turns":5.0},{"damage":21.0,"enemies":"Gremlin Nob","floor":7.0,"turns":5.0},{"damage":8.0,"enemies":"Exordium Thugs","floor":8.0,"turns":6.0},{"damage":0.0,"enemies":"Looter","floor":10.0,"turns":3.0},{"damage":4.0,"enemies":"Blue Slaver","floor":11.0,"turns":4.0},{"damage":0.0,"enemies":"Large Slime","floor":13.0,"turns":4.0},{"damage":31.0,"enemies":"Lagavulin","floor":14.0,"turns":10.0},{"damage":19.0,"enemies":"Slime Boss","floor":16.0,"turns":9.0},{"damage":5.0,"enemies":"Spheric Guardian","floor":18.0,"turns":3.0},{"damage":26.0,"enemies":"Masked Bandits","floor":20.0,"turns":4.0},{"damage":11.0,"enemies":"Shell Parasite","floor":22.0,"turns":6.0},{"damage":38.0,"enemies":"Cultist and Chosen","floor":25.0,"turns":9.0},{"damage":8.0,"enemies":"Snecko","floor":29.0,"turns":5.0},{"damage":1,"enemies":"Colosseum Slavers","floor":30,"turns":3},{"damage":0,"enemies":"Snake Plant","floor":31,"turns":1}],"seed_played":"8929612237024136423","potions_obtained":[{"floor":1.0,"key":"Fire Potion"},{"floor":5.0,"key":"FairyPotion"},{"floor":7.0,"key":"Explosive Potion"},{"floor":10.0,"key":"EntropicBrew"},{"floor":13.0,"key":"EntropicBrew"},{"floor":14.0,"key":"CunningPotion"},{"floor":16.0,"key":"SteroidPotion"}],"is_trial":false,"path_per_floor":["M","M","M","M","M","R","E","M","T","M","M","$","M","E","R","B",null,"M","?","?","?","M","R","T","M","T","$","?","M","?","M"],"character_chosen":"THE_SILENT","items_purchased":["Whetstone","Tactician","Bullet Time"],"campfire_rested":1,"item_purchase_floors":[12,27,27],"current_hp_per_floor":[53,51,48,44,41,41,20,12,26,26,22,22,22,25,25,6,65,60,60,34,34,23,48,48,10,10,10,10,2,1,1,1],"gold":105,"neow_bonus":"BOSS_RELIC","is_daily":false,"chose_seed":false,"campfire_upgraded":2,"win_rate":0.0,"timestamp":1613856175,"path_taken":["M","M","M","M","M","R","E","M","T","?","M","$","?","E","R","BOSS","M","?","?","?","M","R","?","?","T","$","?","M","?","M"],"items_purchased_type":["Relic","Card","Card"],"build_version":"2020-12-22","purchased_purges":1,"victory":false,"max_hp_per_floor":[70,70,70,70,70,70,70,70,84,84,84,84,84,84,84,84,84,84,84,84,84,84,84,84,84,84,84,84,84,84,84,84],"card_choices":[{"not_picked":["Endless Agony","Crippling Poison"],"picked":"Acrobatics","floor":1.0},{"not_picked":["Setup","Leg Sweep"],"picked":"Flying Knee","floor":2.0},{"not_picked":["Choke","Caltrops"],"picked":"Dagger Spray","floor":3.0},{"not_picked":["Dagger Spray","Outmaneuver","Deflect"],"picked":"SKIP","floor":4.0},{"not_picked":["Deflect","Sucker Punch"],"picked":"PiercingWail","floor":5.0},{"not_picked":["Outmaneuver","All Out Attack"],"picked":"Reflex","floor":7.0},{"not_picked":["Flechettes","Bane"],"picked":"Backstab","floor":8.0},{"not_picked":["Cloak And Dagger","PiercingWail","Deflect"],"picked":"SKIP","floor":10.0},{"not_picked":["Die Die Die","Blade Dance"],"picked":"Acrobatics","floor":11.0},{"not_picked":["Flying Knee","Acrobatics","Accuracy"],"picked":"SKIP","floor":13.0},{"not_picked":["Blur","All Out Attack"],"picked":"Footwork","floor":14.0},{"not_picked":["Envenom","Glass Knife"],"picked":"Venomology","floor":16.0},{"not_picked":["PiercingWail","Dagger Spray"],"picked":"Footwork","floor":18.0},{"not_picked":["Deadly Poison+1","Flying Knee"],"picked":"Reflex+1","floor":20.0},{"not_picked":["Quick Slash","Finisher"],"picked":"PiercingWail+1","floor":22.0},{"not_picked":["Flying Knee","PiercingWail"],"picked":"Eviscerate","floor":25.0},{"not_picked":["Bane","Endless Agony","Poisoned Stab"],"picked":"SKIP","floor":29.0}],"player_experience":358440,"relics_obtained":[{"floor":7.0,"key":"Sundial"},{"floor":9.0,"key":"Mango"},{"floor":14.0,"key":"Tiny Chest"},{"floor":20.0,"key":"Red Mask"},{"floor":24.0,"key":"Eternal Feather"},{"floor":26.0,"key":"Bronze Scales"}],"event_choices":[{"cards_removed":["Defend_G"],"damage_healed":0.0,"max_hp_gain":0.0,"max_hp_loss":0.0,"gold_gain":0.0,"event_name":"Back to Basics","player_choice":"Elegance","floor":19.0,"gold_loss":0.0,"damage_taken":0.0},{"damage_healed":0.0,"max_hp_gain":0.0,"max_hp_loss":0.0,"gold_gain":0.0,"event_name":"Masked Bandits","player_choice":"Fought Bandits","floor":20.0,"gold_loss":0.0,"damage_taken":0.0},{"damage_healed":0.0,"max_hp_gain":0.0,"max_hp_loss":0.0,"gold_gain":0.0,"event_name":"Drug Dealer","player_choice":"Obtain J.A.X.","floor":21.0,"gold_loss":0.0,"damage_taken":0.0,"cards_obtained":["J.A.X."]},{"damage_healed":0.0,"max_hp_gain":0.0,"max_hp_loss":0.0,"gold_gain":0.0,"event_name":"Vampires","player_choice":"Ignored","floor":28.0,"gold_loss":0.0,"damage_taken":0.0},{"damage_healed":0,"gold_gain":0,"player_choice":"Fight","damage_taken":0,"max_hp_gain":0,"max_hp_loss":0,"event_name":"Colosseum","floor":30,"gold_loss":0},{"damage_healed":0,"gold_gain":0,"player_choice":"Fled From Nobs","damage_taken":0,"max_hp_gain":0,"max_hp_loss":0,"event_name":"Colosseum","floor":30,"gold_loss":0}],"is_beta":false,"boss_relics":[{"not_picked":["Calling Bell","Runic Pyramid"],"picked":"Astrolabe"}],"items_purged_floors":[12],"is_endless":false,"potions_floor_spawned":[1,5,7,10,13,14,16,18,30],"killed_by":"Snake Plant","ascension_level":7}}