{"host":"21daswlctsv3qaxk","time":1613854612,"event":{"mods":["Act Like it!","BaseMod","Downfall","Hallownest","Hermit","Infinite Spire","Minty Spire (QoL Compilation)","Replay The Spire","StSLib","The Animator","The Bug Knight","The Cursed","The Jungle","The Servant 0.9.4"],"gold_per_floor":[112,164,181,256,273,298,314,341,341,360,388,407,442,452,452,452,452],"floor_reached":16,"language":"ENG","playtime":1075,"items_purged":[],"score":174,"play_id":"43bdf326-a752-470f-bc60-b650ec0444d1","local_time":"20210220215652","is_ascension_mode":true,"campfire_choices":[{"floor":15,"key":"RECALL"}],"circlet_count":0,"master_deck":["Strike_R","Strike_R","Strike_R","Strike_R","Strike_R","Defend_R","Defend_R","Defend_R","Defend_R","Bash","Flex","Pummel","Twin Strike","Demon Form","Power Through","ReplayTheSpireMod:Muscle Training","ReplayTheSpireMod:Limb From Limb","infinitespire:OneForAll","Thunderclap"],"relics":["Burning Blood","PreservedInsect","Golden Egg","Darkstone Periapt","Peace Pipe","infinitespire:WardingShard"],"acts_visited":["Exordium"],"potions_floor_usage":[7,7,8,11,16],"damage_taken":[{"damage":11,"enemies":"Jaw Worm","floor":1,"turns":5},{"damage":5,"enemies":"2 Louse","floor":3,"turns":3},{"damage":1,"enemies":"Cultist","floor":5,"turns":3},{"damage":9,"enemies":"Gremlin Nob","floor":6,"turns":4},{"damage":8,"enemies":"3 Louse","floor":7,"turns":3},{"damage":9,"enemies":"Lagavulin","floor":8,"turns":4},{"damage":12,"enemies":"Large Slime","floor":10,"turns":5},{"damage":16,"enemies":"Gremlin Nob","floor":11,"turns":4},{"damage":5,"enemies":"Exordium Wildlife","floor":12,"turns":3},{"damage":15,"enemies":"3 Sentries","floor":13,"turns":6},{"damage":21,"enemies":"Gremlin Gang","floor":14,"turns":5},{"damage":27,"enemies":"The Guardian","floor":16,"turns":2}],"seed_played":"-4465001224177165166","potions_obtained":[{"floor":2,"key":"BlessingOfTheForge"},{"floor":6,"key":"Adrenaline Potion"},{"floor":7,"key":"Block Potion"},{"floor":8,"key":"HeartOfIron"},{"floor":11,"key":"Doom Potion"},{"floor":14,"key":"PowerPotion"}],"is_trial":false,"path_per_floor":["M","?","M","?","M","E","M","E","T","M","E","M","E","M","R","B"],"character_chosen":"IRONCLAD","items_purchased":[],"campfire_rested":0,"item_purchase_floors":[],"current_hp_per_floor":[75,75,76,68,73,70,68,65,65,59,49,50,41,26,26,0,0],"gold":452,"neow_bonus":"TEN_PERCENT_HP_BONUS","is_daily":false,"chose_seed":false,"campfire_upgraded":0,"win_rate":0.0,"timestamp":1613854612,"path_taken":["M","?","M","?","M","E","M","E","T","M","E","?","E","M","R","BOSS"],"items_purchased_type":[],"build_version":"2020-12-22","purchased_purges":0,"victory":false,"max_hp_per_floor":[88,88,88,88,88,88,88,88,88,88,88,88,88,88,88,88,88],"card_choices":[{"not_picked":["Replay:Undeath\u0027s Touch","Battle Trance"],"picked":"Flex","floor":1},{"not_picked":["Anger","ReplayTheSpireMod:Stacked"],"picked":"Pummel","floor":2},{"not_picked":["Headbutt","Sever Soul"],"picked":"Twin Strike","floor":2},{"not_picked":["Perfected Strike","Power Through"],"picked":"Demon Form","floor":3},{"not_picked":["Armaments","Run Through"],"picked":"Power Through","floor":5},{"not_picked":["Power Through","Pummel"],"picked":"ReplayTheSpireMod:Muscle Training","floor":6},{"not_picked":["ReplayTheSpireMod:Strike From Hell","Replay:Undeath\u0027s Touch","Twin Strike"],"picked":"SKIP","floor":7},{"not_picked":["Anger","Run Through","Juggernaut"],"picked":"SKIP","floor":8},{"not_picked":["Body Slam","True Grit","Flex"],"picked":"SKIP","floor":10},{"not_picked":["Replay:Undeath\u0027s Touch","Abandon"],"picked":"ReplayTheSpireMod:Limb From Limb","floor":11},{"not_picked":["Body Slam","Headbutt","Dark Embrace"],"picked":"SKIP","floor":12},{"not_picked":["Pommel Strike","Hemogenesis"],"picked":"infinitespire:OneForAll","floor":13},{"not_picked":["Reckless Charge","Armaments"],"picked":"Thunderclap","floor":14}],"player_experience":228259,"relics_obtained":[{"floor":2,"key":"PreservedInsect"},{"floor":6,"key":"Golden Egg"},{"floor":8,"key":"Darkstone Periapt"},{"floor":11,"key":"Peace Pipe"},{"floor":13,"key":"infinitespire:WardingShard"}],"event_choices":[{"damage_healed":0,"gold_gain":75,"player_choice":"Touch","damage_taken":8,"max_hp_gain":0,"max_hp_loss":0,"event_name":"FaceTrader","floor":4,"gold_loss":0}],"is_beta":false,"boss_relics":[],"items_purged_floors":[],"is_endless":false,"potions_floor_spawned":[6,7,8,11,14],"killed_by":"The Guardian","ascension_level":6}}