{"host":"tzulxga4bfkqqj6q","time":1613779774,"event":{"mods":["BaseMod","Downfall","Minty Spire (QoL Compilation)","StSLib"],"gold_per_floor":[99,118,118,134,134,34,57,42,59,71,104,4,22,7,22,121,121,121,139,139,3,19,32,32,63,77,77,77,77],"floor_reached":27,"language":"ENG","playtime":4304,"items_purged":["downfall:Malfunctioning"],"score":310,"play_id":"b28f1f8b-dc29-447b-8d23-43d4df8348bf","local_time":"20210219180934","is_ascension_mode":false,"campfire_choices":[{"floor":1,"key":"RECALL"},{"data":"hexamod:HexaLevel","floor":6,"key":"SMITH"},{"floor":12,"key":"REST"},{"floor":18,"key":"REST"}],"circlet_count":0,"master_deck":["hexamod:Strike","hexamod:Strike+1","hexamod:Strike","hexamod:Defend","hexamod:Defend","hexamod:Sear","hexamod:Float","hexamod:ChargedBarrage","hexamod:EmpoweredFlame","hexamod:ThirdSeal","hexamod:HexaLevel+1","hexamod:InspiringFlames","hexamod:GhostLash","hexamod:FastForward","hexamod:GhostShield","hexamod:UnleashSpirits+1","hexamod:FourthSeal","hexamod:ThermalTransfer+1","hexamod:SpectersWail","hexamod:SearingWound","hexamod:SixthSeal","hexamod:SkipABeat","hexamod:NightmareGuise","hexamod:GhostShield","hexamod:GhostLash+1","hexamod:Hexaguard","hexamod:Firestarter","hexamod:FifthSeal"],"relics":["hexamod:SpiritBrand","Orichalcum","downfall:HeartBlessingRed","Bronze Scales","downfall:HeartBlessingBlue","Fusion Hammer","Meat on the Bone","Pen Nib"],"acts_visited":["Exordium","TheCity"],"potions_floor_usage":[14,16,19,19,21,21,21,25,25,25,25,25,25,27],"damage_taken":[{"damage":0,"enemies":"Cultist","floor":2,"turns":3},{"damage":0,"enemies":"Small Slimes","floor":4,"turns":3},{"damage":5,"enemies":"downfall:FleeingMerchant","floor":8,"turns":4},{"damage":8,"enemies":"Jaw Worm","floor":9,"turns":3},{"damage":0,"enemies":"downfall:LooterAlt","floor":10,"turns":3},{"damage":10,"enemies":"Lagavulin","floor":11,"turns":5},{"damage":0,"enemies":"Exordium Wildlife","floor":13,"turns":4},{"damage":2,"enemies":"downfall:FleeingMerchant","floor":14,"turns":4},{"damage":5,"enemies":"3 Louse","floor":15,"turns":3},{"damage":0,"enemies":"SI_SHIV_ARCHETYPE","floor":16,"turns":7},{"damage":0,"enemies":"Shell Parasite","floor":19,"turns":3},{"damage":10,"enemies":"downfall:FleeingMerchant","floor":21,"turns":4},{"damage":8,"enemies":"Spheric Guardian","floor":22,"turns":4},{"damage":15,"enemies":"Snake Plant","floor":23,"turns":4},{"damage":14,"enemies":"Slavers","floor":25,"turns":5},{"damage":5,"enemies":"Centurion and Healer","floor":26,"turns":6},{"damage":50,"enemies":"Cultist and Chosen","floor":27,"turns":7}],"seed_played":"8748555249180376365","potions_obtained":[{"floor":2,"key":"Guardian:BlockOnCardUsePotion"},{"floor":4,"key":"FearPotion"},{"floor":14,"key":"Block Potion"},{"floor":15,"key":"PowerPotion"},{"floor":16,"key":"hexamod:SoulburnPotion"},{"floor":19,"key":"EntropicBrew"},{"floor":21,"key":"SteroidPotion"},{"floor":23,"key":"EntropicBrew"},{"floor":23,"key":"hexamod:EctoCoolerPotion"},{"floor":25,"key":"CultistPotion"},{"floor":26,"key":"ColorlessPotion"}],"is_trial":false,"path_per_floor":["R","M","?","M","?","R","T","$","M","M","E","R","M","$","M","B",null,"R","M","?","$","M","M","T","E","M","M"],"character_chosen":"THE_SPIRIT","items_purchased":["hexamod:GhostShield"],"campfire_rested":2,"item_purchase_floors":[21],"current_hp_per_floor":[77,77,44,44,44,44,44,39,31,31,21,57,57,55,50,50,87,87,87,87,77,69,54,54,52,47,0,0,0],"gold":77,"neow_bonus":"TEN_PERCENT_HP_BONUS","is_daily":false,"chose_seed":false,"campfire_upgraded":1,"win_rate":0.0,"timestamp":1613779774,"path_taken":["R","M","?","M","?","R","T","$","M","?","E","R","M","$","M","BOSS","R","M","?","$","M","?","T","E","M","M"],"items_purchased_type":["Card"],"build_version":"2020-12-22","purchased_purges":1,"victory":false,"max_hp_per_floor":[77,77,77,77,77,77,77,77,77,77,77,87,87,87,87,87,87,87,87,87,87,87,87,87,87,87,87,87,87],"card_choices":[{"not_picked":["hexamod:PhantomFireball","hexamod:DynamicBlow"],"picked":"hexamod:ChargedBarrage","floor":2},{"not_picked":["hexamod:GhostShield","hexamod:NightmareGuise"],"picked":"hexamod:EmpoweredFlame","floor":4},{"not_picked":["hexamod:SwordOfDarkness","hexamod:SpectersWail"],"picked":"hexamod:GhostLash","floor":8},{"not_picked":["hexamod:NightmareGuise","hexamod:SkipABeat"],"picked":"hexamod:FastForward","floor":8},{"not_picked":["hexamod:BurningTouch","hexamod:BacktrackSmack"],"picked":"hexamod:GhostShield","floor":9},{"not_picked":["hexamod:GhostflameBarrier","hexamod:NightmareGuise","hexamod:CatchUp"],"picked":"SKIP","floor":9},{"not_picked":["hexamod:SpectralAdrenaline","hexamod:GhostflameBarrier"],"picked":"hexamod:UnleashSpirits","floor":10},{"not_picked":["hexamod:SwordOfDarkness","hexamod:BurningTouch","hexamod:NightmareGuise"],"picked":"SKIP","floor":11},{"not_picked":["hexamod:NecessarySacrifice","hexamod:RetreatToShadows"],"picked":"hexamod:FourthSeal","floor":13},{"not_picked":["hexamod:AdvancingGuard","hexamod:BurningTouch"],"picked":"hexamod:ThermalTransfer","floor":13},{"not_picked":["hexamod:BurningTouch","hexamod:ChargedBarrage","hexamod:FourthSeal"],"picked":"SKIP","floor":14},{"not_picked":["hexamod:RadiantFlame","hexamod:SwordOfDarkness"],"picked":"hexamod:SpectersWail","floor":15},{"not_picked":["hexamod:GhostOfSpirePresent","hexamod:UnlimitedPower"],"picked":"hexamod:SearingWound","floor":16},{"not_picked":["hexamod:UnleashSpirits","hexamod:HexaLevel"],"picked":"hexamod:SixthSeal","floor":16},{"not_picked":["hexamod:InspiringFlames","hexamod:GhostShield+1"],"picked":"hexamod:SkipABeat","floor":19},{"not_picked":["hexamod:SpectersWail","hexamod:BacktrackSmack+1"],"picked":"hexamod:NightmareGuise","floor":19},{"not_picked":["hexamod:AdvancingGuard","hexamod:ThermalTransfer","hexamod:ShieldOfDarkness"],"picked":"SKIP","floor":21},{"not_picked":["hexamod:TurnItUp","hexamod:Rewind"],"picked":"hexamod:GhostLash","floor":22},{"not_picked":["hexamod:ShieldOfDarkness","hexamod:NecessarySacrifice","hexamod:ThermalTransfer"],"picked":"SKIP","floor":22},{"not_picked":["hexamod:FastForward","hexamod:NightmareGuise"],"picked":"hexamod:Hexaguard","floor":23},{"not_picked":["hexamod:NightmareGuise","hexamod:Rewind+1"],"picked":"hexamod:Firestarter","floor":23},{"not_picked":["hexamod:FastForward","hexamod:ExtraCrispy","hexamod:InspiringFlames"],"picked":"SKIP","floor":25},{"not_picked":["hexamod:RecurringNightmare","hexamod:SwordOfDarkness+1"],"picked":"hexamod:FifthSeal","floor":26},{"not_picked":["hexamod:SpectralAdrenaline","hexamod:NightmareGuise","hexamod:BacktrackSmack+1"],"picked":"SKIP","floor":26}],"player_experience":324830,"relics_obtained":[{"floor":11,"key":"Bronze Scales"},{"floor":24,"key":"Meat on the Bone"},{"floor":25,"key":"Pen Nib"}],"event_choices":[{"damage_healed":0,"gold_gain":0,"player_choice":"Success","damage_taken":33,"relics_obtained":["Orichalcum"],"max_hp_gain":0,"max_hp_loss":0,"event_name":"Scrap Ooze","floor":3,"gold_loss":0},{"cards_removed":["Iron Wave"],"damage_healed":0,"gold_gain":0,"player_choice":"Took Card","damage_taken":0,"max_hp_gain":0,"max_hp_loss":0,"event_name":"NoteForYourself","floor":20,"gold_loss":0,"cards_obtained":["Iron Wave"]}],"is_beta":false,"boss_relics":[{"not_picked":["hexamod:IceCube","Black Star"],"picked":"Fusion Hammer"}],"items_purged_floors":[21],"is_endless":false,"potions_floor_spawned":[2,4,15,23,25,26],"killed_by":"Cultist and Chosen","ascension_level":0}}