{"host":"mithrandi","time":1613844172,"event":{"mods":["BaseMod","Colored Map","Highlight Path","Minty Spire (QoL Compilation)","SuperFastMode"],"gold_per_floor":[116,127,52,52,62,62,22,56,56,72,103,28,28,28,28,101,101,112,37,72,72,90,90,133,160,160,160,60,103,121,121,121,198,198,224,238,251,269,269,269,303,303,303,324,342,342,342],"floor_reached":46,"language":"ENG","playtime":2701,"items_purged":["Strike_R","Defend_R"],"score":1038,"play_id":"529a5490-f5cf-4a87-8088-6bed24c4b340","local_time":"20210220200252","is_ascension_mode":true,"campfire_choices":[{"data":"Carnage","floor":6.0,"key":"SMITH"},{"data":"Spot Weakness","floor":13.0,"key":"SMITH"},{"data":"Bash","floor":15.0,"key":"SMITH"},{"data":"Limit Break","floor":23.0,"key":"SMITH"},{"data":"True Grit","floor":27,"key":"SMITH"},{"data":"True Grit","floor":32,"key":"SMITH"},{"floor":40,"key":"RECALL"},{"data":"Ghostly","floor":42,"key":"SMITH"}],"circlet_count":0,"master_deck":["AscendersBane","Strike_R+1","Defend_R","Defend_R","Bash+1","Headbutt+1","Carnage+1","True Grit+1","Flame Barrier","Anger","Spot Weakness+1","Limit Break+1","True Grit+1","Seeing Red+1","Ghostly+1","Ghostly","Ghostly","Armaments+1","Heavy Blade","Madness","Madness"],"relics":["Burning Blood","CaptainsWheel","Turnip","Whetstone","Runic Pyramid","Red Mask","CeramicFish","Blue Candle","Ginger","Busted Crown","Pantograph"],"acts_visited":["Exordium","TheCity","TheBeyond"],"potions_floor_usage":[24,29,33,41],"damage_taken":[{"damage":6.0,"enemies":"Jaw Worm","floor":1.0,"turns":7.0},{"damage":3.0,"enemies":"2 Louse","floor":2.0,"turns":4.0},{"damage":0.0,"enemies":"Cultist","floor":5.0,"turns":3.0},{"damage":23.0,"enemies":"Lagavulin","floor":8.0,"turns":5.0},{"damage":6.0,"enemies":"Looter","floor":10.0,"turns":3.0},{"damage":24.0,"enemies":"Gremlin Nob","floor":11.0,"turns":5.0},{"damage":20.0,"enemies":"Slime Boss","floor":16.0,"turns":7.0},{"damage":14.0,"enemies":"Shell Parasite","floor":18.0,"turns":4.0},{"damage":12.0,"enemies":"Masked Bandits","floor":20.0,"turns":3.0},{"damage":4.0,"enemies":"Spheric Guardian","floor":22.0,"turns":4.0},{"damage":10,"enemies":"Gremlin Leader","floor":24,"turns":6},{"damage":13,"enemies":"Slavers","floor":29,"turns":8},{"damage":10,"enemies":"Snecko","floor":30,"turns":6},{"damage":21,"enemies":"Collector","floor":33,"turns":7},{"damage":3,"enemies":"3 Darklings","floor":35,"turns":5},{"damage":3,"enemies":"Orb Walker","floor":36,"turns":4},{"damage":0,"enemies":"Jaw Worm Horde","floor":37,"turns":5},{"damage":1,"enemies":"Writhing Mass","floor":38,"turns":5},{"damage":5,"enemies":"Reptomancer","floor":41,"turns":6},{"damage":16,"enemies":"Transient","floor":44,"turns":6},{"damage":20,"enemies":"Giant Head","floor":46,"turns":5}],"seed_played":"5306655999868945779","potions_obtained":[{"floor":10.0,"key":"Ancient Potion"},{"floor":11.0,"key":"SneckoOil"},{"floor":20.0,"key":"AttackPotion"},{"floor":22.0,"key":"Ancient Potion"},{"floor":24,"key":"EssenceOfSteel"},{"floor":35,"key":"Energy Potion"},{"floor":37,"key":"Dexterity Potion"},{"floor":41,"key":"SteroidPotion"}],"is_trial":false,"path_per_floor":["M","M","?","?","M","R","$","E","T","M","E","$","R","$","R","B",null,"M","?","?","?","M","R","E","?","T","R","$","E","M","T","R","B",null,"M","M","M","M","?","R","E","R","T","M","?","E"],"character_chosen":"IRONCLAD","items_purchased":["Flame Barrier"],"campfire_rested":0,"item_purchase_floors":[7],"current_hp_per_floor":[68,71,71,71,75,75,75,58,58,58,40,40,40,40,40,26,63,55,55,49,49,51,51,47,37,37,37,37,30,26,26,26,11,31,34,37,37,37,37,37,37,37,37,27,20,0,0],"gold":342,"neow_bonus":"REMOVE_CARD","is_daily":false,"chose_seed":false,"campfire_upgraded":7,"win_rate":0.0,"timestamp":1613844172,"path_taken":["M","M","?","?","M","R","$","E","T","M","E","?","R","$","R","BOSS","M","?","?","?","?","R","E","?","T","R","$","E","M","?","R","BOSS","M","?","M","M","?","R","E","R","T","M","?","E"],"items_purchased_type":["Card"],"build_version":"2020-12-18","purchased_purges":2,"victory":false,"max_hp_per_floor":[75,75,75,75,75,75,75,75,75,75,75,75,75,75,75,75,75,75,75,75,75,75,75,75,37,37,37,37,37,37,37,37,37,37,37,37,37,37,37,37,37,37,37,37,37,37,37],"card_choices":[{"not_picked":["Clothesline","Perfected Strike"],"picked":"Headbutt","floor":1.0},{"not_picked":["Clash","Warcry"],"picked":"Carnage","floor":2.0},{"not_picked":["Headbutt","Pummel"],"picked":"True Grit","floor":5.0},{"not_picked":["Burning Pact","Ghostly Armor","Clash"],"picked":"SKIP","floor":8.0},{"not_picked":["Rage","Uppercut"],"picked":"Anger","floor":10.0},{"not_picked":["Clothesline","Pommel Strike"],"picked":"Spot Weakness","floor":11.0},{"not_picked":["Impervious","Exhume"],"picked":"Limit Break","floor":16.0},{"not_picked":["Dark Embrace","Twin Strike","Power Through"],"picked":"SKIP","floor":18.0},{"not_picked":["Twin Strike","Bloodletting"],"picked":"True Grit","floor":22.0},{"not_picked":["Inflame","Clothesline"],"picked":"Seeing Red+1","floor":24},{"not_picked":["Perfected Strike","Pommel Strike"],"picked":"Warcry+1","floor":29},{"not_picked":["Carnage+1","Body Slam+1","Perfected Strike"],"picked":"SKIP","floor":30},{"not_picked":[],"picked":"Armaments+1","floor":35},{"not_picked":["Twin Strike"],"picked":"SKIP","floor":36},{"not_picked":["Intimidate+1"],"picked":"SKIP","floor":37},{"not_picked":["Iron Wave"],"picked":"SKIP","floor":38},{"not_picked":["Brutality"],"picked":"SKIP","floor":41},{"not_picked":[],"picked":"Heavy Blade","floor":44}],"player_experience":3030003,"relics_obtained":[{"floor":8.0,"key":"CaptainsWheel"},{"floor":9.0,"key":"Turnip"},{"floor":11.0,"key":"Whetstone"},{"floor":20.0,"key":"Red Mask"},{"floor":24,"key":"CeramicFish"},{"floor":26,"key":"Blue Candle"},{"floor":31,"key":"Ginger"},{"floor":41,"key":"Pantograph"}],"event_choices":[{"cards_removed":["Strike_R"],"damage_healed":0.0,"max_hp_gain":0.0,"max_hp_loss":0.0,"gold_gain":0.0,"event_name":"The Cleric","player_choice":"Card Removal","floor":3.0,"gold_loss":75.0,"damage_taken":0.0},{"damage_healed":0.0,"max_hp_gain":0.0,"max_hp_loss":0.0,"gold_gain":0.0,"event_name":"Liars Game","player_choice":"Ignored","floor":4.0,"gold_loss":0.0,"damage_taken":0.0},{"cards_removed":["Strike_R"],"damage_healed":0.0,"max_hp_gain":0.0,"max_hp_loss":0.0,"gold_gain":0.0,"event_name":"Beggar","player_choice":"Gave Gold","floor":19.0,"gold_loss":75.0,"damage_taken":0.0},{"damage_healed":0.0,"max_hp_gain":0.0,"max_hp_loss":0.0,"gold_gain":0.0,"event_name":"Masked Bandits","player_choice":"Fought Bandits","floor":20.0,"gold_loss":0.0,"damage_taken":0.0},{"cards_removed":["Defend_R"],"damage_healed":0.0,"max_hp_gain":0.0,"max_hp_loss":0.0,"gold_gain":0.0,"event_name":"Purifier","player_choice":"Purged","floor":21.0,"gold_loss":0.0,"damage_taken":0.0},{"damage_healed":0,"gold_gain":0,"player_choice":"Became a Ghost","damage_taken":0,"max_hp_gain":0,"max_hp_loss":38,"event_name":"Ghosts","floor":25,"gold_loss":0,"cards_obtained":["Ghostly","Ghostly","Ghostly"]},{"cards_removed":["Warcry"],"damage_healed":0,"gold_gain":0,"player_choice":"Removed Skill","damage_taken":0,"max_hp_gain":0,"max_hp_loss":0,"event_name":"Falling","floor":39,"gold_loss":0},{"damage_healed":0,"gold_gain":0,"player_choice":"Embrace Madness","damage_taken":7,"max_hp_gain":0,"max_hp_loss":0,"event_name":"Winding Halls","floor":45,"gold_loss":0,"cards_obtained":["Madness","Madness"]}],"is_beta":true,"boss_relics":[{"not_picked":["Philosopher\u0027s Stone","Snecko Eye"],"picked":"Runic Pyramid"},{"not_picked":["Astrolabe","Runic Cube"],"picked":"Busted Crown"}],"items_purged_floors":[12,28],"is_endless":false,"potions_floor_spawned":[10,11,20,22,24,35,37,41],"killed_by":"Giant Head","ascension_level":20}}