{"host":"a4s27ghlnr83kbqz","time":1613814581,"event":{"mods":["AchievementEnabler","BaseMod","Colored Map","Minty Spire (QoL Compilation)","Permanent Neow","SuperFastMode"],"gold_per_floor":[113,44,44,63,63,63,101,27,27,27,52,83,83,101,101,101,101],"floor_reached":16,"language":"KOR","playtime":207,"items_purged":[],"score":219,"play_id":"b634d288-fcfb-4a24-b607-fee6a166abc3","local_time":"20210220184941","is_ascension_mode":true,"campfire_choices":[{"data":"Dagger Spray","floor":6,"key":"SMITH"},{"floor":13,"key":"REST"},{"data":"Backstab","floor":15,"key":"SMITH"}],"circlet_count":0,"master_deck":["AscendersBane","Strike_G","Strike_G","Strike_G","Strike_G","Strike_G","Defend_G","Defend_G","Defend_G","Defend_G","Defend_G","Survivor","Neutralize","Dagger Spray+1","Masterful Stab","Backflip","Bouncing Flask","Dash","Leg Sweep","Deadly Poison","Backstab+1"],"relics":["Ring of the Snake","NeowsBlessing","Golden Idol","Ancient Tea Set","Potion Belt","Blue Candle","Sundial"],"acts_visited":["Exordium"],"potions_floor_usage":[],"damage_taken":[{"damage":0,"enemies":"Cultist","floor":1,"turns":1},{"damage":0,"enemies":"Jaw Worm","floor":4,"turns":1},{"damage":0,"enemies":"3 Sentries","floor":7,"turns":1},{"damage":2,"enemies":"Small Slimes","floor":11,"turns":3},{"damage":28,"enemies":"Lagavulin","floor":12,"turns":8},{"damage":0,"enemies":"2 Fungi Beasts","floor":14,"turns":3},{"damage":54,"enemies":"Slime Boss","floor":16,"turns":7}],"seed_played":"-9014792656299995678","potions_obtained":[{"floor":1,"key":"SteroidPotion"},{"floor":14,"key":"SneckoOil"}],"is_trial":false,"path_per_floor":["M","$","?","M","$","R","E","$","T","?","M","E","R","M","R","B"],"character_chosen":"THE_SILENT","items_purchased":["Masterful Stab","Dash"],"campfire_rested":1,"item_purchase_floors":[2,8],"current_hp_per_floor":[63,63,46,46,46,46,46,46,46,46,44,16,37,37,37,0,0],"gold":101,"neow_bonus":"THREE_ENEMY_KILL","is_daily":false,"chose_seed":false,"campfire_upgraded":2,"win_rate":0.0,"timestamp":1613814581,"path_taken":["M","?","?","M","$","R","E","?","T","?","M","E","R","M","R","BOSS"],"items_purchased_type":["Card","Card"],"build_version":"2020-12-22","purchased_purges":0,"victory":false,"max_hp_per_floor":[70,70,70,70,70,70,70,70,70,70,70,70,70,70,70,70,70],"card_choices":[{"not_picked":["Masterful Stab","Prepared"],"picked":"Dagger Spray","floor":1},{"not_picked":["Deflect","Slice"],"picked":"Backflip","floor":4},{"not_picked":["Footwork","Setup"],"picked":"Bouncing Flask","floor":7},{"not_picked":["Choke","Dagger Spray"],"picked":"Leg Sweep","floor":11},{"not_picked":["Outmaneuver","Calculated Gamble"],"picked":"Deadly Poison","floor":12},{"not_picked":["Backflip","Endless Agony"],"picked":"Backstab","floor":14}],"player_experience":1142091,"relics_obtained":[{"floor":7,"key":"Ancient Tea Set"},{"floor":9,"key":"Potion Belt"},{"floor":12,"key":"Sundial"}],"event_choices":[{"damage_healed":0,"gold_gain":0,"player_choice":"Take Damage","damage_taken":17,"relics_obtained":["Golden Idol"],"max_hp_gain":0,"max_hp_loss":0,"event_name":"Golden Idol","floor":3,"gold_loss":0},{"damage_healed":0,"gold_gain":0,"player_choice":"Gave Potion","damage_taken":0,"relics_obtained":["Blue Candle"],"max_hp_gain":0,"max_hp_loss":0,"event_name":"WeMeetAgain","floor":10,"gold_loss":0}],"is_beta":false,"boss_relics":[],"items_purged_floors":[],"is_endless":false,"potions_floor_spawned":[1,14],"killed_by":"Slime Boss","ascension_level":13}}