{"host":"udyc8f81k2jocuhg","time":1613846686,"event":{"mods":["2.2 Compatiblity","BaseMod","Better Third Choice","Colored Powertips","Conspire","Custom Start","GifTheSpireLib","Hermit","Minty Spire (QoL Compilation)","Permanent Neow","Quick Restart","Relic Filter","Relic Stats","Replay The Spire","Shop Mod","Spikes Relics","StSLib","Stuff the Spire"],"gold_per_floor":[163,163,183,203,223,257,274,307,307,335,346,356,369,382,382,456,456,475,488,506,376,399,399,399],"floor_reached":23,"language":"ENG","playtime":10990,"items_purged":["Strike_B"],"score":488,"play_id":"a88f7d88-fb06-421e-8722-38a8d161a354","local_time":"20210220194446","is_ascension_mode":true,"campfire_choices":[{"data":"Zap","floor":15.0,"key":"SMITH"}],"circlet_count":0,"master_deck":["AscendersBane","Strike_B","Strike_B+1","Strike_B","Defend_B","Defend_B","Defend_B","Defend_B","Zap+1","Dualcast","Sunder+1","Steam","Undo","Steam","Chill","White Noise","White Noise","StuffTheSpire:Synthwave","Creative AI","Consume"],"relics":["Tiny House","Counterbalance","conspire:Flyswatter","Iron Hammer","Nuclear Battery"],"acts_visited":["Exordium","TheCity"],"potions_floor_usage":[23,23],"damage_taken":[{"damage":7.0,"enemies":"Jaw Worm","floor":1.0,"turns":3.0},{"damage":0.0,"enemies":"Cultist","floor":3.0,"turns":3.0},{"damage":0.0,"enemies":"Small Slimes","floor":4.0,"turns":3.0},{"damage":3.0,"enemies":"Blue Slaver","floor":5.0,"turns":6.0},{"damage":0.0,"enemies":"Replay:BlueRogue","floor":6.0,"turns":10.0},{"damage":0.0,"enemies":"Exordium Wildlife","floor":7.0,"turns":2.0},{"damage":7.0,"enemies":"3 Sentries","floor":8.0,"turns":8.0},{"damage":4.0,"enemies":"Gremlin Nob","floor":10.0,"turns":3.0},{"damage":5.0,"enemies":"Large Slime","floor":11.0,"turns":6.0},{"damage":0.0,"enemies":"Red Slaver","floor":12.0,"turns":6.0},{"damage":1.0,"enemies":"Exordium Wildlife","floor":13.0,"turns":3.0},{"damage":6.0,"enemies":"Blue Slaver","floor":14.0,"turns":6.0},{"damage":22.0,"enemies":"The Guardian","floor":16.0,"turns":9.0},{"damage":25.0,"enemies":"Shell Parasite","floor":18.0,"turns":6.0},{"damage":32.0,"enemies":"3 Byrds","floor":19.0,"turns":4.0},{"damage":14.0,"enemies":"Centurion and Healer","floor":20.0,"turns":7.0},{"damage":5,"enemies":"Replay:Snechameleon","floor":23,"turns":2}],"seed_played":"2306680472358813900","potions_obtained":[{"floor":0.0,"key":"Weak Potion"},{"floor":1.0,"key":"Weak Potion"},{"floor":4.0,"key":"Adrenaline Potion"},{"floor":7.0,"key":"DuplicationPotion"},{"floor":16.0,"key":"Regen Potion"},{"floor":20.0,"key":"Adrenaline Potion"}],"is_trial":false,"path_per_floor":["M","?","M","M","M","E","M","E","T","E","M","M","M","M","R","B",null,"M","M","M","$","T","E"],"character_chosen":"DEFECT","items_purchased":["FocusPotion"],"campfire_rested":0,"item_purchase_floors":[21],"current_hp_per_floor":[62,62,62,62,59,59,59,52,52,48,43,43,42,36,36,14,61,36,18,4,4,4,0,0],"gold":399,"neow_bonus":"BOSS_RELIC","is_daily":false,"chose_seed":false,"campfire_upgraded":1,"win_rate":0.0,"timestamp":1613846686,"path_taken":["M","?","M","M","M","E","M","E","T","E","?","M","M","M","R","BOSS","M","M","M","$","?","E"],"items_purchased_type":["Potion"],"build_version":"2020-12-22","purchased_purges":1,"victory":false,"max_hp_per_floor":[76,76,76,76,76,76,76,76,76,76,76,76,76,76,76,76,76,76,76,76,76,76,76,76],"relic_stats":{"counters":[17,87],"obtain_stats":[{"Tiny House":0,"Counterbalance":6,"Iron Hammer":9,"Cracked Core":0,"conspire:Flyswatter":8,"Nuclear Battery":17},{"Tiny House":0,"Counterbalance":5,"Iron Hammer":7,"Cracked Core":0,"conspire:Flyswatter":7,"Nuclear Battery":13},{"Tiny House":0,"Counterbalance":25,"Iron Hammer":35,"Cracked Core":0,"conspire:Flyswatter":35,"Nuclear Battery":68}]},"card_choices":[{"not_picked":["Self Repair","Storm"],"picked":"Sunder","floor":0.0},{"not_picked":["BasicCrystalCard","Compile Driver"],"picked":"Steam","floor":1.0},{"not_picked":["BasicCrystalCard","Double Energy"],"picked":"Undo","floor":3.0},{"not_picked":["Turbo","StuffTheSpire:CleanHardDrive"],"picked":"Steam","floor":4.0},{"not_picked":["Scrape","Conserve Battery"],"picked":"Chill","floor":5.0},{"not_picked":["Conserve Battery","Hologram"],"picked":"White Noise","floor":6.0},{"not_picked":["Go for the Eyes","Multi-Cast","Barrage"],"picked":"SKIP","floor":7.0},{"not_picked":["Go for the Eyes","Panic Button","RefreshScreen"],"picked":"SKIP","floor":8.0},{"not_picked":["Chill","Streamline"],"picked":"White Noise","floor":10.0},{"not_picked":["Coolheaded","Turbo"],"picked":"StuffTheSpire:Synthwave","floor":11.0},{"not_picked":["Beam Cell","Core Surge","Scrape"],"picked":"SKIP","floor":12.0},{"not_picked":["Turbo","ReplayTheSpireMod:GoodbyeWorld","Redo"],"picked":"SKIP","floor":13.0},{"not_picked":["BasicCrystalCard","Rebound","Genetic Algorithm"],"picked":"SKIP","floor":14.0},{"not_picked":["Machine Learning","Core Surge"],"picked":"Creative AI","floor":16.0},{"not_picked":["Steam","Double Energy","ReplayGash"],"picked":"SKIP","floor":18.0},{"not_picked":["Ball Lightning+1","Sweeping Beam"],"picked":"Consume","floor":19.0},{"not_picked":["Streamline+1","ReplayRNGCard","Beam Cell"],"picked":"SKIP","floor":20.0}],"player_experience":2048680,"relics_obtained":[{"floor":6.0,"key":"Counterbalance"},{"floor":8.0,"key":"conspire:Flyswatter"},{"floor":9.0,"key":"Iron Hammer"}],"event_choices":[{"damage_healed":0.0,"max_hp_gain":0.0,"max_hp_loss":0.0,"gold_gain":0.0,"event_name":"Upgrade Shrine","player_choice":"Upgraded","floor":2.0,"gold_loss":0.0,"damage_taken":0.0,"cards_upgraded":["Sunder"]}],"is_beta":false,"boss_relics":[{"not_picked":["Pandora\u0027s Box","StuffTheSpire:RunicHypercube"],"picked":"Nuclear Battery"}],"items_purged_floors":[21],"is_endless":false,"potions_floor_spawned":[1,4,7,8,11,16,20],"killed_by":"Replay:Snechameleon","ascension_level":20}}