{"host":"y1nstw52wejfnhs9","time":1613801420,"event":{"mods":["BaseMod","Bestiary","Better Note","Better Skull","Better Third Choice","Custom Start","Minty Spire (QoL Compilation)","Practice Mode","Replay The Spire","SOS???????","StSLib","SuperFastMode","The Bug Knight","The Forsaken","The Wild Card"],"gold_per_floor":[117,117,151,184,250,256,256],"floor_reached":6,"language":"ENG","playtime":206,"items_purged":[],"score":76,"play_id":"9956b1b9-19c6-4ea0-95ad-6263f86a68b8","local_time":"20210219221020","is_ascension_mode":true,"campfire_choices":[],"circlet_count":0,"master_deck":["AscendersBane","Attack_a","Attack_a","Attack_b","Shoot","Shoot","Provocation","Defend_Dante","Defend_Dante","Defend_Dante","Redorb","Dash2","Gilgamesh","Rebellion"],"relics":["SSS","Combocheck","NeowsBlessing"],"acts_visited":["Exordium"],"potions_floor_usage":[5,6],"damage_taken":[{"damage":0,"enemies":"Jaw Worm","floor":1,"turns":1},{"damage":0,"enemies":"Cultist","floor":3,"turns":2},{"damage":0,"enemies":"Small Slimes","floor":4,"turns":3},{"damage":28,"enemies":"Red Slaver","floor":5,"turns":7},{"damage":41,"enemies":"3 Sentries","floor":6,"turns":6}],"seed_played":"-6594258010307643339","potions_obtained":[{"floor":1,"key":"Swift Potion"},{"floor":5,"key":"Flashbang"}],"is_trial":false,"path_per_floor":["M","?","M","M","M","E"],"character_chosen":"DANTE","items_purchased":[],"campfire_rested":0,"item_purchase_floors":[],"current_hp_per_floor":[68,68,68,68,40,0,0],"gold":256,"neow_bonus":"THREE_ENEMY_KILL","is_daily":false,"chose_seed":false,"campfire_upgraded":0,"win_rate":0.0,"timestamp":1613801420,"path_taken":["M","?","?","M","M","E"],"items_purchased_type":[],"build_version":"2020-12-22","purchased_purges":0,"victory":false,"max_hp_per_floor":[75,75,75,75,75,75,75],"card_choices":[{"not_picked":["Whiteorb","Chargeshoot"],"picked":"Dash2","floor":1},{"not_picked":["Splesh","Fullhouse"],"picked":"Gilgamesh","floor":3},{"not_picked":["Kick13","Doubleshoot"],"picked":"Rebellion","floor":4},{"not_picked":["Rebellion","Ecstasy","Fullhouse"],"picked":"SKIP","floor":5}],"player_experience":453452,"relics_obtained":[],"event_choices":[{"cards_removed":["Defend_Dante"],"damage_healed":0,"gold_gain":0,"player_choice":"Offered Basic","damage_taken":0,"max_hp_gain":0,"max_hp_loss":0,"event_name":"Bonfire Elementals","floor":2,"gold_loss":0}],"is_beta":false,"boss_relics":[],"items_purged_floors":[],"is_endless":false,"potions_floor_spawned":[1,5],"killed_by":"3 Sentries","ascension_level":20}}