{"host":"3c8x8j1h2jyrixpf","time":1613856013,"event":{"mods":["BaseMod","Colored Powertips","Highlight Path","Minty Spire (QoL Compilation)","StSLib"],"gold_per_floor":[110,90,110,121,121,154,154,171,247,279,279,289,304,337,337,442,442,458,485,496,496,510,510,425,141,166,166,183,183,217,227,227,324,324,336,336,336,12,29,29,63,63,63,63,76,126,64,74,74,74,74,74,74,104,104],"floor_reached":56,"language":"ENG","playtime":2613,"items_purged":["Pain"],"score":1829,"play_id":"3e501eb2-6bc4-442f-ab79-d449cb8270e7","local_time":"20210220152013","is_ascension_mode":true,"campfire_choices":[{"data":"Loop","floor":7,"key":"SMITH"},{"data":"Beam Cell","floor":11,"key":"SMITH"},{"floor":15,"key":"REST"},{"floor":23,"key":"REST"},{"data":"Defragment","floor":27,"key":"SMITH"},{"floor":29,"key":"REST"},{"floor":32,"key":"REST"},{"floor":40,"key":"RECALL"},{"data":"Seek","floor":42,"key":"SMITH"},{"data":"Biased Cognition","floor":44,"key":"SMITH"},{"floor":49,"key":"REST"},{"data":"Defragment","floor":52,"key":"SMITH"}],"circlet_count":0,"master_deck":["AscendersBane","Zap","Dualcast","Loop+1","Reinforced Body","Cold Snap","Leap","Beam Cell+1","Coolheaded","Melter","Beam Cell","Coolheaded","Biased Cognition+1","Meteor Strike","Static Discharge","FTL","Tempest","Coolheaded","Recycle","Compile Driver","Defragment+1","Defragment+1","Gash","Seek+1","All For One","Scrape","Redo+1","Darkness","Steam+1","Capacitor","Core Surge","Darkness+1","Blizzard+1","Glacier+1","Storm","Glacier","Storm+1"],"relics":["Cracked Core","StoneCalendar","Shuriken","PreservedInsect","Dream Catcher","Pandora\u0027s Box","Red Mask","Gambling Chip","Happy Flower","MealTicket","Sozu","WarpedTongs","Mummified Hand","Incense Burner","Thread and Needle","Symbiotic Virus","Blood Vial"],"acts_visited":["Exordium","TheCity","TheBeyond","TheEnding"],"potions_floor_usage":[3,10,10,14,16,30,33],"damage_taken":[{"damage":0,"enemies":"Small Slimes","floor":1,"turns":3},{"damage":1,"enemies":"Cultist","floor":3,"turns":3},{"damage":9,"enemies":"Jaw Worm","floor":4,"turns":4},{"damage":26,"enemies":"Lagavulin","floor":6,"turns":8},{"damage":15,"enemies":"Lots of Slimes","floor":8,"turns":5},{"damage":6,"enemies":"Gremlin Nob","floor":10,"turns":3},{"damage":10,"enemies":"2 Fungi Beasts","floor":12,"turns":3},{"damage":8,"enemies":"3 Louse","floor":13,"turns":4},{"damage":0,"enemies":"3 Sentries","floor":14,"turns":7},{"damage":9,"enemies":"Hexaghost","floor":16,"turns":13},{"damage":14,"enemies":"Shell Parasite","floor":18,"turns":6},{"damage":44,"enemies":"Masked Bandits","floor":19,"turns":7},{"damage":0,"enemies":"Spheric Guardian","floor":20,"turns":1},{"damage":9,"enemies":"Centurion and Healer","floor":22,"turns":7},{"damage":14,"enemies":"3 Cultists","floor":28,"turns":5},{"damage":8,"enemies":"Slavers","floor":30,"turns":5},{"damage":15,"enemies":"Snecko","floor":31,"turns":4},{"damage":43,"enemies":"Collector","floor":33,"turns":8},{"damage":15,"enemies":"3 Shapes","floor":35,"turns":5},{"damage":5,"enemies":"3 Darklings","floor":39,"turns":3},{"damage":8,"enemies":"Reptomancer","floor":41,"turns":4},{"damage":0,"enemies":"Transient","floor":45,"turns":5},{"damage":0,"enemies":"Mind Bloom Boss Battle","floor":46,"turns":6},{"damage":0,"enemies":"Sphere and 2 Shapes","floor":48,"turns":6},{"damage":41,"enemies":"Time Eater","floor":50,"turns":11},{"damage":0,"enemies":"Shield and Spear","floor":54,"turns":5},{"damage":83,"enemies":"The Heart","floor":55,"turns":8}],"seed_played":"4093937822215015006","potions_obtained":[{"floor":1,"key":"Fire Potion"},{"floor":2,"key":"Fruit Juice"},{"floor":3,"key":"BlessingOfTheForge"},{"floor":10,"key":"EssenceOfSteel"},{"floor":14,"key":"Fire Potion"},{"floor":22,"key":"AttackPotion"},{"floor":28,"key":"SkillPotion"}],"is_trial":false,"path_per_floor":["M","?","M","M","?","E","R","M","T","E","R","M","M","E","R","B",null,"M","?","M","?","M","R","?","$","T","R","M","R","E","M","R","B",null,"M","?","?","$","M","R","E","R","T","R","M","?","?","M","R","B",null,"R","$","E","B",null],"character_chosen":"DEFECT","items_purchased":["Seek","All For One","Scrape","Mummified Hand"],"campfire_rested":5,"item_purchase_floors":[25,25,25,38],"current_hp_per_floor":[75,75,79,70,70,44,44,29,29,23,23,13,5,5,31,22,71,57,13,13,13,4,30,30,30,30,30,16,42,34,19,45,2,66,51,51,51,66,61,61,53,53,53,53,53,53,53,53,79,38,75,75,87,87,4],"gold":104,"neow_bonus":"TEN_PERCENT_HP_BONUS","is_daily":false,"chose_seed":false,"campfire_upgraded":6,"win_rate":0.0,"timestamp":1613856013,"path_taken":["M","?","?","M","?","E","R","?","T","E","R","M","M","E","R","BOSS","M","?","M","?","?","R","?","?","T","R","M","R","E","M","R","BOSS","M","?","?","$","?","R","E","R","T","R","M","?","?","M","R","BOSS","R","$","E","BOSS"],"items_purchased_type":["Card","Card","Card","Relic"],"build_version":"2020-12-22","purchased_purges":1,"victory":true,"max_hp_per_floor":[82,82,87,87,87,87,87,87,87,87,87,87,87,87,87,87,87,87,87,87,87,87,87,87,87,87,87,87,87,87,87,87,87,87,87,87,87,87,87,87,87,87,87,87,87,87,87,87,87,87,87,87,87,87,87],"card_choices":[{"not_picked":["Auto Shields","Conserve Battery"],"picked":"Loop","floor":1},{"not_picked":["Hologram","Compile Driver"],"picked":"Reinforced Body","floor":3},{"not_picked":["Go for the Eyes","Reprogram","Chaos"],"picked":"SKIP","floor":4},{"not_picked":["Sweeping Beam","BootSequence"],"picked":"Cold Snap","floor":6},{"not_picked":["Go for the Eyes","Barrage"],"picked":"Leap","floor":8},{"not_picked":["Turbo","Hologram"],"picked":"Beam Cell","floor":10},{"not_picked":["Buffer","Turbo"],"picked":"Coolheaded","floor":12},{"not_picked":["Beam Cell","Barrage"],"picked":"Melter","floor":13},{"not_picked":["Rebound","Double Energy"],"picked":"Beam Cell","floor":14},{"not_picked":["Double Energy","Steam"],"picked":"Coolheaded","floor":15},{"not_picked":["Thunder Strike","Core Surge"],"picked":"Biased Cognition","floor":16},{"not_picked":["Aggregate","Undo"],"picked":"Go for the Eyes+1","floor":18},{"not_picked":["Leap","Sweeping Beam"],"picked":"Defragment","floor":19},{"not_picked":["Barrage","Streamline","Conserve Battery"],"picked":"SKIP","floor":20},{"not_picked":["Coolheaded","Go for the Eyes+1"],"picked":"Gash","floor":22},{"not_picked":["Leap","Barrage"],"picked":"Redo+1","floor":28},{"not_picked":["Lockon","Reprogram"],"picked":"Darkness","floor":29},{"not_picked":["Melter","Thunder Strike"],"picked":"Steam+1","floor":30},{"not_picked":["Leap","Sunder+1","Streamline"],"picked":"SKIP","floor":31},{"not_picked":["Leap+1","Steam"],"picked":"Capacitor","floor":32},{"not_picked":["Amplify","Biased Cognition"],"picked":"Core Surge","floor":33},{"not_picked":["White Noise+1","Recycle+1"],"picked":"Darkness+1","floor":35},{"not_picked":["Leap+1","Coolheaded"],"picked":"Blizzard+1","floor":39},{"not_picked":["Compile Driver","Steam","Beam Cell"],"picked":"SKIP","floor":41},{"not_picked":["Melter","Compile Driver","Leap"],"picked":"SKIP","floor":45},{"not_picked":["Blizzard","Loop"],"picked":"Glacier+1","floor":46},{"not_picked":["Leap+1","Thunder Strike"],"picked":"Storm","floor":48},{"not_picked":["Cold Snap+1","Sunder"],"picked":"Glacier","floor":49},{"not_picked":["Reinforced Body","Self Repair+1"],"picked":"Storm+1","floor":54}],"player_experience":282654,"relics_obtained":[{"floor":6,"key":"StoneCalendar"},{"floor":9,"key":"Shuriken"},{"floor":10,"key":"PreservedInsect"},{"floor":14,"key":"Dream Catcher"},{"floor":19,"key":"Red Mask"},{"floor":26,"key":"Happy Flower"},{"floor":30,"key":"MealTicket"},{"floor":41,"key":"Incense Burner"},{"floor":46,"key":"Thread and Needle"},{"floor":54,"key":"Blood Vial"}],"event_choices":[{"damage_healed":0,"gold_gain":0,"player_choice":"Bought 1 Potion","damage_taken":0,"max_hp_gain":0,"max_hp_loss":0,"event_name":"The Woman in Blue","floor":2,"gold_loss":0},{"cards_removed":["Strike_B"],"damage_healed":0,"gold_gain":0,"player_choice":"Offered Basic","damage_taken":0,"max_hp_gain":0,"max_hp_loss":0,"event_name":"Bonfire Elementals","floor":5,"gold_loss":0},{"damage_healed":0,"gold_gain":0,"player_choice":"Fought Bandits","damage_taken":0,"max_hp_gain":0,"max_hp_loss":0,"event_name":"Masked Bandits","floor":19,"gold_loss":0},{"damage_healed":0,"gold_gain":0,"player_choice":"Copied","damage_taken":0,"max_hp_gain":0,"max_hp_loss":0,"event_name":"Duplicator","floor":21,"gold_loss":0,"cards_obtained":["Defragment"]},{"damage_healed":0,"gold_gain":0,"player_choice":"Obtained Relic","damage_taken":0,"relics_obtained":["Gambling Chip"],"max_hp_gain":0,"max_hp_loss":0,"event_name":"Addict","floor":24,"gold_loss":85},{"cards_removed":["Go for the Eyes"],"damage_healed":0,"gold_gain":0,"player_choice":"Removed Attack","damage_taken":0,"max_hp_gain":0,"max_hp_loss":0,"event_name":"Falling","floor":36,"gold_loss":0},{"damage_healed":0,"gold_gain":0,"player_choice":"Rummage","damage_taken":0,"relics_obtained":["WarpedTongs"],"max_hp_gain":0,"max_hp_loss":0,"event_name":"Accursed Blacksmith","floor":37,"gold_loss":0,"cards_obtained":["Pain"]},{"damage_healed":0,"gold_gain":0,"player_choice":"Fight","damage_taken":0,"max_hp_gain":0,"max_hp_loss":0,"event_name":"MindBloom","floor":46,"gold_loss":0},{"damage_healed":0,"gold_gain":0,"player_choice":"Paid Gold","damage_taken":0,"relics_obtained":["Symbiotic Virus"],"max_hp_gain":0,"max_hp_loss":0,"event_name":"WeMeetAgain","floor":47,"gold_loss":62}],"is_beta":false,"boss_relics":[{"not_picked":["Fusion Hammer","Runic Pyramid"],"picked":"Pandora\u0027s Box"},{"not_picked":["SlaversCollar","Empty Cage"],"picked":"Sozu"}],"items_purged_floors":[38],"is_endless":false,"potions_floor_spawned":[1,3,10,14,22,28,35,41,54],"ascension_level":12}}