{"host":"l3lzhw5qete3bz2v","time":1613785181,"event":{"mods":["BaseMod","Colored Map","Colored Powertips","Minty Spire (QoL Compilation)","StSLib","SuperFastMode"],"gold_per_floor":[109,109,10,21,35,35,51,80,80,80,105,105,124,139,139,234,234,251,97,116,41,41,69,69,97,97,12,12,30,41,66,66,167,167,183,201,214,214,228,228,259,216,228,259,281,308,21,37,37,37],"floor_reached":51,"language":"JPN","playtime":3406,"items_purged":["Pain"],"score":933,"play_id":"3554499f-ecbc-48e3-a4f0-b517206d1bca","local_time":"20210220103941","is_ascension_mode":true,"campfire_choices":[{"data":"FollowUp","floor":6.0,"key":"SMITH"},{"data":"SashWhip","floor":10.0,"key":"SMITH"},{"data":"Vigilance","floor":12.0,"key":"SMITH"},{"data":"CrushJoints","floor":15.0,"key":"SMITH"},{"data":"TalkToTheHand","floor":24.0,"key":"SMITH"},{"data":"EmptyFist","floor":28.0,"key":"SMITH"},{"data":"LikeWater","floor":32.0,"key":"SMITH"},{"data":"Wallop","floor":40.0,"key":"SMITH"},{"data":"Omniscience","floor":49,"key":"SMITH"}],"circlet_count":0,"master_deck":["Strike_P","Strike_P","Strike_P","Defend_P","Defend_P","Defend_P","Defend_P","Eruption","Vigilance+1","FlyingSleeves","FollowUp+1","Consecrate","ClearTheMind","SashWhip+1","CrushJoints+1","Protect","Blasphemy","WaveOfTheHand+1","TalkToTheHand+1","FlurryOfBlows","EmptyFist+1","Wallop+1","Ragnarok","Protect+1","Halt+1","LikeWater+1","Indignation+1","ClearTheMind+1","EmptyMind","Tantrum","Omniscience+1"],"relics":["Philosopher\u0027s Stone","WarpedTongs","Potion Belt","White Beast Statue","Mercury Hourglass","VioletLotus","Gremlin Horn","MealTicket","Pantograph","Centennial Puzzle","Ancient Tea Set","Cursed Key","MawBank","Strawberry","Bag of Preparation"],"acts_visited":["Exordium","TheCity","TheBeyond"],"potions_floor_usage":[48,50,50,50],"damage_taken":[{"damage":0.0,"enemies":"Jaw Worm","floor":1.0,"turns":4.0},{"damage":0.0,"enemies":"Cultist","floor":4.0,"turns":2.0},{"damage":0.0,"enemies":"2 Louse","floor":5.0,"turns":1.0},{"damage":9.0,"enemies":"Blue Slaver","floor":7.0,"turns":4.0},{"damage":0.0,"enemies":"3 Sentries","floor":8.0,"turns":4.0},{"damage":10.0,"enemies":"Gremlin Nob","floor":11.0,"turns":3.0},{"damage":0.0,"enemies":"Looter","floor":13.0,"turns":2.0},{"damage":0.0,"enemies":"3 Louse","floor":14.0,"turns":2.0},{"damage":10.0,"enemies":"Hexaghost","floor":16.0,"turns":7.0},{"damage":1.0,"enemies":"Shell Parasite","floor":18.0,"turns":3.0},{"damage":2.0,"enemies":"3 Byrds","floor":20.0,"turns":3.0},{"damage":18.0,"enemies":"Slavers","floor":23.0,"turns":4.0},{"damage":3.0,"enemies":"Book of Stabbing","floor":25.0,"turns":3.0},{"damage":0.0,"enemies":"3 Cultists","floor":29.0,"turns":3.0},{"damage":0.0,"enemies":"Centurion and Healer","floor":30.0,"turns":4.0},{"damage":3.0,"enemies":"Gremlin Leader","floor":31.0,"turns":5.0},{"damage":16.0,"enemies":"Champ","floor":33.0,"turns":8.0},{"damage":0.0,"enemies":"3 Darklings","floor":35.0,"turns":1.0},{"damage":0.0,"enemies":"3 Shapes","floor":36.0,"turns":2.0},{"damage":22.0,"enemies":"Writhing Mass","floor":37.0,"turns":7.0},{"damage":1.0,"enemies":"Spire Growth","floor":39.0,"turns":4.0},{"damage":18.0,"enemies":"Nemesis","floor":41.0,"turns":3.0},{"damage":0.0,"enemies":"3 Darklings","floor":44.0,"turns":3.0},{"damage":1.0,"enemies":"Writhing Mass","floor":45.0,"turns":4.0},{"damage":1.0,"enemies":"Spire Growth","floor":46.0,"turns":6.0},{"damage":0,"enemies":"Jaw Worm Horde","floor":48,"turns":3},{"damage":2,"enemies":"Donu and Deca","floor":50,"turns":9}],"seed_played":"5240387733048424330","potions_obtained":[{"floor":5.0,"key":"Regen Potion"},{"floor":7.0,"key":"Block Potion"},{"floor":11.0,"key":"LiquidBronze"},{"floor":13.0,"key":"Block Potion"},{"floor":14.0,"key":"Explosive Potion"},{"floor":16.0,"key":"Explosive Potion"},{"floor":18.0,"key":"AttackPotion"},{"floor":20.0,"key":"Ambrosia"},{"floor":23.0,"key":"Block Potion"},{"floor":25.0,"key":"ColorlessPotion"},{"floor":29.0,"key":"Block Potion"},{"floor":30.0,"key":"Fire Potion"},{"floor":31.0,"key":"FairyPotion"},{"floor":35.0,"key":"SpeedPotion"},{"floor":36.0,"key":"EssenceOfSteel"},{"floor":37.0,"key":"Explosive Potion"},{"floor":39.0,"key":"Ambrosia"},{"floor":41.0,"key":"Strength Potion"},{"floor":44.0,"key":"Regen Potion"},{"floor":45.0,"key":"BlessingOfTheForge"},{"floor":46.0,"key":"SmokeBomb"},{"floor":48,"key":"ColorlessPotion"}],"is_trial":false,"path_per_floor":["M","?","$","M","M","R","M","E","T","R","E","R","M","M","R","B",null,"M","$","M","?","?","E","R","E","T","?","R","M","M","E","R","B",null,"M","M","M","?","M","R","E","?","T","M","M","M","$","M","R","B",null],"character_chosen":"WATCHER","items_purchased":["FollowUp","TalkToTheHand","FlurryOfBlows","LikeWater","Bag of Preparation","Tantrum","DistilledChaos"],"campfire_rested":0,"item_purchase_floors":[3,19,19,19,47,47,47],"current_hp_per_floor":[72,72,72,72,72,72,63,63,63,63,53,53,53,53,53,43,65,64,64,62,62,62,44,44,41,41,41,41,41,41,38,38,47,66,66,66,44,44,55,55,37,44,44,44,55,54,69,69,69,77],"gold":37,"neow_bonus":"BOSS_RELIC","is_daily":false,"chose_seed":false,"campfire_upgraded":9,"win_rate":0.0,"timestamp":1613785181,"path_taken":["M","?","$","M","M","R","?","E","T","R","E","R","M","M","R","BOSS","M","$","?","?","?","E","R","E","T","?","R","M","M","E","R","BOSS","M","M","M","?","M","R","E","?","T","M","M","M","$","?","R","BOSS"],"items_purchased_type":["Card","Card","Card","Card","Relic","Card","Potion"],"build_version":"2020-12-22","purchased_purges":1,"victory":true,"max_hp_per_floor":[72,72,72,72,72,72,72,72,72,72,72,72,72,72,72,72,72,72,72,72,72,72,72,72,72,72,72,72,72,72,72,72,72,72,72,72,72,72,72,72,72,79,79,79,79,79,79,79,79,79],"card_choices":[{"not_picked":["Nirvana","Crescendo"],"picked":"FlyingSleeves","floor":1.0},{"not_picked":["Protect","Pray"],"picked":"Consecrate","floor":4.0},{"not_picked":["Evaluate","LikeWater"],"picked":"ClearTheMind","floor":5.0},{"not_picked":["ClearTheMind","FlyingSleeves"],"picked":"SashWhip","floor":7.0},{"not_picked":["Collect","EmptyBody","Alpha"],"picked":"SKIP","floor":8.0},{"not_picked":["ClearTheMind","Crescendo","Weave"],"picked":"SKIP","floor":11.0},{"not_picked":["PathToVictory","ReachHeaven"],"picked":"CrushJoints","floor":13.0},{"not_picked":["JustLucky","Establishment"],"picked":"Protect","floor":14.0},{"not_picked":["Ragnarok","DevaForm"],"picked":"Blasphemy","floor":16.0},{"not_picked":["Vengeance","SignatureMove+1"],"picked":"WaveOfTheHand+1","floor":18.0},{"not_picked":["ForeignInfluence","WaveOfTheHand","SashWhip"],"picked":"SKIP","floor":20.0},{"not_picked":["FlyingSleeves","Evaluate","Indignation"],"picked":"SKIP","floor":23.0},{"not_picked":["Perseverance","FollowUp"],"picked":"EmptyFist","floor":25.0},{"not_picked":["Pray","WreathOfFlame","CrushJoints"],"picked":"SKIP","floor":29.0},{"not_picked":["Prostrate+1","WaveOfTheHand","ThirdEye"],"picked":"SKIP","floor":30.0},{"not_picked":["LikeWater","Perseverance"],"picked":"Wallop","floor":31.0},{"not_picked":["ConjureBlade","Judgement"],"picked":"Ragnarok","floor":33.0},{"not_picked":["JustLucky+1","SashWhip+1"],"picked":"Protect+1","floor":35.0},{"not_picked":["Protect","Prostrate"],"picked":"Halt+1","floor":36.0},{"not_picked":["Prostrate","ReachHeaven+1"],"picked":"LikeWater+1","floor":37.0},{"not_picked":["Brilliance","Nirvana+1"],"picked":"Indignation+1","floor":39.0},{"not_picked":["SignatureMove+1","PathToVictory+1","Fasting2+1"],"picked":"SKIP","floor":41.0},{"not_picked":["Evaluate","EmptyFist"],"picked":"ClearTheMind+1","floor":44.0},{"not_picked":["Protect","Crescendo+1","Consecrate+1"],"picked":"SKIP","floor":45.0},{"not_picked":["FlyingSleeves","JustLucky"],"picked":"EmptyMind","floor":46.0},{"not_picked":["Protect+1","FlyingSleeves+1"],"picked":"Omniscience","floor":48}],"player_experience":119361,"relics_obtained":[{"floor":8.0,"key":"Potion Belt"},{"floor":9.0,"key":"White Beast Statue"},{"floor":11.0,"key":"Mercury Hourglass"},{"floor":23.0,"key":"Gremlin Horn"},{"floor":25.0,"key":"MealTicket"},{"floor":26.0,"key":"Pantograph"},{"floor":31.0,"key":"Ancient Tea Set"},{"floor":41.0,"key":"MawBank"}],"event_choices":[{"damage_healed":0.0,"max_hp_gain":0.0,"max_hp_loss":0.0,"gold_gain":0.0,"event_name":"Accursed Blacksmith","player_choice":"Rummage","floor":2.0,"gold_loss":0.0,"damage_taken":0.0,"relics_obtained":["WarpedTongs"],"cards_obtained":["Pain"]},{"cards_removed":["Strike_P"],"damage_healed":0.0,"max_hp_gain":0.0,"max_hp_loss":0.0,"gold_gain":0.0,"event_name":"Beggar","player_choice":"Gave Gold","floor":21.0,"gold_loss":75.0,"damage_taken":0.0},{"damage_healed":0.0,"max_hp_gain":0.0,"max_hp_loss":0.0,"gold_gain":0.0,"event_name":"Vampires","player_choice":"Ignored","floor":22.0,"gold_loss":0.0,"damage_taken":0.0},{"damage_healed":0.0,"max_hp_gain":0.0,"max_hp_loss":0.0,"gold_gain":0.0,"event_name":"Addict","player_choice":"Obtained Relic","floor":27.0,"gold_loss":85.0,"damage_taken":0.0,"relics_obtained":["Centennial Puzzle"]},{"cards_removed":["LikeWater"],"damage_healed":0.0,"max_hp_gain":0.0,"max_hp_loss":0.0,"gold_gain":0.0,"event_name":"Falling","player_choice":"Removed Power","floor":38.0,"gold_loss":0.0,"damage_taken":0.0},{"damage_healed":0.0,"max_hp_gain":0.0,"max_hp_loss":0.0,"gold_gain":0.0,"event_name":"WeMeetAgain","player_choice":"Paid Gold","floor":42.0,"gold_loss":55.0,"damage_taken":0.0,"relics_obtained":["Strawberry"]}],"is_beta":false,"boss_relics":[{"not_picked":["SlaversCollar","Fusion Hammer"],"picked":"VioletLotus"},{"not_picked":["Runic Dome","Pandora\u0027s Box"],"picked":"Cursed Key"}],"items_purged_floors":[3],"is_endless":false,"potions_floor_spawned":[5,7,11,13,14,16,18,20,23,25,29,30,31,33,35,36,37,39,41,44,45,46,48],"ascension_level":5}}