{"host":"g7sxcfouz24f0psv","time":1613854541,"event":{"mods":["Aspiration","BaseMod","Colored Powertips","Hermit","Highlight Path","Minty Spire (QoL Compilation)","Replay The Spire","StSLib","The Cursed","The Hierophant"],"gold_per_floor":[117,292,312,329,404,404,433,433,433,433,433],"floor_reached":10,"language":"ENG","playtime":480,"items_purged":[],"score":69,"play_id":"5a3d77e2-cb65-4944-9ba8-e0781fa83c82","local_time":"20210220215541","is_ascension_mode":true,"campfire_choices":[{"data":"Fluid Movement","floor":6,"key":"SMITH"},{"floor":8,"key":"REST"}],"circlet_count":0,"master_deck":["Strike_G","Strike_G+1","Strike_G","Strike_G","Strike_G","Defend_G","Defend_G","Defend_G","Defend_G","Defend_G","Survivor","Neutralize","Backstab","Doubt","Well Laid Plans","Fluid Movement+1","Backstab"],"relics":["Ring of the Snake","Gremlin Food","Replay:Accelerometer"],"acts_visited":["Exordium"],"potions_floor_usage":[7],"damage_taken":[{"damage":0,"enemies":"Jaw Worm","floor":1,"turns":5},{"damage":0,"enemies":"2 Louse","floor":3,"turns":3},{"damage":0,"enemies":"Small Slimes","floor":4,"turns":3},{"damage":53,"enemies":"Gremlin Nob","floor":7,"turns":7},{"damage":15,"enemies":"3 Sentries","floor":10,"turns":6}],"seed_played":"-439748289702254824","potions_obtained":[{"floor":1,"key":"Dexterity Potion"},{"floor":7,"key":"LiquidBronze"}],"is_trial":false,"path_per_floor":["M","?","M","M","?","R","E","R","T","E"],"character_chosen":"THE_SILENT","items_purchased":[],"campfire_rested":1,"item_purchase_floors":[],"current_hp_per_floor":[77,77,77,77,66,66,13,36,36,21,21],"gold":433,"neow_bonus":"TEN_PERCENT_HP_BONUS","is_daily":false,"chose_seed":false,"campfire_upgraded":1,"win_rate":0.0,"timestamp":1613854541,"path_taken":["M","?","M","M","?","R","E","R","T","E"],"items_purchased_type":[],"build_version":"2020-12-22","purchased_purges":0,"victory":false,"max_hp_per_floor":[77,77,77,77,77,77,77,77,77,77,77],"card_choices":[{"not_picked":["Toxin Wave","Dodge and Roll"],"picked":"Backstab","floor":1},{"not_picked":["Slice","Escape Plan"],"picked":"Well Laid Plans","floor":3},{"not_picked":["Dodge and Roll","Outmaneuver"],"picked":"Fluid Movement","floor":4},{"not_picked":["Riddle With Holes","PiercingWail"],"picked":"Backstab","floor":7}],"player_experience":85279,"relics_obtained":[{"floor":7,"key":"Gremlin Food"},{"floor":9,"key":"Replay:Accelerometer"}],"event_choices":[{"damage_healed":0,"gold_gain":175,"player_choice":"AGREE","damage_taken":0,"max_hp_gain":0,"max_hp_loss":0,"event_name":"Liars Game","floor":2,"gold_loss":0,"cards_obtained":["Doubt"]},{"damage_healed":0,"gold_gain":75,"player_choice":"Gather Gold","damage_taken":11,"max_hp_gain":0,"max_hp_loss":0,"event_name":"World of Goop","floor":5,"gold_loss":0}],"is_beta":false,"boss_relics":[],"items_purged_floors":[],"is_endless":false,"potions_floor_spawned":[1,7],"killed_by":"3 Sentries","ascension_level":1}}