{"host":"tlbbab9afexrkdtf","time":1613780096,"event":{"mods":["2.2 Compatiblity","AchievementEnabler","BaseMod","Colored Map","Colored Powertips","Minty Spire (QoL Compilation)","Rare Cards Sparkle","StSLib"],"gold_per_floor":[111,111,126,137,137,137,181,181,229,311,342,398,45,65,65,191,191,209,228,38,38,62,62,62,97,97,118,118,162,181,204,204,204,204],"floor_reached":33,"language":"ENG","playtime":839,"items_purged":[],"score":371,"play_id":"26e37150-dcbc-4cea-a3fa-109253b17ade","local_time":"20210219191456","is_ascension_mode":true,"campfire_choices":[{"floor":6,"key":"REST"},{"floor":8,"key":"RECALL"},{"floor":15,"key":"REST"},{"data":"Demon Form","floor":23,"key":"SMITH"},{"floor":28,"key":"REST"},{"floor":32,"key":"REST"}],"circlet_count":0,"master_deck":["Strike_R+1","Strike_R+1","Strike_R+1","Strike_R+1","Strike_R+1","Defend_R+1","Defend_R+1","Defend_R+1","Defend_R+1","Bash","Armaments","Carnage","Blood for Blood","Injury","Demon Form+1","Clothesline","Carnage","Flex","Cleave","Flex","Brutality","CurseOfTheBell","Bloodletting+1","Immolate","Combust+1","Iron Wave+1","Perfected Strike","Twin Strike+1","Rupture+1","Inflame+1","Armaments"],"relics":["Snecko Eye","Golden Idol","Bag of Marbles","MawBank","TungstenRod","Bird Faced Urn","Calling Bell","Vajra","Frozen Egg 2","Champion Belt","Lee\u0027s Waffle","Ancient Tea Set","Charon\u0027s Ashes","Bottled Lightning","Kunai"],"acts_visited":["Exordium","TheCity"],"potions_floor_usage":[7,12,16,16,19,19,25,29,33],"damage_taken":[{"damage":0,"enemies":"2 Louse","floor":1,"turns":2},{"damage":5,"enemies":"Cultist","floor":3,"turns":5},{"damage":8,"enemies":"Jaw Worm","floor":4,"turns":5},{"damage":10,"enemies":"3 Sentries","floor":7,"turns":6},{"damage":12,"enemies":"2 Fungi Beasts","floor":11,"turns":4},{"damage":5,"enemies":"Lagavulin","floor":12,"turns":3},{"damage":15,"enemies":"Exordium Wildlife","floor":14,"turns":2},{"damage":30,"enemies":"Hexaghost","floor":16,"turns":8},{"damage":13,"enemies":"Shell Parasite","floor":18,"turns":5},{"damage":58,"enemies":"Spheric Guardian","floor":19,"turns":7},{"damage":10,"enemies":"Snecko","floor":22,"turns":4},{"damage":15,"enemies":"Gremlin Leader","floor":25,"turns":4},{"damage":0,"enemies":"3 Cultists","floor":27,"turns":3},{"damage":14,"enemies":"Slavers","floor":29,"turns":3},{"damage":40,"enemies":"Sentry and Sphere","floor":30,"turns":5},{"damage":2,"enemies":"Snake Plant","floor":31,"turns":1},{"damage":77,"enemies":"Collector","floor":33,"turns":6}],"seed_played":"4419421223644294948","potions_obtained":[{"floor":3,"key":"LiquidBronze"},{"floor":7,"key":"LiquidBronze"},{"floor":12,"key":"Swift Potion"},{"floor":14,"key":"FearPotion"},{"floor":16,"key":"ColorlessPotion"},{"floor":18,"key":"Regen Potion"},{"floor":22,"key":"SteroidPotion"},{"floor":25,"key":"FearPotion"},{"floor":31,"key":"LiquidBronze"}],"is_trial":false,"path_per_floor":["M","?","M","M","?","R","E","R","T","?","M","E","$","M","R","B",null,"M","M","$","?","M","R","?","E","T","M","R","E","M","M","R","B"],"character_chosen":"IRONCLAD","items_purchased":["Bird Faced Urn","Flex","Cleave","Lee\u0027s Waffle","Combust+1"],"campfire_rested":4,"item_purchase_floors":[13,13,13,20,20],"current_hp_per_floor":[80,72,67,59,59,80,70,70,70,70,58,53,53,38,62,34,69,56,17,87,87,79,79,79,70,70,70,87,75,41,41,67,0,0],"gold":204,"neow_bonus":"BOSS_RELIC","is_daily":false,"chose_seed":false,"campfire_upgraded":1,"win_rate":0.0,"timestamp":1613780096,"path_taken":["M","?","M","?","?","R","E","R","T","?","M","E","$","M","R","BOSS","M","M","$","?","M","R","?","E","T","M","R","E","M","?","R","BOSS"],"items_purchased_type":["Relic","Card","Card","Relic","Card"],"build_version":"2020-12-22","purchased_purges":0,"victory":false,"max_hp_per_floor":[80,80,80,80,80,80,80,80,80,80,80,80,80,80,80,80,80,80,80,87,87,87,87,87,87,87,87,87,87,87,87,87,87,87],"card_choices":[{"not_picked":["Iron Wave","Havoc"],"picked":"Armaments","floor":1},{"not_picked":["Thunderclap","Seeing Red"],"picked":"Carnage","floor":3},{"not_picked":["Ghostly Armor","Twin Strike"],"picked":"Blood for Blood","floor":4},{"not_picked":["Evolve","Pommel Strike"],"picked":"Demon Form","floor":7},{"not_picked":["Iron Wave","Havoc"],"picked":"Clothesline","floor":11},{"not_picked":["Shrug It Off","Havoc"],"picked":"Carnage","floor":12},{"not_picked":["Searing Blow","Wild Strike"],"picked":"Flex","floor":14},{"not_picked":["Juggernaut","Impervious"],"picked":"Brutality","floor":16},{"not_picked":["Cleave+1","Armaments"],"picked":"Bloodletting+1","floor":18},{"not_picked":["True Grit","Second Wind"],"picked":"Immolate","floor":19},{"not_picked":["Anger","Pommel Strike"],"picked":"Iron Wave+1","floor":22},{"not_picked":["Clash","Blood for Blood"],"picked":"Perfected Strike","floor":25},{"not_picked":["Power Through","Battle Trance"],"picked":"Twin Strike+1","floor":27},{"not_picked":["Twin Strike+1","True Grit"],"picked":"Rupture+1","floor":29},{"not_picked":["Perfected Strike","Cleave"],"picked":"Inflame+1","floor":30},{"not_picked":["Pommel Strike","Headbutt"],"picked":"Armaments","floor":31}],"player_experience":345444,"relics_obtained":[{"floor":7,"key":"Bag of Marbles"},{"floor":9,"key":"MawBank"},{"floor":12,"key":"TungstenRod"},{"floor":17,"key":"Vajra"},{"floor":17,"key":"Frozen Egg 2"},{"floor":17,"key":"Champion Belt"},{"floor":25,"key":"Charon\u0027s Ashes"},{"floor":26,"key":"Bottled Lightning"},{"floor":29,"key":"Kunai"}],"event_choices":[{"damage_healed":0,"gold_gain":0,"player_choice":"Damaged","damage_taken":8,"max_hp_gain":0,"max_hp_loss":0,"event_name":"Wheel of Change","floor":2,"gold_loss":0},{"damage_healed":0,"gold_gain":0,"player_choice":"Take Wound","damage_taken":0,"relics_obtained":["Golden Idol"],"max_hp_gain":0,"max_hp_loss":0,"event_name":"Golden Idol","floor":5,"gold_loss":0,"cards_obtained":["Injury"]},{"damage_healed":0,"gold_gain":70,"player_choice":"Gained Gold","damage_taken":0,"max_hp_gain":0,"max_hp_loss":0,"event_name":"Golden Wing","floor":10,"gold_loss":0},{"damage_healed":0,"gold_gain":0,"player_choice":"Opened","damage_taken":0,"relics_obtained":["Ancient Tea Set"],"max_hp_gain":0,"max_hp_loss":0,"event_name":"The Mausoleum","floor":21,"gold_loss":0},{"damage_healed":0,"gold_gain":0,"player_choice":"Simplicity","damage_taken":0,"max_hp_gain":0,"max_hp_loss":0,"event_name":"Back to Basics","floor":24,"gold_loss":0,"cards_upgraded":["Strike_R","Strike_R","Strike_R","Strike_R","Strike_R","Defend_R","Defend_R","Defend_R","Defend_R"]}],"is_beta":false,"boss_relics":[{"not_picked":["Runic Pyramid","Runic Dome"],"picked":"Calling Bell"}],"items_purged_floors":[],"is_endless":false,"potions_floor_spawned":[3,7,12,14,16,18,22,25,31],"killed_by":"Collector","ascension_level":5}}