{"host":"vx488ommchhibo3k","time":1613791918,"event":{"mods":["BaseMod","BetterRewards","Minty Spire (QoL Compilation)","Shop Mod","StSLib"],"gold_per_floor":[113,125,28,46,11,11,86,103,157,157,171,171,171,171],"floor_reached":13,"language":"JPN","playtime":623,"items_purged":["Strike_R"],"score":75,"play_id":"c57e4777-1faf-4554-b98c-24701dd57a3d","local_time":"20210220123158","is_ascension_mode":false,"campfire_choices":[{"data":"Dark Embrace","floor":6,"key":"SMITH"},{"floor":12,"key":"RECALL"}],"circlet_count":0,"master_deck":["Strike_R","Strike_R","Strike_R","Strike_R","Defend_R","Defend_R","Defend_R","Defend_R","Bash","Combust","Shrug It Off","Pommel Strike","Purity","Sever Soul","Shrug It Off","Dark Embrace+1","Pommel Strike","Havoc","Double Tap","Heavy Blade"],"relics":["Burning Blood","Magic Flower","Paper Frog","Centennial Puzzle"],"acts_visited":["Exordium"],"potions_floor_usage":[],"damage_taken":[{"damage":8,"enemies":"2 Louse","floor":1,"turns":4},{"damage":11,"enemies":"Jaw Worm","floor":2,"turns":2},{"damage":3,"enemies":"Cultist","floor":4,"turns":4},{"damage":9,"enemies":"Looter","floor":8,"turns":4},{"damage":16,"enemies":"3 Louse","floor":11,"turns":4},{"damage":0,"enemies":"3 Sentries","floor":13,"turns":1}],"seed_played":"900983675430730155","potions_obtained":[{"floor":1,"key":"Weak Potion"},{"floor":11,"key":"LiquidMemories"}],"is_trial":false,"path_per_floor":["M","M","$","M","?","R","?","M","T","?","M","R","E"],"character_chosen":"IRONCLAD","items_purchased":["Paper Frog","Combust","Shrug It Off","Pommel Strike","Purity","Dark Embrace","Pommel Strike"],"campfire_rested":0,"item_purchase_floors":[0,0,0,0,0,3,3],"current_hp_per_floor":[45,43,43,49,69,69,61,61,61,49,42,42,42,42],"gold":171,"neow_bonus":"","is_daily":false,"chose_seed":false,"campfire_upgraded":1,"win_rate":0.0,"timestamp":1613791918,"path_taken":["M","M","$","M","?","R","?","?","T","?","M","R","E"],"items_purchased_type":["Relic","Card","Card","Card","Card","Card","Card"],"build_version":"2020-12-22","purchased_purges":1,"victory":false,"max_hp_per_floor":[80,80,80,80,80,80,80,80,80,80,80,80,80,80],"card_choices":[{"not_picked":["Warcry","Body Slam"],"picked":"Sever Soul","floor":1},{"not_picked":["Anger","Iron Wave"],"picked":"Shrug It Off","floor":2},{"not_picked":["Clash","Warcry"],"picked":"Havoc","floor":4},{"not_picked":["Shrug It Off","Flex"],"picked":"Double Tap","floor":8},{"not_picked":["Armaments","Combust"],"picked":"Heavy Blade","floor":11}],"player_experience":121785,"relics_obtained":[],"event_choices":[{"damage_healed":20,"gold_gain":0,"player_choice":"Healed","damage_taken":0,"max_hp_gain":0,"max_hp_loss":0,"event_name":"The Cleric","floor":5,"gold_loss":35},{"damage_healed":0,"gold_gain":75,"player_choice":"Touch","damage_taken":8,"max_hp_gain":0,"max_hp_loss":0,"event_name":"FaceTrader","floor":7,"gold_loss":0},{"damage_healed":0,"gold_gain":0,"player_choice":"Success","damage_taken":12,"relics_obtained":["Centennial Puzzle"],"max_hp_gain":0,"max_hp_loss":0,"event_name":"Scrap Ooze","floor":10,"gold_loss":0}],"is_beta":false,"boss_relics":[],"items_purged_floors":[0],"is_endless":false,"potions_floor_spawned":[1,11],"killed_by":"3 Sentries","ascension_level":0}}