{"host":"qtqz1b21ag9kfmyj","time":1613822268,"event":{"mods":["BaseMod","Better Third Choice","Block Reminder","Hermit","Minty Spire (QoL Compilation)","StSLib","The Bug Knight","The Cursed","The Necromancer","The Servant 0.9.4"],"gold_per_floor":[115,139,139,150,163,196,209,209,286,304,304,315,315,373,373,373,373],"floor_reached":16,"language":"ENG","playtime":567,"items_purged":[],"score":102,"play_id":"59bb2626-1ad9-45da-88fe-92b6cb534f6e","local_time":"20210220055748","is_ascension_mode":false,"campfire_choices":[{"floor":8,"key":"REST"},{"floor":11,"key":"REST"},{"floor":13,"key":"REST"},{"data":"HollowMod:InfectedCysts","floor":15,"key":"SMITH"}],"circlet_count":0,"master_deck":["HollowMod:NailStrikeStart","HollowMod:NailStrikeStart","HollowMod:NailStrikeStart","HollowMod:NailStrikeStart","HollowMod:QuickDashStart","HollowMod:QuickDashStart","HollowMod:QuickDashStart","HollowMod:FocusHealStart","HollowMod:PogoStrike","HollowMod:DescendingDark","HollowMod:NewJinnsSoul","HollowMod:SiblingsShadow","HollowMod:TaintedHusks","HollowMod:theNailsmith","HollowMod:InfectedCysts","HollowMod:SoulSplash","HollowMod:SharpenedNail","HollowMod:InfectedCysts+1","HollowMod:SoulEater","HollowMod:GoodIntentions"],"relics":["HollowMod:VesselMask","NeowsBlessing","Omamori","Dream Catcher","Mummified Hand"],"acts_visited":["Exordium"],"potions_floor_usage":[16],"damage_taken":[{"damage":0,"enemies":"Cultist","floor":1,"turns":1},{"damage":0,"enemies":"Jaw Worm","floor":4,"turns":1},{"damage":0,"enemies":"Small Slimes","floor":5,"turns":1},{"damage":24,"enemies":"3 Sentries","floor":6,"turns":6},{"damage":24,"enemies":"Blue Slaver","floor":7,"turns":4},{"damage":10,"enemies":"3 Louse","floor":10,"turns":2},{"damage":7,"enemies":"Exordium Wildlife","floor":12,"turns":3},{"damage":86,"enemies":"Hexaghost","floor":16,"turns":9}],"seed_played":"1558195224686797212","potions_obtained":[{"floor":4,"key":"ColorlessPotion"},{"floor":12,"key":"EssenceOfSteel"}],"is_trial":false,"path_per_floor":["M","T","?","M","M","E","M","R","T","M","R","M","R","?","R","B"],"character_chosen":"THE_BUGKNIGHT","items_purchased":[],"campfire_rested":3,"item_purchase_floors":[],"current_hp_per_floor":[75,75,75,75,75,57,39,61,61,51,73,66,75,75,75,0,0],"gold":373,"neow_bonus":"THREE_ENEMY_KILL","is_daily":false,"chose_seed":false,"campfire_upgraded":1,"win_rate":0.0,"timestamp":1613822268,"path_taken":["M","?","?","M","M","E","M","R","T","M","R","?","R","?","R","BOSS"],"items_purchased_type":[],"build_version":"2020-12-22","purchased_purges":0,"victory":false,"max_hp_per_floor":[75,75,75,75,75,75,75,75,75,75,75,75,75,75,75,75,75],"card_choices":[{"not_picked":["HollowMod:WraithStrike","HollowMod:SoulStrike"],"picked":"HollowMod:DescendingDark","floor":1},{"not_picked":["HollowMod:MawleksShell","HollowMod:ShadowDash"],"picked":"HollowMod:SiblingsShadow","floor":4},{"not_picked":["HollowMod:DescendingDark","HollowMod:DashSlash"],"picked":"HollowMod:TaintedHusks","floor":5},{"not_picked":["HollowMod:LifebloodCore","HollowMod:RecoilStrike"],"picked":"HollowMod:theNailsmith","floor":6},{"not_picked":["HollowMod:BaldurShell","HollowMod:SoulStrike"],"picked":"HollowMod:InfectedCysts","floor":7},{"not_picked":["HollowMod:FastStrike","HollowMod:SiblingsShadow"],"picked":"HollowMod:SoulSplash","floor":8},{"not_picked":["HollowMod:MonarchWings","HollowMod:HeavyBlow"],"picked":"HollowMod:SharpenedNail","floor":10},{"not_picked":["HollowMod:MonarchWings","HollowMod:NewJinnsSoul"],"picked":"HollowMod:InfectedCysts","floor":11},{"not_picked":["HollowMod:MantisMark","HollowMod:VengefulVoid"],"picked":"HollowMod:SoulEater","floor":12},{"not_picked":["HollowMod:InfectedAttack","HollowMod:NewLittleFool"],"picked":"HollowMod:GoodIntentions","floor":13}],"player_experience":165392,"relics_obtained":[{"floor":2,"key":"Omamori"},{"floor":6,"key":"Dream Catcher"},{"floor":9,"key":"Mummified Hand"}],"event_choices":[{"damage_healed":0,"gold_gain":0,"cards_transformed":["HollowMod:QuickDashStart"],"player_choice":"Transformed","damage_taken":0,"max_hp_gain":0,"max_hp_loss":0,"event_name":"Transmorgrifier","floor":3,"gold_loss":0,"cards_obtained":["HollowMod:NewJinnsSoul"]},{"damage_healed":0,"gold_gain":58,"player_choice":"Gained Gold","damage_taken":0,"max_hp_gain":0,"max_hp_loss":0,"event_name":"Golden Wing","floor":14,"gold_loss":0}],"is_beta":false,"boss_relics":[],"items_purged_floors":[],"is_endless":false,"potions_floor_spawned":[4,12],"killed_by":"Hexaghost","ascension_level":0}}