{"host":"snwds314m19k249i","time":1613820224,"event":{"mods":["BaseMod","Colored Map","Minty Spire (QoL Compilation)","Shop Mod","StSLib"],"gold_per_floor":[116,116,143,158,178,178,192,202,202,31,41,59,75,75,75,171,171,187,187,203,217,230,262,272,272,295,314,343,14,25,57,57,152,152,166,76,94,114,124,153,153,166,242,262,107,134,152,164,164,164],"floor_reached":51,"language":"ZHS","playtime":3569,"items_purged":["Strike_R","Strike_R"],"score":846,"play_id":"6d7108b9-c0c5-40f5-9a2e-0033a6e95bfa","local_time":"20210220192344","is_ascension_mode":false,"campfire_choices":[{"data":"Body Slam","floor":6.0,"key":"SMITH"},{"data":"True Grit","floor":15.0,"key":"SMITH"},{"data":"Barricade","floor":25.0,"key":"SMITH"},{"floor":32.0,"key":"REST"},{"data":"Dark Embrace","floor":41,"key":"SMITH"},{"data":"Power Through","floor":49,"key":"SMITH"}],"circlet_count":0,"master_deck":["Strike_R","Strike_R","Defend_R","Defend_R+1","Defend_R+1","Bash","Shockwave+1","Body Slam+1","Intimidate","Twin Strike","Metallicize","True Grit+1","Double Tap","Shrug It Off","Barricade+1","Battle Trance","Second Wind","Dark Embrace+1","Brutality","Body Slam+1","Feel No Pain+1","Power Through+1"],"relics":["Burning Blood","HornCleat","SlaversCollar","InkBottle","Bag of Preparation","Regal Pillow","TungstenRod","Ancient Tea Set","Black Star","Mango","Happy Flower","Toy Ornithopter","Paper Frog","MerchantsRug","Pear","Bronze Scales"],"acts_visited":["Exordium","TheCity","TheBeyond"],"potions_floor_usage":[40],"damage_taken":[{"damage":5.0,"enemies":"2 Louse","floor":1.0,"turns":3.0},{"damage":5.0,"enemies":"Jaw Worm","floor":4.0,"turns":6.0},{"damage":8.0,"enemies":"Small Slimes","floor":5.0,"turns":4.0},{"damage":1.0,"enemies":"3 Louse","floor":7.0,"turns":4.0},{"damage":10.0,"enemies":"Exordium Thugs","floor":8.0,"turns":5.0},{"damage":0.0,"enemies":"Looter","floor":11.0,"turns":2.0},{"damage":5.0,"enemies":"Red Slaver","floor":12.0,"turns":3.0},{"damage":14.0,"enemies":"Blue Slaver","floor":13.0,"turns":4.0},{"damage":6.0,"enemies":"The Guardian","floor":16.0,"turns":14.0},{"damage":6.0,"enemies":"Shell Parasite","floor":18.0,"turns":11.0},{"damage":0.0,"enemies":"2 Thieves","floor":20.0,"turns":3.0},{"damage":7.0,"enemies":"Shelled Parasite and Fungi","floor":21.0,"turns":8.0},{"damage":16.0,"enemies":"Cultist and Chosen","floor":22.0,"turns":8.0},{"damage":19.0,"enemies":"Book of Stabbing","floor":23.0,"turns":6.0},{"damage":7.0,"enemies":"Centurion and Healer","floor":24.0,"turns":6.0},{"damage":33.0,"enemies":"Sentry and Sphere","floor":27.0,"turns":10.0},{"damage":2.0,"enemies":"Slavers","floor":28.0,"turns":6.0},{"damage":16.0,"enemies":"Snake Plant","floor":30.0,"turns":7.0},{"damage":27.0,"enemies":"Gremlin Leader","floor":31.0,"turns":11.0},{"damage":6.0,"enemies":"Champ","floor":33.0,"turns":10.0},{"damage":1.0,"enemies":"Orb Walker","floor":35.0,"turns":6.0},{"damage":27.0,"enemies":"3 Darklings","floor":37.0,"turns":9.0},{"damage":17,"enemies":"Sphere and 2 Shapes","floor":38,"turns":8},{"damage":0,"enemies":"Maw","floor":39,"turns":7},{"damage":0,"enemies":"Nemesis","floor":40,"turns":5},{"damage":4,"enemies":"Jaw Worm Horde","floor":42,"turns":6},{"damage":9,"enemies":"4 Shapes","floor":44,"turns":6},{"damage":12,"enemies":"Reptomancer","floor":46,"turns":6},{"damage":7,"enemies":"Spire Growth","floor":47,"turns":4},{"damage":0,"enemies":"3 Darklings","floor":48,"turns":6},{"damage":7,"enemies":"Awakened One","floor":50,"turns":7}],"seed_played":"8310553633082316178","potions_obtained":[{"floor":1.0,"key":"FearPotion"},{"floor":8.0,"key":"EntropicBrew"},{"floor":11.0,"key":"Explosive Potion"},{"floor":16.0,"key":"Weak Potion"},{"floor":22.0,"key":"LiquidMemories"},{"floor":23.0,"key":"ColorlessPotion"},{"floor":28.0,"key":"FairyPotion"},{"floor":30.0,"key":"SteroidPotion"},{"floor":31.0,"key":"ElixirPotion"},{"floor":38,"key":"EssenceOfSteel"},{"floor":39,"key":"DistilledChaos"},{"floor":44,"key":"FearPotion"}],"is_trial":false,"path_per_floor":["M","?","T","M","M","R","M","M","T","$","M","M","M","?","R","B",null,"M","?","M","M","M","E","M","R","T","M","E","$","M","E","R","B",null,"M","?","M","M","M","E","R","M","T","M","$","E","M","M","R","B",null],"character_chosen":"IRONCLAD","items_purchased":["Metallicize","True Grit","Matryoshka","Dark Embrace","MerchantsRug"],"campfire_rested":1,"item_purchase_floors":[10,10,29,29,45],"current_hp_per_floor":[80,64,71,72,70,70,75,71,71,71,77,78,70,63,63,63,87,87,87,87,86,76,63,62,62,62,35,39,39,29,8,49,49,87,87,87,66,55,61,81,81,83,83,80,80,84,83,89,89,88],"gold":164,"neow_bonus":"","is_daily":false,"chose_seed":false,"campfire_upgraded":5,"win_rate":0.0,"timestamp":1613820224,"path_taken":["M","?","?","M","M","R","M","M","T","$","M","M","M","?","R","BOSS","M","?","M","M","M","E","M","R","T","M","E","$","?","E","R","BOSS","M","?","M","M","M","E","R","M","T","M","$","E","M","M","R","BOSS"],"items_purchased_type":["Card","Card","Relic","Card","Relic"],"build_version":"2020-12-22","purchased_purges":2,"victory":true,"max_hp_per_floor":[80,80,87,87,87,87,87,87,87,87,87,87,87,87,87,87,87,87,87,87,87,87,87,87,87,87,87,87,87,87,87,87,87,87,87,87,87,87,87,101,101,101,101,101,101,111,111,111,111,111],"card_choices":[{"not_picked":["Iron Wave","Warcry"],"picked":"Shockwave","floor":1.0},{"not_picked":["Clothesline","Sword Boomerang"],"picked":"Body Slam","floor":4.0},{"not_picked":["Rage","Uppercut","Sword Boomerang"],"picked":"SKIP","floor":5.0},{"not_picked":["Anger","Reckless Charge"],"picked":"Intimidate","floor":7.0},{"not_picked":["Disarm","Blood for Blood"],"picked":"Twin Strike","floor":8.0},{"not_picked":["Whirlwind","Flex"],"picked":"Double Tap","floor":11.0},{"not_picked":["Reckless Charge","Rupture"],"picked":"Shrug It Off","floor":12.0},{"not_picked":["Warcry","Whirlwind","True Grit"],"picked":"SKIP","floor":13.0},{"not_picked":["Impervious","Double Tap"],"picked":"Barricade","floor":16.0},{"not_picked":["Perfected Strike","Warcry+1"],"picked":"Battle Trance","floor":18.0},{"not_picked":["Iron Wave+1","Flame Barrier","Warcry"],"picked":"SKIP","floor":20.0},{"not_picked":["Sword Boomerang","Seeing Red","Clash"],"picked":"SKIP","floor":21.0},{"not_picked":["Iron Wave+1","Rupture+1","Clash"],"picked":"SKIP","floor":22.0},{"not_picked":["Iron Wave+1","Rupture+1","Clash"],"picked":"SKIP","floor":22.0},{"not_picked":["Iron Wave","Power Through","Clothesline"],"picked":"SKIP","floor":23.0},{"not_picked":["Headbutt","Shrug It Off"],"picked":"Second Wind","floor":24.0},{"not_picked":["Reckless Charge","Flex","Uppercut"],"picked":"SKIP","floor":27.0},{"not_picked":["Brutality","Clothesline","Rupture"],"picked":"SKIP","floor":28.0},{"not_picked":["Body Slam","Thunderclap","Armaments"],"picked":"SKIP","floor":30.0},{"not_picked":["Double Tap","Anger","Cleave"],"picked":"SKIP","floor":31.0},{"not_picked":["Fiend Fire","Impervious"],"picked":"Brutality","floor":33.0},{"not_picked":["Intimidate","Hemokinesis+1","Perfected Strike+1"],"picked":"SKIP","floor":35.0},{"not_picked":["Rupture+1","Headbutt+1"],"picked":"Body Slam+1","floor":37},{"not_picked":["Rampage+1","Dropkick","Anger"],"picked":"SKIP","floor":38},{"not_picked":["Headbutt","Clash+1","Clothesline+1"],"picked":"SKIP","floor":39},{"not_picked":["Warcry+1","Impervious"],"picked":"Feel No Pain+1","floor":40},{"not_picked":["Rupture","Battle Trance+1","Headbutt+1"],"picked":"SKIP","floor":42},{"not_picked":["Battle Trance+1","Pommel Strike+1","Armaments+1"],"picked":"SKIP","floor":44},{"not_picked":["Fire Breathing","Searing Blow+1","Reckless Charge+1"],"picked":"SKIP","floor":46},{"not_picked":["Rage","Pommel Strike+1"],"picked":"Power Through","floor":47},{"not_picked":["True Grit","Warcry","Bludgeon"],"picked":"SKIP","floor":48}],"player_experience":0,"relics_obtained":[{"floor":3.0,"key":"Strawberry"},{"floor":9.0,"key":"HornCleat"},{"floor":23.0,"key":"Bag of Preparation"},{"floor":26.0,"key":"Regal Pillow"},{"floor":28.0,"key":"TungstenRod"},{"floor":31.0,"key":"Ancient Tea Set"},{"floor":40,"key":"Mango"},{"floor":40,"key":"Happy Flower"},{"floor":43,"key":"Toy Ornithopter"},{"floor":43,"key":"Paper Frog"},{"floor":46,"key":"Pear"},{"floor":46,"key":"Bronze Scales"}],"event_choices":[{"damage_healed":0.0,"max_hp_gain":0.0,"max_hp_loss":0.0,"gold_gain":0.0,"event_name":"Shining Light","player_choice":"Entered Light","floor":2.0,"gold_loss":0.0,"damage_taken":16.0,"cards_upgraded":["Defend_R","Defend_R"]},{"cards_removed":["Defend_R"],"damage_healed":0.0,"max_hp_gain":0.0,"max_hp_loss":0.0,"gold_gain":0.0,"event_name":"Golden Wing","player_choice":"Card Removal","floor":14.0,"gold_loss":0.0,"damage_taken":7.0},{"damage_healed":0.0,"max_hp_gain":0.0,"max_hp_loss":0.0,"gold_gain":0.0,"event_name":"WeMeetAgain","player_choice":"Gave Potion","floor":19.0,"gold_loss":0.0,"damage_taken":0.0,"relics_obtained":["InkBottle"]},{"cards_removed":["Strike_R"],"damage_healed":0.0,"max_hp_gain":0.0,"max_hp_loss":0.0,"gold_gain":0.0,"event_name":"Designer","player_choice":"Upgrade and Remove","floor":36.0,"gold_loss":90.0,"damage_taken":0.0,"cards_upgraded":["Shockwave"]}],"is_beta":false,"boss_relics":[{"not_picked":["Calling Bell","Empty Cage"],"picked":"SlaversCollar"},{"not_picked":["Black Blood","Busted Crown"],"picked":"Black Star"}],"items_purged_floors":[10,45],"is_endless":false,"potions_floor_spawned":[1,8,11,13,16,22,23,28,30,31,38,39,44,46,47,48],"ascension_level":0}}