{"host":"gbbz8f5svnnpwo8d","time":1613816724,"event":{"mods":["AchievementEnabler","AlwaysNeverKeys","BaseMod","Bestiary","Better Altar","Better Match","Better Note","Better Sensory Stone","Better Silent Start","Better Skull","Better Third Choice","Better Vampires","Better-Laid Plans","BetterRewards","Block Reminder","Bossed Relics","Colored Map","Colored Powertips","Curses Come First","Dark Map","Displayed Cursed Tome","GifTheSpireLib","Minty Spire (QoL Compilation)","MonsterHotkey","Permanent Neow","Potion Indicator Mod","Quick Restart","Random Character Button","Rare Cards Sparkle","Relic Stats","Shop Mod","Spicy Shops","Spire Birthday Party","StSLib","Transform Curses"],"gold_per_floor":[114,79,4,4,4,4,21,21,21,21,34,49,49,123,123,219,219,234,247,32,52,67,67,82,82,137,137,157,157,157,206,206,307,307,317,317,317,317,331,331,348,348,348,368,381,413,424,434,434,434,434],"floor_reached":50,"language":"ENG","playtime":4645,"items_purged":["Strike_B"],"score":614,"play_id":"3eb28c62-323b-4780-b073-52faa9cfb78e","local_time":"20210220032524","is_ascension_mode":false,"campfire_choices":[{"data":"Doom and Gloom","floor":6,"key":"SMITH"},{"data":"Zap","floor":8,"key":"SMITH"},{"data":"Dualcast","floor":10,"key":"SMITH"},{"data":"Go for the Eyes","floor":13,"key":"SMITH"},{"data":"Conserve Battery","floor":15,"key":"SMITH"},{"data":"Darkness","floor":23,"key":"SMITH"},{"data":"Multi-Cast","floor":25,"key":"SMITH"},{"data":"Enlightenment","floor":30,"key":"SMITH"},{"data":"Hologram","floor":32,"key":"SMITH"},{"data":"Rainbow","floor":40,"key":"SMITH"},{"floor":42,"key":"REST"},{"floor":49,"key":"REST"}],"circlet_count":0,"master_deck":["Strike_B+1","Strike_B+1","Strike_B","Defend_B","Defend_B","Defend_B","Defend_B","Zap+1","Dualcast+1","Doom and Gloom+1","Conserve Battery+1","Go for the Eyes+1","FTL","Turbo","Steam","Multi-Cast+1","Hologram+1","Darkness+1","Enlightenment+1","Undo","Steam","Echo Form","Rainbow+1","Auto Shields","Flash of Steel","Metamorphosis","Static Discharge","Chaos+1","Stack+1"],"relics":["Cracked Core","Happy Flower","Pantograph","Lizard Tail","Nuclear Battery","Torii","Blood Vial","Bag of Preparation","Toy Ornithopter","Inserter","Gremlin Horn","Whetstone"],"acts_visited":["Exordium","TheCity","TheBeyond"],"potions_floor_usage":[16,16,22,22,33,35,46,46,48],"damage_taken":[{"damage":1,"enemies":"Jaw Worm","floor":1,"turns":3},{"damage":0,"enemies":"2 Louse","floor":7,"turns":1},{"damage":0,"enemies":"Cultist","floor":11,"turns":3},{"damage":0,"enemies":"2 Fungi Beasts","floor":12,"turns":2},{"damage":45,"enemies":"Hexaghost","floor":16,"turns":7},{"damage":8,"enemies":"Shell Parasite","floor":18,"turns":5},{"damage":1,"enemies":"Chosen","floor":19,"turns":5},{"damage":20,"enemies":"Sentry and Sphere","floor":21,"turns":4},{"damage":7,"enemies":"Snake Plant","floor":22,"turns":4},{"damage":2,"enemies":"Centurion and Healer","floor":24,"turns":5},{"damage":2,"enemies":"Chosen and Byrds","floor":28,"turns":5},{"damage":73,"enemies":"Automaton","floor":33,"turns":10},{"damage":11,"enemies":"3 Darklings","floor":35,"turns":7},{"damage":13,"enemies":"3 Shapes","floor":39,"turns":5},{"damage":12,"enemies":"Spire Growth","floor":41,"turns":7},{"damage":52,"enemies":"4 Shapes","floor":44,"turns":6},{"damage":15,"enemies":"Jaw Worm Horde","floor":45,"turns":3},{"damage":20,"enemies":"Reptomancer","floor":46,"turns":5},{"damage":53,"enemies":"Maw","floor":47,"turns":8},{"damage":8,"enemies":"Spire Growth","floor":48,"turns":4},{"damage":58,"enemies":"Time Eater","floor":50,"turns":6}],"seed_played":"-8023525445419718714","potions_obtained":[{"floor":1,"key":"AttackPotion"},{"floor":11,"key":"LiquidBronze"},{"floor":19,"key":"Dexterity Potion"},{"floor":21,"key":"PowerPotion"},{"floor":28,"key":"PotionOfCapacity"},{"floor":33,"key":"SkillPotion"},{"floor":44,"key":"Energy Potion"},{"floor":45,"key":"ColorlessPotion"},{"floor":47,"key":"EssenceOfDarkness"},{"floor":48,"key":"Ancient Potion"}],"is_trial":false,"path_per_floor":["M","?","$","?","?","R","M","R","T","R","M","M","R","?","R","B",null,"M","M","$","M","M","R","M","R","T","?","M","?","R","T","R","B",null,"M","?","?","?","M","R","M","R","T","M","M","E","M","M","R","B"],"character_chosen":"DEFECT","items_purchased":["Happy Flower","Pantograph","Doom and Gloom","Conserve Battery","Go for the Eyes","Darkness","Enlightenment","Torii"],"campfire_rested":2,"item_purchase_floors":[0,0,0,0,0,20,20,20],"current_hp_per_floor":[54,72,72,77,77,77,77,77,77,77,77,77,77,77,77,35,80,72,71,71,51,44,44,42,42,42,42,42,42,42,42,42,1,80,69,69,69,69,58,58,48,72,72,22,9,1,5,4,28,0,0],"gold":434,"neow_bonus":"","is_daily":false,"chose_seed":false,"campfire_upgraded":10,"win_rate":0.0,"timestamp":1613816724,"path_taken":["M","?","$","?","?","R","?","R","T","R","M","M","R","?","R","BOSS","M","M","$","M","M","R","M","R","T","?","M","?","R","?","R","BOSS","M","?","?","?","M","R","M","R","T","M","?","E","?","M","R","BOSS"],"items_purchased_type":["Relic","Relic","Card","Card","Card","Card","Card","Relic"],"build_version":"2020-12-22","purchased_purges":1,"victory":false,"max_hp_per_floor":[75,75,75,80,80,80,80,80,80,80,80,80,80,80,80,80,80,80,80,80,80,80,80,80,80,80,80,80,80,80,80,80,80,80,80,80,80,80,80,80,80,80,80,80,80,80,80,80,80,80,80],"relic_stats":{"Blood Vial":20,"Lizard Tail":40,"Inserter":[25],"Happy Flower":[35],"Torii":35,"Gremlin Horn":[5,5],"counters":[96,448],"Pantograph":108,"Bag of Preparation":[20],"Whetstone":["Strike_B","Strike_B"],"obtain_stats":[{"Ice Cream":0,"Gremlin Horn":43,"Whetstone":46,"Sozu":34,"Blood Vial":9,"Lizard Tail":9,"FaceOfCleric":21,"MealTicket":26,"Fusion Hammer":17,"Kunai":10,"MerchantsRug":0,"Happy Flower":13,"Oddly Smooth Stone":38,"Eternal Feather":23,"War Paint":13,"Question Card":9,"SlaversCollar":17,"Shuriken":0,"Nloth\u0027s Gift":21,"Symbiotic Virus":0,"Darkstone Periapt":27,"Regal Pillow":43,"Lantern":7,"Torii":20,"Mango":38,"Juzu Bracelet":36,"Bag of Preparation":29,"Cursed Key":17,"Dream Catcher":26,"Pantograph":0,"Red Mask":45,"Cracked Core":0,"Lee\u0027s Waffle":38,"Inserter":34,"Golden Idol":2,"PreservedInsect":19,"The Courier":27,"Odd Mushroom":7,"Orichalcum":6,"Frozen Egg 2":0,"Nuclear Battery":17,"Peace Pipe":0,"Cauldron":0,"Busted Crown":17,"Bloody Idol":21,"betterThird:SlimedRelic":10,"Art of War":9,"Membership Card":0,"TungstenRod":26,"Toy Ornithopter":21,"FossilizedHelix":0},{"Ice Cream":24,"Gremlin Horn":90,"Whetstone":93,"Sozu":17,"Blood Vial":51,"Lizard Tail":77,"FaceOfCleric":44,"MealTicket":55,"Fusion Hammer":52,"Kunai":61,"MerchantsRug":0,"Happy Flower":6,"Oddly Smooth Stone":19,"Eternal Feather":45,"War Paint":51,"Question Card":29,"SlaversCollar":32,"Shuriken":24,"Nloth\u0027s Gift":10,"Symbiotic Virus":0,"Darkstone Periapt":69,"Regal Pillow":20,"Lantern":39,"Torii":82,"Mango":19,"Juzu Bracelet":18,"Bag of Preparation":86,"Cursed Key":8,"Dream Catcher":68,"Pantograph":75,"Red Mask":21,"Cracked Core":0,"Lee\u0027s Waffle":19,"Inserter":87,"Golden Idol":36,"PreservedInsect":53,"The Courier":56,"Odd Mushroom":4,"Orichalcum":39,"Frozen Egg 2":59,"Nuclear Battery":80,"Peace Pipe":0,"Cauldron":46,"Busted Crown":64,"Bloody Idol":34,"betterThird:SlimedRelic":51,"Art of War":4,"Membership Card":59,"TungstenRod":45,"Toy Ornithopter":53,"FossilizedHelix":59},{"Ice Cream":91,"Gremlin Horn":416,"Whetstone":430,"Sozu":60,"Blood Vial":205,"Lizard Tail":347,"FaceOfCleric":177,"MealTicket":228,"Fusion Hammer":214,"Kunai":260,"MerchantsRug":0,"Happy Flower":13,"Oddly Smooth Stone":68,"Eternal Feather":182,"War Paint":205,"Question Card":104,"SlaversCollar":123,"Shuriken":91,"Nloth\u0027s Gift":29,"Symbiotic Virus":0,"Darkstone Periapt":300,"Regal Pillow":74,"Lantern":149,"Torii":369,"Mango":68,"Juzu Bracelet":64,"Bag of Preparation":387,"Cursed Key":21,"Dream Catcher":295,"Pantograph":343,"Red Mask":79,"Cracked Core":0,"Lee\u0027s Waffle":68,"Inserter":397,"Golden Idol":137,"PreservedInsect":218,"The Courier":233,"Odd Mushroom":9,"Orichalcum":149,"Frozen Egg 2":254,"Nuclear Battery":359,"Peace Pipe":0,"Cauldron":191,"Busted Crown":274,"Bloody Idol":130,"betterThird:SlimedRelic":205,"Art of War":9,"Membership Card":254,"TungstenRod":182,"Toy Ornithopter":218,"FossilizedHelix":254}],"Toy Ornithopter":20},"card_choices":[{"not_picked":["Barrage","Consume"],"picked":"FTL","floor":1},{"not_picked":["Self Repair","Ball Lightning"],"picked":"Turbo","floor":7},{"not_picked":["Cold Snap","Barrage","Fusion"],"picked":"SKIP","floor":11},{"not_picked":["Compile Driver","Conserve Battery"],"picked":"Steam","floor":12},{"not_picked":["Thunder Strike","Biased Cognition"],"picked":"Multi-Cast","floor":16},{"not_picked":["Sunder","Conserve Battery+1"],"picked":"Hologram","floor":18},{"not_picked":["Heatsinks","Streamline","Coolheaded"],"picked":"SKIP","floor":19},{"not_picked":["Heatsinks","Compile Driver"],"picked":"Undo","floor":21},{"not_picked":["Cold Snap","Scrape","Capacitor+1"],"picked":"SKIP","floor":22},{"not_picked":["Stack","Cold Snap"],"picked":"Steam","floor":24},{"not_picked":["Streamline","Undo"],"picked":"Echo Form","floor":28},{"not_picked":["Meteor Strike","Creative AI"],"picked":"Rainbow","floor":33},{"not_picked":["Beam Cell+1","Sweeping Beam"],"picked":"Auto Shields","floor":35},{"not_picked":["Magnetism","Enlightenment"],"picked":"Flash of Steel","floor":37},{"not_picked":["Magnetism","Master of Strategy"],"picked":"Metamorphosis","floor":37},{"not_picked":["Compile Driver","Ball Lightning"],"picked":"Static Discharge","floor":39},{"not_picked":["Coolheaded+1","Beam Cell","Melter+1"],"picked":"SKIP","floor":41},{"not_picked":["Coolheaded","Hyperbeam","Rebound"],"picked":"SKIP","floor":44},{"not_picked":["Cold Snap","Steam","Rebound"],"picked":"SKIP","floor":45},{"not_picked":["Sweeping Beam","Doom and Gloom"],"picked":"Chaos+1","floor":46},{"not_picked":["Turbo+1","Beam Cell","Blizzard+1"],"picked":"SKIP","floor":47},{"not_picked":["Turbo+1","Sweeping Beam"],"picked":"Stack+1","floor":48}],"player_experience":3784393,"relics_obtained":[{"floor":9,"key":"Lizard Tail"},{"floor":26,"key":"Blood Vial"},{"floor":31,"key":"Toy Ornithopter"},{"floor":43,"key":"Gremlin Horn"},{"floor":46,"key":"Whetstone"}],"event_choices":[{"damage_healed":18,"gold_gain":0,"player_choice":"Healed","damage_taken":0,"max_hp_gain":0,"max_hp_loss":0,"event_name":"The Cleric","floor":2,"gold_loss":35},{"damage_healed":0,"gold_gain":0,"player_choice":"Donut","damage_taken":0,"max_hp_gain":5,"max_hp_loss":0,"event_name":"Big Fish","floor":4,"gold_loss":0},{"cards_removed":["Strike_B"],"damage_healed":0,"gold_gain":0,"player_choice":"Give","damage_taken":0,"max_hp_gain":0,"max_hp_loss":0,"event_name":"betterNote:BetterNote","floor":5,"gold_loss":0,"cards_obtained":["Strike_P"]},{"damage_healed":0,"gold_gain":74,"player_choice":"Gained Gold","damage_taken":0,"max_hp_gain":0,"max_hp_loss":0,"event_name":"Golden Wing","floor":14,"gold_loss":0},{"damage_healed":0,"gold_gain":0,"player_choice":"Ignored","damage_taken":0,"max_hp_gain":0,"max_hp_loss":0,"event_name":"Ghosts","floor":27,"gold_loss":0},{"damage_healed":0,"gold_gain":0,"player_choice":"Opened","damage_taken":0,"relics_obtained":["Bag of Preparation"],"max_hp_gain":0,"max_hp_loss":0,"event_name":"The Mausoleum","floor":29,"gold_loss":0},{"damage_healed":0,"gold_gain":0,"player_choice":"Ignored","damage_taken":0,"max_hp_gain":0,"max_hp_loss":0,"event_name":"Mysterious Sphere","floor":36,"gold_loss":0},{"damage_healed":0,"gold_gain":3,"player_choice":"1","damage_taken":0,"max_hp_gain":0,"max_hp_loss":0,"event_name":"betterStone:BetterStone","floor":37,"gold_loss":0},{"damage_healed":0,"gold_gain":0,"player_choice":"Ignored","damage_taken":0,"max_hp_gain":0,"max_hp_loss":0,"event_name":"Tomb of Lord Red Mask","floor":38,"gold_loss":0}],"is_beta":false,"boss_relics":[{"not_picked":["Black Star","SacredBark"],"picked":"Nuclear Battery"},{"not_picked":["Astrolabe","Philosopher\u0027s Stone"],"picked":"Inserter"}],"items_purged_floors":[3],"is_endless":false,"potions_floor_spawned":[1,11,19,21,28,33,44,45,47,48],"killed_by":"Time Eater","ascension_level":0}}