{"host":"tp1hyvdwlciy3xbu","time":1613790593,"event":{"mods":["BaseMod","Marisa£®ÏF”Í°°ƒß¿Ì…≥£©","Minty Spire (QoL Compilation)","SIMod","StSLib","The Construct","The Servant 0.9.4"],"gold_per_floor":[114,132,132,151,1,1,1],"floor_reached":6,"language":"ZHS","playtime":172,"items_purged":[],"score":36,"play_id":"eaa86881-10ef-4d91-ba19-ff269de7c32d","local_time":"20210220110953","is_ascension_mode":false,"campfire_choices":[],"circlet_count":0,"master_deck":["construct:Strike_Gold","construct:Strike_Gold","construct:Strike_Gold","construct:Strike_Gold","construct:Strike_Gold","construct:Defend_Gold","construct:Defend_Gold","construct:Defend_Gold","construct:Defend_Gold","construct:Defend_Gold","construct:AttackMode","construct:DefenseMode","construct:ModeShift","construct:Anticipate"],"relics":["construct:Cogwheel","NeowsBlessing","InkBottle","Dream Catcher"],"acts_visited":["Exordium"],"potions_floor_usage":[],"damage_taken":[{"damage":0.0,"enemies":"Jaw Worm","floor":1.0,"turns":1.0},{"damage":0.0,"enemies":"Small Slimes","floor":2.0,"turns":2.0},{"damage":0.0,"enemies":"2 Louse","floor":4.0,"turns":1.0},{"damage":8,"enemies":"Lagavulin","floor":6,"turns":5}],"seed_played":"-27252859354340966","potions_obtained":[{"floor":4.0,"key":"Fire Potion"}],"is_trial":false,"path_per_floor":["M","M","?","M","$","E"],"character_chosen":"THE_CONSTRUCT_MOD","items_purchased":["Dream Catcher"],"campfire_rested":0,"item_purchase_floors":[5],"current_hp_per_floor":[85,85,67,67,67,59,59],"gold":1,"neow_bonus":"THREE_ENEMY_KILL","is_daily":false,"chose_seed":false,"campfire_upgraded":0,"win_rate":0.0,"timestamp":1613790593,"path_taken":["M","M","?","M","?","E"],"items_purchased_type":["Relic"],"build_version":"2020-12-22","purchased_purges":0,"victory":false,"max_hp_per_floor":[85,85,85,85,85,85,85],"card_choices":[{"not_picked":["construct:Overcharge","construct:Analyze"],"picked":"construct:ModeShift","floor":1.0},{"not_picked":["construct:ForceCore","construct:SaveState","construct:Enhance"],"picked":"SKIP","floor":2.0},{"not_picked":["construct:Backfire","construct:Versatility"],"picked":"construct:Anticipate","floor":4.0}],"player_experience":326791,"relics_obtained":[],"event_choices":[{"damage_healed":0.0,"max_hp_gain":0.0,"max_hp_loss":0.0,"gold_gain":0.0,"event_name":"Scrap Ooze","player_choice":"Success","floor":3.0,"gold_loss":0.0,"damage_taken":18.0,"relics_obtained":["InkBottle"]}],"is_beta":false,"boss_relics":[],"items_purged_floors":[],"is_endless":false,"potions_floor_spawned":[4],"killed_by":"Lagavulin","ascension_level":0}}