{"host":"sav7uxregyirlf69","time":1613824300,"event":{"mods":["AchievementEnabler","BaseMod","Colored Map","DeckTracker","Keyboard Shortcuts","Minty Spire (QoL Compilation)","READ ME - Guardian Mod","StSLib","SuperFastMode"],"gold_per_floor":[112,124,141,191,4,34,34,44,96,147,147,163,163,163,163,239,239,256,171,171,188,237,270,195,214,214,214,79,79,79,79,79,79,79],"floor_reached":33,"language":"KOR","playtime":457,"items_purged":["Strike_G"],"score":522,"play_id":"a2ad5c1c-eee6-4744-8772-8d5b3e72fba3","local_time":"20210220213140","is_ascension_mode":true,"campfire_choices":[{"floor":7,"key":"REST"},{"data":"Noxious Fumes","floor":11,"key":"SMITH"},{"floor":13,"key":"REST"},{"data":"Accuracy","floor":15,"key":"SMITH"},{"floor":27,"key":"REST"},{"data":"Blade Dance","floor":29,"key":"SMITH"},{"data":"Neutralize","floor":32,"key":"SMITH"}],"circlet_count":0,"master_deck":["AscendersBane","Strike_G+1","Strike_G+1","Strike_G+1","Strike_G+1","Defend_G+1","Defend_G+1","Defend_G+1","Defend_G+1","Survivor","Neutralize+1","Noxious Fumes+1","Dagger Spray","Poisoned Stab","Blade Dance+1","Accuracy+1","Adrenaline","Endless Agony","Terror+1"],"relics":["Ring of the Snake","Lantern","The Courier","Nunchaku","Akabeko","Cursed Key","Juzu Bracelet","Omamori","Blood Vial","Snake Skull","Pear"],"acts_visited":["Exordium","TheCity"],"potions_floor_usage":[6,23,25],"damage_taken":[{"damage":0.0,"enemies":"Small Slimes","floor":1.0,"turns":4.0},{"damage":1.0,"enemies":"Cultist","floor":2.0,"turns":5.0},{"damage":7.0,"enemies":"2 Louse","floor":3.0,"turns":2.0},{"damage":48,"enemies":"Gremlin Nob","floor":6,"turns":5},{"damage":0,"enemies":"Looter","floor":8,"turns":2},{"damage":3,"enemies":"Large Slime","floor":12,"turns":4},{"damage":30,"enemies":"The Guardian","floor":16,"turns":10},{"damage":1,"enemies":"3 Byrds","floor":18,"turns":3},{"damage":19,"enemies":"Shell Parasite","floor":21,"turns":4},{"damage":11,"enemies":"Book of Stabbing","floor":23,"turns":3},{"damage":19,"enemies":"Snake Plant","floor":25,"turns":4},{"damage":57,"enemies":"Champ","floor":33,"turns":9}],"seed_played":"4505278296314963596","potions_obtained":[{"floor":1.0,"key":"Regen Potion"},{"floor":2.0,"key":"SpeedPotion"},{"floor":16,"key":"SteroidPotion"},{"floor":21,"key":"Block Potion"}],"is_trial":false,"path_per_floor":["M","M","M","?","$","E","R","M","T","T","R","M","R","?","R","B",null,"M","?","?","M","T","E","?","M","T","R","$","R","T","?","R","B"],"character_chosen":"THE_SILENT","items_purchased":["Blade Dance","Accuracy","Snake Skull"],"campfire_rested":3,"item_purchase_floors":[5,5,28],"current_hp_per_floor":[59,58,51,45,45,11,30,30,30,30,30,27,46,46,46,16,54,53,53,53,34,34,23,23,6,6,25,25,25,35,35,35,0,0],"gold":79,"neow_bonus":"RANDOM_COMMON_RELIC","is_daily":false,"chose_seed":false,"campfire_upgraded":4,"win_rate":0.0,"timestamp":1613824300,"path_taken":["M","M","M","?","$","E","R","?","T","?","R","M","R","?","R","BOSS","M","?","?","M","?","E","?","M","T","R","$","R","?","?","R","BOSS"],"items_purchased_type":["Card","Card","Relic"],"build_version":"2020-12-22","purchased_purges":1,"victory":false,"max_hp_per_floor":[66,66,66,66,66,66,66,66,66,66,66,66,66,66,66,66,66,66,66,66,66,66,66,66,66,66,66,66,66,76,76,76,76,76],"card_choices":[{"not_picked":["Escape Plan","Terror"],"picked":"Noxious Fumes","floor":1.0},{"not_picked":["Well Laid Plans","Blur"],"picked":"Dagger Spray","floor":2.0},{"not_picked":["Prepared","Deflect"],"picked":"Poisoned Stab","floor":3.0},{"not_picked":["Choke","Backflip"],"picked":"Adrenaline","floor":6},{"not_picked":["Underhanded Strike","Sucker Punch","Slice"],"picked":"SKIP","floor":8},{"not_picked":["Finisher","All Out Attack","Backflip"],"picked":"SKIP","floor":12},{"not_picked":["All Out Attack","Slice","Dagger Throw"],"picked":"SKIP","floor":18},{"not_picked":["PiercingWail","Prepared"],"picked":"Terror+1","floor":21},{"not_picked":["Endless Agony","Poisoned Stab","Skewer"],"picked":"SKIP","floor":23},{"not_picked":["All Out Attack","Poisoned Stab","Heel Hook"],"picked":"SKIP","floor":25}],"player_experience":1632264,"relics_obtained":[{"floor":6,"key":"The Courier"},{"floor":9,"key":"Nunchaku"},{"floor":10,"key":"Akabeko"},{"floor":22,"key":"Omamori"},{"floor":23,"key":"Blood Vial"},{"floor":30,"key":"Pear"}],"event_choices":[{"damage_healed":0,"gold_gain":50,"player_choice":"Touch","damage_taken":6,"max_hp_gain":0,"max_hp_loss":0,"event_name":"FaceTrader","floor":4,"gold_loss":0},{"damage_healed":0,"gold_gain":0,"cards_transformed":["Defend_G"],"player_choice":"Change","damage_taken":0,"max_hp_gain":0,"max_hp_loss":0,"event_name":"Living Wall","floor":14,"gold_loss":0,"cards_obtained":["Endless Agony"]},{"damage_healed":0,"gold_gain":0,"player_choice":"Obtained Relic","damage_taken":0,"relics_obtained":["Juzu Bracelet"],"max_hp_gain":0,"max_hp_loss":0,"event_name":"Addict","floor":19,"gold_loss":85},{"damage_healed":0,"gold_gain":0,"player_choice":"Ignored","damage_taken":0,"max_hp_gain":0,"max_hp_loss":0,"event_name":"Cursed Tome","floor":20,"gold_loss":0},{"cards_removed":["Pain"],"damage_healed":0,"gold_gain":0,"player_choice":"Gave Gold","damage_taken":0,"max_hp_gain":0,"max_hp_loss":0,"event_name":"Beggar","floor":24,"gold_loss":75},{"damage_healed":0,"gold_gain":0,"player_choice":"Simplicity","damage_taken":0,"max_hp_gain":0,"max_hp_loss":0,"event_name":"Back to Basics","floor":31,"gold_loss":0,"cards_upgraded":["Strike_G","Strike_G","Strike_G","Strike_G","Defend_G","Defend_G","Defend_G","Defend_G"]}],"is_beta":false,"boss_relics":[{"not_picked":["Pandora\u0027s Box","Calling Bell"],"picked":"Cursed Key"}],"items_purged_floors":[5],"is_endless":false,"potions_floor_spawned":[1,2,3,16,18,21],"killed_by":"Champ","ascension_level":20}}