{"host":"i0m6ffz3lpe3z1ky","time":1613817050,"event":{"mods":["Aspiration","BaseMod","Bestiary","BetterRewards","Colored Map","Conspire","Energized Spire","Highlight Path","Hubris","Ironclad Rager","Minty Spire (QoL Compilation)","Quick Restart","Reliquary","Shop Mod","Spicy Shops","StSLib","Thieving Mod"],"gold_per_floor":[116,116,132,15,25,25,54,66,144,219,247,258,289,239,239,338,338,353,382,395,411,421,449,449,478,552,568,568,587,607,635,635,733,733,745,758,773,773,673,704,704,716,739,242,242,275,293,313,313,313,313,313,24,50,50],"floor_reached":56,"language":"KOR","playtime":3051,"items_purged":["Strike_R"],"score":2046,"play_id":"49a7d643-a5d4-4e1d-8b2c-8f873a8ded7f","local_time":"20210220193050","is_ascension_mode":true,"campfire_choices":[{"floor":6.0,"key":"DIG"},{"floor":15,"key":"RECALL"},{"floor":24,"key":"DIG"},{"floor":32,"key":"DIG"},{"floor":41,"key":"DIG"},{"floor":49,"key":"DIG"},{"floor":52,"key":"DIG"}],"circlet_count":0,"master_deck":["Strike_R","Strike_R","Strike_R","Strike_R","Defend_R","Defend_R","Defend_R","Defend_R","Bash+1","conspire:Banana+1","conspire:ExplosiveBarrier+1","Body Slam+1","Feel No Pain+1","Barricade+1","Panacea+1","Twin Strike+1","Feed+1","Pommel Strike+1","Iron Wave+1","Body Slam+1","conspire:ExplosiveBarrier+1","Thunderclap+1","conspire:ExplosiveBarrier+1","Feed+1","Shrug It Off+1","Entrench+1","Barricade+1","Pommel Strike+1","Pommel Strike+1","Juggernaut+1","Body Slam+1","Exhume+1","Body Slam+1","Rage+1"],"relics":["Burning Blood","hubris:EmptyBottle","OrangePellets","reliquary:NewFriend","aspiration:Lifesprig","Membership Card","Omamori","conspire:DeflatedDodgeball","Shovel","Toxic Egg 2","Anchor","Matryoshka","Oddly Smooth Stone","Frozen Egg 2","Molten Egg 2","Bag of Preparation","Juzu Bracelet","PreservedInsect","aspiration:FrozenJewel","Tiny Chest","reliquary:TridentHead","Pen Nib","Medical Kit","reliquary:Boomerang","hubris:OldNail","Happy Flower","Paper Frog","energizedSpire:NeverEndingSparkler","hubris:AstralHammer","conspire:TopHat","Bird Faced Urn","reliquary:PartyBalloon","Centennial Puzzle","hubris:BottledHeart","reliquary:GummyVitamins","conspire:Boomerang","hubris:Backtick","Dead Branch","Darkstone Periapt","reliquary:JackalopeAntler","Boot","Vajra","reliquary:Stiletto","aspiration:Nostalgia","PureWater","Lee\u0027s Waffle","reliquary:PorcupineQuills","hubris:Metronome","hubris:CrystalStatue","Du-Vu Doll","conspire:BottledYoYo","reliquary:FerryPass","White Beast Statue","reliquary:TridentHead","Orichalcum"],"acts_visited":["Exordium","TheCity","TheBeyond","TheEnding"],"potions_floor_usage":[12,12,13,14,19,19,22],"damage_taken":[{"damage":0.0,"enemies":"Jaw Worm","floor":1.0,"turns":5.0},{"damage":0.0,"enemies":"Small Slimes","floor":3.0,"turns":3.0},{"damage":0.0,"enemies":"2 Louse","floor":5.0,"turns":3.0},{"damage":9.0,"enemies":"3 Sentries","floor":7.0,"turns":10.0},{"damage":10.0,"enemies":"Large Slime","floor":8.0,"turns":7.0},{"damage":0,"enemies":"Lagavulin","floor":11,"turns":6},{"damage":0,"enemies":"3 Louse","floor":12,"turns":2},{"damage":12,"enemies":"Gremlin Nob","floor":13,"turns":3},{"damage":0,"enemies":"Slime Boss","floor":16,"turns":6},{"damage":0,"enemies":"Spheric Guardian","floor":18,"turns":3},{"damage":2,"enemies":"conspire:MimicChest","floor":19,"turns":4},{"damage":0,"enemies":"Shell Parasite","floor":20,"turns":2},{"damage":0,"enemies":"Sentry and Sphere","floor":21,"turns":7},{"damage":0,"enemies":"Centurion and Healer","floor":22,"turns":6},{"damage":0,"enemies":"Book of Stabbing","floor":23,"turns":3},{"damage":7,"enemies":"conspire:SneckoGhost","floor":25,"turns":10},{"damage":0,"enemies":"Snecko","floor":27,"turns":11},{"damage":0,"enemies":"Shelled Parasite and Fungi","floor":29,"turns":4},{"damage":0,"enemies":"Snake Plant","floor":30,"turns":4},{"damage":0,"enemies":"Gremlin Leader","floor":31,"turns":8},{"damage":0,"enemies":"hubris:MusketHawk","floor":33,"turns":8},{"damage":0,"enemies":"3 Shapes","floor":35,"turns":5},{"damage":0,"enemies":"Orb Walker","floor":36,"turns":4},{"damage":0,"enemies":"Jaw Worm Horde","floor":37,"turns":8},{"damage":0,"enemies":"Giant Head","floor":40,"turns":10},{"damage":0,"enemies":"Transient","floor":42,"turns":5},{"damage":0,"enemies":"Reptomancer","floor":46,"turns":4},{"damage":0,"enemies":"Writhing Mass","floor":47,"turns":1},{"damage":0,"enemies":"Jaw Worm Horde","floor":48,"turns":1},{"damage":0,"enemies":"Time Eater","floor":50,"turns":7},{"damage":0,"enemies":"Shield and Spear","floor":54,"turns":2},{"damage":0,"enemies":"The Heart","floor":55,"turns":5}],"seed_played":"-1646757953503853618","potions_obtained":[{"floor":7.0,"key":"Strength Potion"},{"floor":11,"key":"ColorlessPotion"},{"floor":19,"key":"SpeedPotion"},{"floor":23,"key":"Dexterity Potion"},{"floor":27,"key":"Explosive Potion"}],"is_trial":false,"path_per_floor":["M","?","M","$","M","R","E","M","T","?","E","M","E","$","R","B",null,"M","?","M","M","M","E","R","E","T","M","?","M","M","E","R","B",null,"M","M","M","T","NS","E","R","M","T","$","?","E","M","M","R","B",null,"R","$","E","B",null],"character_chosen":"IRONCLAD","items_purchased":["hubris:EmptyBottle","OrangePellets","reliquary:NewFriend","aspiration:Lifesprig","Membership Card","Omamori","conspire:DeflatedDodgeball","Shovel","Toxic Egg 2","Anchor","Matryoshka","conspire:Banana+1","Oddly Smooth Stone","conspire:ExplosiveBarrier+1","Body Slam+1","Feel No Pain+1","Bag of Preparation","ThievingMod:ThievingPotion","reliquary:Stiletto","aspiration:Nostalgia","Lee\u0027s Waffle","reliquary:PorcupineQuills","hubris:Metronome","Juggernaut+1","reliquary:FerryPass","White Beast Statue","reliquary:SculptingSteel"],"campfire_rested":0,"item_purchase_floors":[0,0,0,0,0,0,0,0,0,0,0,0,0,0,4,4,4,14,44,44,44,44,44,44,53,53,53],"current_hp_per_floor":[40,40,48,48,56,56,55,53,53,42,50,58,54,54,54,62,98,104,106,112,118,124,126,126,131,131,138,1,1,1,1,1,1,1,1,1,1,1,1,1,1,1,1,1,1,1,1,1,1,1,1,1,1,1,1],"gold":50,"neow_bonus":"","is_daily":false,"chose_seed":false,"campfire_upgraded":0,"win_rate":0.0,"timestamp":1613817050,"path_taken":["M","?","M","$","M","R","E","M","T","?","E","M","E","$","R","BOSS","M","?","M","M","M","E","R","E","T","M","?","M","M","E","R","BOSS","M","M","M","?","NS","E","R","M","T","$","?","E","M","M","R","BOSS","R","$","E","BOSS"],"items_purchased_type":["Relic","Relic","Relic","Relic","Relic","Relic","Relic","Relic","Relic","Relic","Relic","Card","Relic","Card","Card","Card","Relic","Potion","Relic","Relic","Relic","Relic","Relic","Card","Relic","Relic","Relic"],"build_version":"2020-12-22","purchased_purges":1,"victory":true,"max_hp_per_floor":[82,82,84,84,86,86,88,90,90,90,92,94,96,96,96,98,98,104,106,112,118,124,126,126,132,132,138,1,1,1,1,1,1,1,1,1,1,1,1,1,1,1,1,1,1,1,1,1,1,1,1,1,1,1,1],"card_choices":[{"not_picked":["Clothesline","Anger","Warcry+1"],"picked":"SKIP","floor":1.0},{"not_picked":["Cleave","Burning Pact+1","Warcry+1"],"picked":"SKIP","floor":3.0},{"not_picked":["Feel No Pain+1","Twin Strike+1"],"picked":"Cleave+1","floor":5.0},{"not_picked":["Heavy Blade+1","Dark Embrace+1"],"picked":"Barricade+1","floor":7.0},{"not_picked":["Perfected Strike+1","Sever Soul+1","Flex+1"],"picked":"SKIP","floor":8.0},{"not_picked":["Clothesline+1","hubris:ReadiedAction+1","Combust+1"],"picked":"SKIP","floor":11},{"not_picked":["Wild Strike+1","Headbutt+1","Iron Wave+1"],"picked":"SKIP","floor":12},{"not_picked":["Fire Breathing+1","Heavy Blade+1","Carnage+1"],"picked":"SKIP","floor":13},{"not_picked":["Brutality+1","Fiend Fire+1"],"picked":"Feed+1","floor":16},{"not_picked":["Iron Wave+1","True Grit+1"],"picked":"Pommel Strike+1","floor":18},{"not_picked":["Flex+1","Headbutt+1"],"picked":"Iron Wave+1","floor":19},{"not_picked":["Offering+1","Dual Wield+1"],"picked":"Body Slam+1","floor":20},{"not_picked":["Iron Wave+1","Wild Strike+1"],"picked":"conspire:ExplosiveBarrier+1","floor":21},{"not_picked":["Pommel Strike+1","Searing Blow+1"],"picked":"Thunderclap+1","floor":22},{"not_picked":["Dropkick+1","Clash+1"],"picked":"conspire:ExplosiveBarrier+1","floor":23},{"not_picked":["Anger+1","Entrench+1"],"picked":"Feed+1","floor":25},{"not_picked":["Heavy Blade+1","Perfected Strike+1"],"picked":"Twin Strike+1","floor":27},{"not_picked":["hubris:SharpeningStone+1","Anger+1"],"picked":"Shrug It Off+1","floor":29},{"not_picked":["Perfected Strike+1","Pummel+1"],"picked":"Entrench+1","floor":30},{"not_picked":["Disarm+1","Reckless Charge+1","Hemokinesis+1"],"picked":"SKIP","floor":31},{"not_picked":["conspire:HitWhereItHurts+1","Double Tap+1"],"picked":"Barricade+1","floor":33},{"not_picked":["True Grit+1","Sword Boomerang+1","Sever Soul+1"],"picked":"SKIP","floor":35},{"not_picked":["Evolve+1","Wild Strike+1","Warcry+1"],"picked":"SKIP","floor":36},{"not_picked":["Dropkick+1","Perfected Strike+1","Headbutt+1"],"picked":"SKIP","floor":37},{"not_picked":["Iron Wave+1","Clothesline+1"],"picked":"Pommel Strike+1","floor":40},{"not_picked":["Iron Wave+1","Flex+1"],"picked":"Pommel Strike+1","floor":42},{"not_picked":["Rupture+1","Flex+1"],"picked":"Body Slam+1","floor":46},{"not_picked":["Heavy Blade+1","Rampage+1"],"picked":"Exhume+1","floor":47},{"not_picked":["Perfected Strike+1","Pommel Strike+1"],"picked":"Body Slam+1","floor":48},{"not_picked":["Thunderclap+1","Reckless Charge+1"],"picked":"Rage+1","floor":54}],"player_experience":394904,"relics_obtained":[{"floor":6.0,"key":"Juzu Bracelet"},{"floor":7.0,"key":"PreservedInsect"},{"floor":9.0,"key":"aspiration:FrozenJewel"},{"floor":9.0,"key":"Tiny Chest"},{"floor":11,"key":"reliquary:TridentHead"},{"floor":13,"key":"Pen Nib"},{"floor":19,"key":"hubris:AstralHammer"},{"floor":23,"key":"conspire:TopHat"},{"floor":24,"key":"Bird Faced Urn"},{"floor":25,"key":"reliquary:PartyBalloon"},{"floor":26,"key":"Centennial Puzzle"},{"floor":31,"key":"reliquary:GummyVitamins"},{"floor":32,"key":"conspire:Boomerang"},{"floor":38,"key":"Darkstone Periapt"},{"floor":40,"key":"reliquary:JackalopeAntler"},{"floor":41,"key":"Boot"},{"floor":43,"key":"Vajra"},{"floor":46,"key":"hubris:CrystalStatue"},{"floor":49,"key":"Du-Vu Doll"},{"floor":52,"key":"conspire:BottledYoYo"},{"floor":54,"key":"Orichalcum"}],"event_choices":[{"damage_healed":0.0,"max_hp_gain":0.0,"max_hp_loss":0.0,"gold_gain":75.0,"event_name":"World of Goop","player_choice":"Gather Gold","floor":10.0,"gold_loss":0.0,"damage_taken":11.0}],"is_beta":false,"boss_relics":[{"not_picked":["energizedSpire:CursedPentagram","reliquary:WritOfMandamus"],"picked":"energizedSpire:NeverEndingSparkler"},{"not_picked":["reliquary:RedCape","aspiration:SecretTechniqueScroll"],"picked":"hubris:Backtick"}],"items_purged_floors":[44],"is_endless":false,"potions_floor_spawned":[7,11,16,19,22,23,27,31,35,42,47,48,54],"ascension_level":1}}