{"host":"f5gffvlv6a66yqkd","time":1613821423,"event":{"mods":["2.2 Compatiblity","BaseMod","Colored Map","Custom Start","DeckTracker","Keyboard Shortcuts","Minty Spire (QoL Compilation)","Permanent Neow","Quick Restart","Relic Stats","StSLib","SuperFastMode"],"gold_per_floor":[118,118,128,140,153,153,185,200,200,200,200,200,210,76,76,152,202,222,222,238,18,28,28,39,39,39],"floor_reached":25,"language":"KOR","playtime":537,"items_purged":["Strike_B","Strike_B"],"score":410,"play_id":"a0cd8304-b85e-473f-a3b5-6a34853dda76","local_time":"20210220204343","is_ascension_mode":true,"campfire_choices":[{"data":"Zap","floor":6.0,"key":"SMITH"},{"data":"Dualcast","floor":11,"key":"SMITH"},{"data":"Lockon","floor":15,"key":"SMITH"},{"data":"Double Energy","floor":23,"key":"SMITH"}],"circlet_count":0,"master_deck":["AscendersBane","Defend_B","Defend_B","Defend_B","Defend_B","Zap+1","Dualcast+1","Streamline","BootSequence+1","Ball Lightning","Compile Driver+1","Steam","Electrodynamics","Lockon+1","Cold Snap","Thunder Strike","Tempest","Turbo+1","Necronomicurse","Double Energy+1","Glacier","Loop","Hologram","Capacitor"],"relics":["Cracked Core","Whetstone","Kunai","Tiny House","Necronomicon"],"acts_visited":["Exordium","TheCity"],"potions_floor_usage":[18,20,25],"damage_taken":[{"damage":0.0,"enemies":"Small Slimes","floor":1.0,"turns":3.0},{"damage":0.0,"enemies":"2 Louse","floor":3.0,"turns":1.0},{"damage":0.0,"enemies":"Jaw Worm","floor":4.0,"turns":3.0},{"damage":2.0,"enemies":"Looter","floor":5.0,"turns":3.0},{"damage":24.0,"enemies":"Lagavulin","floor":7.0,"turns":7.0},{"damage":1,"enemies":"3 Louse","floor":8,"turns":2},{"damage":5,"enemies":"Gremlin Gang","floor":13,"turns":4},{"damage":18,"enemies":"Hexaghost","floor":16,"turns":9},{"damage":0,"enemies":"3 Byrds","floor":18,"turns":4},{"damage":0,"enemies":"Chosen","floor":20,"turns":2},{"damage":13,"enemies":"Centurion and Healer","floor":22,"turns":6},{"damage":6,"enemies":"Chosen and Byrds","floor":24,"turns":4},{"damage":27,"enemies":"Shelled Parasite and Fungi","floor":25,"turns":3}],"seed_played":"3864244189842040540","potions_obtained":[{"floor":4.0,"key":"Fire Potion"},{"floor":5.0,"key":"Block Potion"},{"floor":22,"key":"Ancient Potion"},{"floor":24,"key":"CultistPotion"}],"is_trial":false,"path_per_floor":["M","?","M","M","M","R","E","M","T","?","R","?","M","$","R","B",null,"M","?","M","$","M","R","M","M"],"character_chosen":"DEFECT","items_purchased":["Cold Snap","Glacier","Loop"],"campfire_rested":0,"item_purchase_floors":[14,21,21],"current_hp_per_floor":[64,69,69,69,67,67,43,42,42,35,35,35,30,30,30,12,65,65,44,44,44,31,31,25,0,0],"gold":39,"neow_bonus":"TRANSFORM_CARD","is_daily":false,"chose_seed":false,"campfire_upgraded":4,"win_rate":0.0,"timestamp":1613821423,"path_taken":["M","?","M","M","M","R","E","M","T","?","R","?","M","$","R","BOSS","M","?","M","$","M","R","M","M"],"items_purchased_type":["Card","Card","Card"],"build_version":"2020-12-22","purchased_purges":2,"victory":false,"max_hp_per_floor":[71,76,76,76,76,76,76,76,76,76,76,76,76,76,76,76,81,81,81,81,81,81,81,81,81,81],"relic_stats":{"counters":[13,51],"Necronomicon":[4],"Whetstone":["Compile Driver","Strike_B"],"Kunai":[3],"obtain_stats":[{"Tiny House":17,"Necronomicon":19,"Whetstone":7,"Kunai":9,"Cracked Core":0},{"Tiny House":8,"Necronomicon":9,"Whetstone":5,"Kunai":6,"Cracked Core":0},{"Tiny House":32,"Necronomicon":36,"Whetstone":17,"Kunai":19,"Cracked Core":0}]},"card_choices":[{"not_picked":["Compile Driver","Hello World"],"picked":"BootSequence","floor":1.0},{"not_picked":["Redo","Self Repair"],"picked":"Ball Lightning","floor":3.0},{"not_picked":["Streamline","Reprogram"],"picked":"Compile Driver","floor":4.0},{"not_picked":["Barrage","Turbo"],"picked":"Steam","floor":5.0},{"not_picked":["Storm","Gash"],"picked":"Electrodynamics","floor":7.0},{"not_picked":["Hologram","Ball Lightning","Steam"],"picked":"SKIP","floor":8},{"not_picked":["Lockon","Redo","Steam"],"picked":"SKIP","floor":13},{"not_picked":["Redo","Steam"],"picked":"Lockon","floor":13},{"not_picked":["Meteor Strike","Reboot"],"picked":"Thunder Strike","floor":16},{"not_picked":["Loop","Steam"],"picked":"Tempest","floor":17},{"not_picked":["Barrage","Go for the Eyes"],"picked":"Turbo+1","floor":18},{"not_picked":["Rebound","Sunder"],"picked":"Double Energy","floor":20},{"not_picked":["Coolheaded","Chaos"],"picked":"Hologram","floor":22},{"not_picked":["Scrape","Stack"],"picked":"Capacitor","floor":24}],"player_experience":1532410,"relics_obtained":[{"floor":7.0,"key":"Whetstone"},{"floor":9,"key":"Kunai"},{"floor":19,"key":"Necronomicon"}],"event_choices":[{"damage_healed":0.0,"max_hp_gain":5.0,"max_hp_loss":0.0,"gold_gain":0.0,"event_name":"Big Fish","player_choice":"Donut","floor":2.0,"gold_loss":0.0,"damage_taken":0.0},{"cards_removed":["Strike_B"],"damage_healed":0,"gold_gain":0,"player_choice":"Card Removal","damage_taken":7,"max_hp_gain":0,"max_hp_loss":0,"event_name":"Golden Wing","floor":10,"gold_loss":0},{"damage_healed":0,"gold_gain":0,"player_choice":"Ignored","damage_taken":0,"max_hp_gain":0,"max_hp_loss":0,"event_name":"Liars Game","floor":12,"gold_loss":0},{"damage_healed":0,"gold_gain":0,"player_choice":"Obtained Book","damage_taken":21,"max_hp_gain":0,"max_hp_loss":0,"event_name":"Cursed Tome","floor":19,"gold_loss":0}],"is_beta":false,"boss_relics":[{"not_picked":["Inserter","Runic Dome"],"picked":"Tiny House"}],"items_purged_floors":[14,21],"is_endless":false,"potions_floor_spawned":[4,5,7,8,22,24],"killed_by":"Shelled Parasite and Fungi","ascension_level":20}}