{"host":"1vy6j31128f61x2z","time":1613853593,"event":{"mods":["AchievementEnabler","BaseMod","Colored Powertips","Minty Spire (QoL Compilation)","Permanent Neow"],"gold_per_floor":[112,38,50,66,66,99,99,129,153,153,153],"floor_reached":10,"language":"ENG","playtime":534,"items_purged":[],"score":80,"play_id":"f749542e-2a7e-4aea-b40d-e9c596210486","local_time":"20210220153953","is_ascension_mode":true,"campfire_choices":[{"data":"Wraith Form v2","floor":7,"key":"SMITH"}],"circlet_count":0,"master_deck":["Strike_G","Strike_G","Strike_G","Strike_G","Defend_G","Defend_G","Defend_G","Defend_G","Survivor","Neutralize","Injury","Well Laid Plans","Flechettes","Cloak And Dagger","Footwork","Flying Knee","PiercingWail","Wraith Form v2+1","Outmaneuver"],"relics":["Ring of the Snake","Smiling Mask","Shuriken","Letter Opener","Bag of Preparation"],"acts_visited":["Exordium"],"potions_floor_usage":[],"damage_taken":[{"damage":2,"enemies":"Cultist","floor":1,"turns":5},{"damage":0,"enemies":"Jaw Worm","floor":3,"turns":3},{"damage":0,"enemies":"Small Slimes","floor":4,"turns":4},{"damage":20,"enemies":"3 Sentries","floor":6,"turns":14},{"damage":8,"enemies":"Lagavulin","floor":8,"turns":10},{"damage":54,"enemies":"Gremlin Nob","floor":10,"turns":6}],"seed_played":"9189562294350885365","potions_obtained":[{"floor":6,"key":"Energy Potion"}],"is_trial":false,"path_per_floor":["M","$","M","M","T","E","R","E","T","E"],"character_chosen":"THE_SILENT","items_purchased":["Footwork"],"campfire_rested":0,"item_purchase_floors":[2],"current_hp_per_floor":[68,68,68,68,68,48,48,40,40,0,0],"gold":153,"neow_bonus":"TRANSFORM_TWO_CARDS","is_daily":false,"chose_seed":false,"campfire_upgraded":1,"win_rate":0.0,"timestamp":1613853593,"path_taken":["M","?","?","M","?","E","R","E","T","E"],"items_purchased_type":["Card"],"build_version":"2020-12-22","purchased_purges":0,"victory":false,"max_hp_per_floor":[70,70,70,70,70,70,70,70,70,70,70],"card_choices":[{"not_picked":["Caltrops","Masterful Stab"],"picked":"Cloak And Dagger","floor":1},{"not_picked":["Expertise","Underhanded Strike"],"picked":"Flying Knee","floor":3},{"not_picked":["Acrobatics","Bouncing Flask"],"picked":"PiercingWail","floor":4},{"not_picked":["Slice","Poisoned Stab"],"picked":"Wraith Form v2","floor":6},{"not_picked":["Setup","Dodge and Roll"],"picked":"Outmaneuver","floor":8}],"player_experience":95441,"relics_obtained":[{"floor":5,"key":"Smiling Mask"},{"floor":6,"key":"Shuriken"},{"floor":8,"key":"Letter Opener"},{"floor":9,"key":"Bag of Preparation"}],"event_choices":[],"is_beta":false,"boss_relics":[],"items_purged_floors":[],"is_endless":false,"potions_floor_spawned":[6],"killed_by":"Gremlin Nob","ascension_level":1}}