{"host":"w1l5t0a1l2lkq6my","time":1613796932,"event":{"mods":["100% Spire Juice","Bartender","BaseMod","KinomotoSakuraMod(ñÿîVñ{?)","Lobotomy","LobotomyExtend","Magitek Elite","MarisaÅiñ∂âJÅ@ñÇóùçπÅj","Minty Spire (QoL Compilation)","StSLib","The Gatherer","The Senshi","Yuyuko"],"gold_per_floor":[115,132,207,207,52,52,66,76,154,154,169,183,202,152,152,152,152],"floor_reached":16,"language":"ENG","playtime":1069,"items_purged":[],"score":94,"play_id":"73b65fa9-392a-46a8-b0f5-517cfd602f9a","local_time":"20210219215532","is_ascension_mode":false,"campfire_choices":[],"circlet_count":0,"master_deck":["SpecialBullet","SpecialBullet","SpecialBullet","SpecialBullet","SpecialBullet","SpecialBullet","SpecialBullet","SpecialBullet","CentralCode","SecurityCode","InformationCode","OldLady","Soda","Christmas","DespairKnight","Spore","QueenOfHatred","VoidDream","SolemnVow","OSAHOGD","ParadiseLost","ExtractionCode"],"relics":["CogitoBucket","PreservedInsect","LetterFromLob","MealTicket","Chemical X","The Courier","AdjustmentMirror"],"acts_visited":["Exordium"],"potions_floor_usage":[],"damage_taken":[{"damage":11,"enemies":"Jaw Worm","floor":1,"turns":2},{"damage":2,"enemies":"Small Slimes","floor":2,"turns":3},{"damage":5,"enemies":"2 Louse","floor":7,"turns":3},{"damage":10,"enemies":"Large Slime","floor":8,"turns":6},{"damage":11,"enemies":"3 Louse","floor":11,"turns":3},{"damage":11,"enemies":"Exordium Wildlife","floor":12,"turns":5},{"damage":11,"enemies":"Red Slaver","floor":13,"turns":3},{"damage":81,"enemies":"The Guardian","floor":16,"turns":7}],"seed_played":"6174724850489396772","potions_obtained":[{"floor":1,"key":"LiquidMemories"},{"floor":11,"key":"Dexterity Potion"},{"floor":12,"key":"LiquidBronze"}],"is_trial":false,"path_per_floor":["M","M","?","?","$","R","M","M","T","R","M","M","M","?","R","B"],"character_chosen":"Angela","items_purchased":["Chemical X"],"campfire_rested":0,"item_purchase_floors":[5],"current_hp_per_floor":[67,70,59,41,56,56,62,67,67,67,70,70,70,70,70,0,0],"gold":152,"neow_bonus":"RANDOM_COMMON_RELIC","is_daily":false,"chose_seed":false,"campfire_upgraded":0,"win_rate":0.0,"timestamp":1613796932,"path_taken":["M","M","?","?","$","R","M","M","T","R","?","M","M","?","R","BOSS"],"items_purchased_type":["Relic"],"build_version":"2020-12-22","purchased_purges":0,"victory":false,"max_hp_per_floor":[70,70,70,70,70,70,70,70,70,70,70,70,70,70,70,70,70],"card_choices":[{"not_picked":["MHz","Wellcheers"],"picked":"OldLady","floor":1},{"not_picked":["FourthMatchFlame"],"picked":"Soda","floor":1},{"not_picked":["FourthMatchFlame"],"picked":"Christmas","floor":2},{"not_picked":["Wellcheers","CrumblingArmor"],"picked":"DespairKnight","floor":7},{"not_picked":["RapturousDream"],"picked":"Spore","floor":7},{"not_picked":["MeatLantern","WhitesApple"],"picked":"QueenOfHatred","floor":8},{"not_picked":["GrinderMk4","Noise"],"picked":"SKIP","floor":8},{"not_picked":["Scarecrow","GalaxyChild"],"picked":"VoidDream","floor":11},{"not_picked":["RapturousDream"],"picked":"SolemnVow","floor":11},{"not_picked":["Harmony"],"picked":"Gaze","floor":12},{"not_picked":["Alriune","Laetitia"],"picked":"OSAHOGD","floor":13},{"not_picked":["Loneliness"],"picked":"ParadiseLost","floor":13}],"player_experience":134519,"relics_obtained":[{"floor":1,"key":"LetterFromLob"},{"floor":9,"key":"The Courier"}],"event_choices":[{"damage_healed":0,"gold_gain":75,"player_choice":"Gather Gold","damage_taken":11,"max_hp_gain":0,"max_hp_loss":0,"event_name":"World of Goop","floor":3,"gold_loss":0},{"damage_healed":0,"gold_gain":0,"player_choice":"Success","damage_taken":18,"relics_obtained":["MealTicket"],"max_hp_gain":0,"max_hp_loss":0,"event_name":"Scrap Ooze","floor":4,"gold_loss":0},{"cards_removed":["Yesod"],"damage_healed":0,"gold_gain":0,"player_choice":"Card Removal","damage_taken":0,"max_hp_gain":0,"max_hp_loss":0,"event_name":"The Cleric","floor":14,"gold_loss":50},{"cards_removed":["Gaze"],"damage_healed":0,"gold_gain":0,"player_choice":"Card Removal","damage_taken":0,"max_hp_gain":0,"max_hp_loss":0,"event_name":"The Cleric","floor":14,"gold_loss":50}],"is_beta":false,"boss_relics":[],"items_purged_floors":[],"is_endless":false,"potions_floor_spawned":[1,11,12,13],"killed_by":"The Guardian","ascension_level":0}}