{"host":"9rqk712yu6s3287p","time":1613834057,"event":{"mods":["ATMod(°¢èªMod)","Act Like it!","BaseMod","CapriCore","Chen","Gensokyo","Googly Eyes","Marisa£¨ìFÓê¡¡Ä§ÀíÉ³£©","Minty Spire (QoL Compilation)","MostiFishMod","Onozuka Komachi Mod","Reimu£¨²©ÀöÁéÃÎ£©","Remilia_Scarlet Moed£¨ÀÙÃ×ÀòÑÇ¡¤Ë¹¿¨À×ÌØ£©3.3.5","Remilia£¨ÀÙÃ×ÀòÑÇ£©","Replay The Spire","RumiaBox-Â¶Ã×æ«µÄÉñÃØºÐ×Ó","StSLib","The Administrix","The Immortal","The Servant 0.9.4","Yakumo Yukari mod","Youmu£¨»êÆÇÑýÃÎ£©","Yuyuko","[IsaacMod]ÒÔÈö¼âËþ","¡¾ÒÅÎï¿¨ÅÆ¡¿REMEMod"],"gold_per_floor":[138,168,93,141,200,293,395,505,505,599,705,811,981,1087,1087,1375,1375,1439,1439,1569,1642,1642,1754,1916,2035,2060,2181,2292,2423,2489,2551,2551,2814,2814,2940,2940,3116,3242,3341,3469,3605,3748,3760,3885,3973,4087,4205,4334,4346,4387,4430,4442,4454,4466,4633,4676],"floor_reached":57,"language":"ZHS","playtime":3479,"items_purged":["BloodRain"],"score":4254,"play_id":"53429e7b-0bfe-4ee8-ad96-90cabaab1936","local_time":"20210220231417","daily_mods":["Shiny","Vintage","Heirloom","Time Dilation","Flight","Elite Swarm","Lethality","Midas","Binary"],"is_ascension_mode":true,"campfire_choices":[{"floor":15.0,"key":"DIG"},{"floor":32.0,"key":"DIG"},{"floor":49,"key":"RECALL"}],"circlet_count":0,"master_deck":["AscendersBane","TricksterDevil+1","BatForm+1","ForecastOfChange+1","CurseOfVladTepes+1","ScarletMeister+1","QueenOfMidnight+1","BloodyHallows+1","HeartBreak+1","EquivalentExchange+1","KillingBlow+1","BloodyCatastrophe+1","ChaoticDestiny+1","BloodySeventeenLaser+1","HellCatastrophe+1","ScarletCoffin+1","DemonKingCradle+1","TransientEternity+1","CeilingFear+1"],"relics":["Snecko Eye","Busted Crown","HushsDoor","D6","RhineCircuit","YumHeart","Void","SynthV:TestCard","Bottled Flame","AT_ChloranthyRing","Gremlin Horn","SalivaCoin","Bag of Preparation","Gambling Chip","Ccalipers","AT_BellDemon","MagicDraw3","Garlic","TheBible","Bird Faced Urn","Smiling Mask","ReplayTheSpireMod:Shallot","PureWhite:ReiMu","Pear","AT_MibuBalloonWealth","MoneyPower","SharpPlug","Potion Belt","Blue Doll","Darkstone Periapt","Lantern","Replay:Baseball","ImprovedEquipment","GuppysPaw","ChaoDraw","AT_PhaseBoots","Ice Cream","JellyFishMachine","Onion Ring","BookOfRevelations","Chameleon Ring","Strawberry","Mastiff:ReiMu","Bottled Tornado","MagicDraw4","REME_IWantAll","Replay:Bandana","BionicSphere","Thread and Needle","SSSystem","AT_ArchangelStaff","Bottled Lightning","Mango","DaCapo","Toy Ornithopter","REME_LimitBreaker","Happy Flower","RedBat","EdensBlessing","HornCleat","AT_DeathDance","Pen Nib","TypeBBloodRedTea","AT_EbonyIvory","ZombieArmy","ReplayTheSpireMod:Ninjato","RuthlessExorcism:ReiMu","Eternal Feather","LastBattle","White Beast Statue","Singing Bowl","Divine Protection","ChiXiaoBlade","Shuriken","Akabeko","InkBottle","Vajra","MawBank","Turnip","MagicDraw2","ReplayTheSpireMod:Lightbulb","DianPoetry","Counterbalance","Incense Burner","HowToJump","CrazyTorch:ReiMu","Quantum Egg","OriginationStaff","Kunai","Nunchaku","AT_SunfireAegis","Pet Ghost","REME_HandOfSuture","SatanicBible","Anchor","Bag of Marbles","Art of War","FairyMaid","Gremlin Food","Ginger","ThornShield","Oddly Smooth Stone","PillsDrop","EdensBlessing","Tea:ReiMu","Snack Pack","AT_BladeRuinedKing"],"acts_visited":["Exordium","TheCity","TheBeyond","TheEnding"],"potions_floor_usage":[56],"damage_taken":[{"damage":21.0,"enemies":"2 Louse","floor":1.0,"turns":3.0},{"damage":15.0,"enemies":"Small Slimes","floor":2.0,"turns":6.0},{"damage":0.0,"enemies":"Cultist","floor":4.0,"turns":4.0},{"damage":12.0,"enemies":"Looter","floor":5.0,"turns":2.0},{"damage":0.0,"enemies":"Gremlin Nob","floor":6.0,"turns":1.0},{"damage":0.0,"enemies":"Lagavulin","floor":7.0,"turns":3.0},{"damage":12.0,"enemies":"3 Sentries","floor":8.0,"turns":4.0},{"damage":21.0,"enemies":"Gremlin Nob","floor":10.0,"turns":4.0},{"damage":4.0,"enemies":"3 Sentries","floor":11.0,"turns":4.0},{"damage":0.0,"enemies":"Gremlin Nob","floor":12.0,"turns":1.0},{"damage":9.0,"enemies":"3 Sentries","floor":13.0,"turns":8.0},{"damage":0.0,"enemies":"Lagavulin","floor":14.0,"turns":1.0},{"damage":8.0,"enemies":"Fading Forest","floor":16.0,"turns":2.0},{"damage":0.0,"enemies":"Shell Parasite","floor":18.0,"turns":1.0},{"damage":0.0,"enemies":"3 Byrds","floor":20.0,"turns":2.0},{"damage":0.0,"enemies":"Snecko","floor":21.0,"turns":1.0},{"damage":0.0,"enemies":"Book of Stabbing","floor":23.0,"turns":2.0},{"damage":0.0,"enemies":"Slavers","floor":24.0,"turns":2.0},{"damage":0.0,"enemies":"Book of Stabbing","floor":25.0,"turns":1.0},{"damage":0.0,"enemies":"Replay:Snechameleon","floor":27.0,"turns":2.0},{"damage":0.0,"enemies":"3 Cultists","floor":28.0,"turns":2.0},{"damage":0.0,"enemies":"Book of Stabbing","floor":29.0,"turns":1.0},{"damage":0.0,"enemies":"Snake Plant","floor":30.0,"turns":1.0},{"damage":0.0,"enemies":"Snecko","floor":31.0,"turns":1.0},{"damage":0.0,"enemies":"Champ","floor":33.0,"turns":1.0},{"damage":0.0,"enemies":"3 Shapes","floor":35.0,"turns":2.0},{"damage":0.0,"enemies":"3 Darklings","floor":37.0,"turns":1.0},{"damage":0.0,"enemies":"Jaw Worm Horde","floor":38.0,"turns":2.0},{"damage":0.0,"enemies":"Spire Growth","floor":39.0,"turns":1.0},{"damage":0.0,"enemies":"R_Hoarder","floor":40.0,"turns":2.0},{"damage":0.0,"enemies":"Sphere and 2 Shapes","floor":41.0,"turns":2.0},{"damage":0,"enemies":"Giant Head","floor":42,"turns":1},{"damage":0,"enemies":"R_Hoarder","floor":44,"turns":1},{"damage":0,"enemies":"Transient","floor":45,"turns":1},{"damage":0,"enemies":"Nemesis","floor":46,"turns":1},{"damage":0,"enemies":"R_Hoarder","floor":47,"turns":2},{"damage":0,"enemies":"Nemesis","floor":48,"turns":1},{"damage":0,"enemies":"Replay:Hell Engine","floor":50,"turns":1},{"damage":0,"enemies":"Time Eater","floor":51,"turns":1},{"damage":0,"enemies":"Shield and Spear","floor":55,"turns":2},{"damage":0,"enemies":"The Heart","floor":56,"turns":1}],"seed_played":"921992632386421950","potions_obtained":[{"floor":1.0,"key":"SteroidPotion"},{"floor":1.0,"key":"Doom Potion"},{"floor":2.0,"key":"LiquidMemories"},{"floor":5.0,"key":"Milkshake"},{"floor":6.0,"key":"Ancient Potion"},{"floor":8.0,"key":"Reflective Coating"},{"floor":12.0,"key":"Languid Potion"},{"floor":12.0,"key":"ZuzhouPotion:ReiMu"},{"floor":13.0,"key":"Regen Potion"},{"floor":16.0,"key":"GrandPatriotsElixir:ReiMu"},{"floor":18.0,"key":"MagicPotion:ReiMu"},{"floor":20.0,"key":"REME_GoldPotion"},{"floor":20.0,"key":"Elixir"},{"floor":24.0,"key":"GamblersBrew"},{"floor":24.0,"key":"DuplicationPotion"},{"floor":27.0,"key":"Adrenaline Potion"},{"floor":33.0,"key":"SteroidPotion"},{"floor":35.0,"key":"PowerPotion"},{"floor":38.0,"key":"DuplicationPotion"}],"is_trial":true,"path_per_floor":["M","M","$","M","M","E","E","E","T","E","E","E","E","E","R","B",null,"M","$","M","M","$","E","E","E","T","E","M","E","M","M","R","B",null,"M","$","M","M","M","E","M","E","T","E","M","E","E","E","R","B","B",null,"R","$","E","B",null],"character_chosen":"REMILIA","items_purchased":[],"campfire_rested":0,"item_purchase_floors":[],"current_hp_per_floor":[67,52,52,52,55,55,59,61,61,70,80,80,80,80,80,80,80,80,80,87,87,87,87,87,101,101,101,101,101,101,101,101,103,103,103,103,103,103,103,105,105,107,107,109,109,111,113,115,115,115,115,115,115,115,117,117],"gold":4688,"neow_bonus":"","is_daily":false,"chose_seed":false,"campfire_upgraded":0,"win_rate":0.0,"timestamp":1613834057,"path_taken":["M","M","$","M","M","E","E","E","T","E","E","E","E","E","R","BOSS","M","$","M","M","$","E","E","E","T","E","M","E","M","M","R","BOSS","M","$","M","M","M","E","M","E","T","E","M","E","E","E","R","BOSS","BOSS","R","$","E","BOSS"],"items_purchased_type":[],"build_version":"2020-12-22","purchased_purges":1,"victory":true,"max_hp_per_floor":[70,70,70,70,70,70,70,70,70,70,80,80,80,80,80,80,80,80,80,87,87,87,87,87,101,101,101,101,101,101,101,101,103,103,103,103,103,103,103,105,105,107,107,109,109,111,113,115,115,115,115,115,115,115,117,117],"card_choices":[{"not_picked":["ChaoticDestiny","DemonKingCradle"],"picked":"SKIP","floor":6.0},{"not_picked":["CeilingFear","HellCatastrophe"],"picked":"SKIP","floor":7.0},{"not_picked":["ForecastOfChange","DemonKingCradle"],"picked":"SKIP","floor":8.0},{"not_picked":["KillingBlow","BatForm"],"picked":"SKIP","floor":10.0},{"not_picked":["ScarletMeister","TricksterDevil"],"picked":"SKIP","floor":11.0},{"not_picked":["EquivalentExchange","BatForm"],"picked":"SKIP","floor":12.0},{"not_picked":["QueenOfMidnight","KillingBlow"],"picked":"SKIP","floor":13.0},{"not_picked":["HeartBreak+1","QueenOfMidnight"],"picked":"SKIP","floor":14.0},{"not_picked":["EquivalentExchange","ChaoticDestiny"],"picked":"SKIP","floor":23.0},{"not_picked":["ChaoticDestiny","HeartBreak"],"picked":"SKIP","floor":24.0},{"not_picked":["TransientEternity","HellCatastrophe"],"picked":"SKIP","floor":25.0},{"not_picked":["TricksterDevil","EquivalentExchange"],"picked":"SKIP","floor":27.0},{"not_picked":["HeartBreak","HellCatastrophe"],"picked":"SKIP","floor":29.0},{"not_picked":["ChaoticDestiny","QueenOfMidnight"],"picked":"Singing Bowl","floor":33.0},{"not_picked":["ChaoticDestiny","TransientEternity"],"picked":"Singing Bowl","floor":40.0},{"not_picked":["HellCatastrophe","BloodySeventeenLaser"],"picked":"Singing Bowl","floor":42},{"not_picked":["BloodySeventeenLaser","ScarletCoffin"],"picked":"Singing Bowl","floor":44},{"not_picked":["BloodyHallows","TricksterDevil"],"picked":"Singing Bowl","floor":46},{"not_picked":["TransientEternity","BloodyHallows"],"picked":"Singing Bowl","floor":47},{"not_picked":["HellCatastrophe","DemonKingCradle"],"picked":"Singing Bowl","floor":48},{"not_picked":["TransientEternity","CeilingFear"],"picked":"Singing Bowl","floor":55}],"player_experience":578482,"relics_obtained":[{"floor":1.0,"key":"Void"},{"floor":1.0,"key":"SynthV:TestCard"},{"floor":1.0,"key":"Bottled Flame"},{"floor":2.0,"key":"AT_ChloranthyRing"},{"floor":2.0,"key":"Gremlin Horn"},{"floor":2.0,"key":"SalivaCoin"},{"floor":4.0,"key":"Bag of Preparation"},{"floor":4.0,"key":"Gambling Chip"},{"floor":5.0,"key":"Ccalipers"},{"floor":6.0,"key":"AT_BellDemon"},{"floor":6.0,"key":"Dead Branch"},{"floor":7.0,"key":"MagicDraw3"},{"floor":7.0,"key":"Replay:Mystery Machine"},{"floor":8.0,"key":"Garlic"},{"floor":8.0,"key":"TheBible"},{"floor":8.0,"key":"Bird Faced Urn"},{"floor":8.0,"key":"Smiling Mask"},{"floor":8.0,"key":"ScarletDevilRocket"},{"floor":10.0,"key":"ReplayTheSpireMod:Shallot"},{"floor":10.0,"key":"PureWhite:ReiMu"},{"floor":10.0,"key":"Omamori"},{"floor":11.0,"key":"Pear"},{"floor":11.0,"key":"AT_MibuBalloonWealth"},{"floor":11.0,"key":"MoneyPower"},{"floor":11.0,"key":"SharpPlug"},{"floor":12.0,"key":"Potion Belt"},{"floor":12.0,"key":"Blue Doll"},{"floor":12.0,"key":"Pocketwatch"},{"floor":13.0,"key":"Darkstone Periapt"},{"floor":13.0,"key":"Lantern"},{"floor":13.0,"key":"Replay:Baseball"},{"floor":13.0,"key":"ImprovedEquipment"},{"floor":14.0,"key":"GuppysPaw"},{"floor":14.0,"key":"Molten Egg 2"},{"floor":14.0,"key":"ChaoDraw"},{"floor":15.0,"key":"ReplayFunnel"},{"floor":16.0,"key":"AT_SpeedBoots"},{"floor":16.0,"key":"Ice Cream"},{"floor":18.0,"key":"Onion Ring"},{"floor":18.0,"key":"BookOfRevelations"},{"floor":18.0,"key":"Meat on the Bone"},{"floor":20.0,"key":"Chameleon Ring"},{"floor":20.0,"key":"Diplopia"},{"floor":20.0,"key":"Strawberry"},{"floor":20.0,"key":"Mastiff:ReiMu"},{"floor":20.0,"key":"Bottled Tornado"},{"floor":21.0,"key":"MagicDraw4"},{"floor":21.0,"key":"Regal Pillow"},{"floor":21.0,"key":"REME_PuzzleBoxRelic"},{"floor":23.0,"key":"REME_IWantAll"},{"floor":23.0,"key":"Replay:Bandana"},{"floor":23.0,"key":"BionicSphere"},{"floor":24.0,"key":"Thread and Needle"},{"floor":24.0,"key":"SSSystem"},{"floor":24.0,"key":"GnawedLeaf"},{"floor":24.0,"key":"AT_ArchangelStaff"},{"floor":24.0,"key":"Bottled Lightning"},{"floor":25.0,"key":"Replay:Ringing Soul"},{"floor":25.0,"key":"Mango"},{"floor":25.0,"key":"DaCapo"},{"floor":26.0,"key":"Toy Ornithopter"},{"floor":27.0,"key":"REME_LimitBreaker"},{"floor":27.0,"key":"Happy Flower"},{"floor":27.0,"key":"PunchingBag"},{"floor":28.0,"key":"RedBat"},{"floor":28.0,"key":"EdensBlessing"},{"floor":28.0,"key":"HornCleat"},{"floor":28.0,"key":"AT_DeathDance"},{"floor":28.0,"key":"Pen Nib"},{"floor":29.0,"key":"TypeBBloodRedTea"},{"floor":29.0,"key":"AT_EbonyIvory"},{"floor":29.0,"key":"ZombieArmy"},{"floor":30.0,"key":"ReplayTheSpireMod:Ninjato"},{"floor":30.0,"key":"RuthlessExorcism:ReiMu"},{"floor":30.0,"key":"AT_RedTearstoneRing"},{"floor":31.0,"key":"Eternal Feather"},{"floor":31.0,"key":"LastBattle"},{"floor":31.0,"key":"White Beast Statue"},{"floor":32.0,"key":"Singing Bowl"},{"floor":33.0,"key":"Divine Protection"},{"floor":35.0,"key":"StrikeDummy"},{"floor":35.0,"key":"Shuriken"},{"floor":35.0,"key":"Akabeko"},{"floor":35.0,"key":"TheBean"},{"floor":35.0,"key":"SynthV:C4"},{"floor":37.0,"key":"InkBottle"},{"floor":37.0,"key":"Vajra"},{"floor":37.0,"key":"AT_SilvercatRing"},{"floor":38.0,"key":"ReplayTheSpireMod:TigerMarble"},{"floor":38.0,"key":"MawBank"},{"floor":38.0,"key":"Turnip"},{"floor":38.0,"key":"MagicDraw2"},{"floor":38.0,"key":"ReplayTheSpireMod:Lightbulb"},{"floor":39.0,"key":"DianPoetry"},{"floor":39.0,"key":"Counterbalance"},{"floor":39.0,"key":"Ancient Tea Set"},{"floor":40.0,"key":"Incense Burner"},{"floor":40.0,"key":"HowToJump"},{"floor":40.0,"key":"CrazyTorch:ReiMu"},{"floor":41,"key":"Quantum Egg"},{"floor":41,"key":"OriginationStaff"},{"floor":41,"key":"Kunai"},{"floor":41,"key":"Nunchaku"},{"floor":41,"key":"AT_SunfireAegis"},{"floor":42,"key":"Pet Ghost"},{"floor":43,"key":"Iron Hammer"},{"floor":44,"key":"REME_HandOfSuture"},{"floor":44,"key":"SatanicBible"},{"floor":44,"key":"Dream Catcher"},{"floor":45,"key":"Pantograph"},{"floor":45,"key":"Anchor"},{"floor":45,"key":"Bag of Marbles"},{"floor":46,"key":"Art of War"},{"floor":46,"key":"Whetstone"},{"floor":46,"key":"CeramicFish"},{"floor":47,"key":"FairyMaid"},{"floor":47,"key":"Gremlin Food"},{"floor":47,"key":"Ginger"},{"floor":48,"key":"ThornShield"},{"floor":48,"key":"Oddly Smooth Stone"},{"floor":48,"key":"PillsDrop"},{"floor":55,"key":"Tea:ReiMu"},{"floor":55,"key":"Snack Pack"},{"floor":55,"key":"AT_BladeRuinedKing"},{"floor":55,"key":"GuppysHead"}],"event_choices":[],"is_beta":false,"boss_relics":[{"not_picked":["Cursed Key","Runic Pyramid"],"picked":"JellyFishMachine"},{"not_picked":[]},{"not_picked":["REME_DuelDisc","SoulBox"],"picked":"ChiXiaoBlade"},{"not_picked":[]}],"items_purged_floors":[3],"is_endless":false,"potions_floor_spawned":[2,11,12,13,14,16,21,24,27,28,31,33,35,37,38,39,40,41,42,44,45,46,47,48,55],"ascension_level":20}}