{"host":"o3n4et6u1y1w2h5j","time":1613842065,"event":{"mods":["AchievementEnabler","BaseMod","Block Reminder","Minty Spire (QoL Compilation)","Rare Cards Sparkle","Relic Stats","StSLib"],"gold_per_floor":[112,112,65,81,6,6,35,55,137,166,19,19,39,57,57,155,155,175,175,51,66,78,107,120,120,120,120,120],"floor_reached":27,"language":"ENG","playtime":2054,"items_purged":["Strike_P"],"score":350,"play_id":"35dbe16a-20a4-4556-bf43-d1df4bbabe32","local_time":"20210220092745","is_ascension_mode":true,"campfire_choices":[{"data":"BattleHymn","floor":6,"key":"SMITH"},{"data":"Meditate","floor":12,"key":"SMITH"},{"data":"Eruption","floor":15,"key":"SMITH"}],"circlet_count":0,"master_deck":["Eruption+1","CutThroughFate","BowlingBash","BattleHymn+1","Indignation","Collect","Meditate+1","EmptyMind","Vault","Wallop","DevaForm","DeusExMachina","Nirvana","CrushJoints","DevaForm","ThirdEye","Evaluate","WheelKick","CutThroughFate+1","WheelKick","FlurryOfBlows"],"relics":["PureWater","NeowsBlessing","Blood Vial","Art of War","Chemical X","Pandora\u0027s Box","Shuriken","Bottled Lightning"],"acts_visited":["Exordium","TheCity"],"potions_floor_usage":[10,23],"damage_taken":[{"damage":0,"enemies":"Jaw Worm","floor":1,"turns":1},{"damage":0,"enemies":"Cultist","floor":4,"turns":1},{"damage":0,"enemies":"Gremlin Nob","floor":7,"turns":1},{"damage":3,"enemies":"2 Louse","floor":8,"turns":2},{"damage":1,"enemies":"3 Sentries","floor":10,"turns":3},{"damage":0,"enemies":"Exordium Wildlife","floor":13,"turns":2},{"damage":25,"enemies":"Exordium Thugs","floor":14,"turns":5},{"damage":0,"enemies":"Slime Boss","floor":16,"turns":4},{"damage":11,"enemies":"Spheric Guardian","floor":18,"turns":4},{"damage":17,"enemies":"3 Byrds","floor":21,"turns":5},{"damage":3,"enemies":"Sentry and Sphere","floor":22,"turns":4},{"damage":14,"enemies":"Book of Stabbing","floor":23,"turns":4},{"damage":15,"enemies":"3 Cultists","floor":24,"turns":4},{"damage":23,"enemies":"Centurion and Healer","floor":27,"turns":1}],"seed_played":"-9151636110544320112","potions_obtained":[{"floor":4,"key":"ColorlessPotion"},{"floor":7,"key":"PowerPotion"},{"floor":10,"key":"LiquidBronze"},{"floor":16,"key":"SkillPotion"},{"floor":18,"key":"LiquidMemories"},{"floor":23,"key":"BottledMiracle"}],"is_trial":false,"path_per_floor":["M","?","$","M","$","R","E","M","T","E","$","R","M","M","R","B",null,"M","?","$","M","M","E","M","?","T","M"],"character_chosen":"WATCHER","items_purchased":["BowlingBash","Chemical X","Evaluate","WheelKick"],"campfire_rested":0,"item_purchase_floors":[3,11,20,20],"current_hp_per_floor":[72,72,72,72,72,72,72,69,69,70,70,70,72,47,47,49,72,61,61,61,46,45,33,20,20,20,0,0],"gold":120,"neow_bonus":"THREE_ENEMY_KILL","is_daily":false,"chose_seed":false,"campfire_upgraded":3,"win_rate":0.0,"timestamp":1613842065,"path_taken":["M","?","$","M","?","R","E","M","T","E","?","R","M","M","R","BOSS","M","?","$","M","M","E","M","?","T","?"],"items_purchased_type":["Card","Relic","Card","Card"],"build_version":"2020-12-22","purchased_purges":1,"victory":false,"max_hp_per_floor":[72,72,72,72,72,72,72,72,72,72,72,72,72,72,72,72,72,72,72,72,72,72,72,72,72,72,72,72],"relic_stats":{"Blood Vial":16,"counters":[14,41],"Shuriken":[2],"Pandora\u0027s Box":["Wallop","DevaForm","DeusExMachina","Nirvana","CrushJoints","DevaForm"],"Art of War":[8],"Chemical X":[8],"obtain_stats":[{"Blood Vial":7,"NeowsBlessing":0,"Shuriken":23,"Pandora\u0027s Box":17,"Art of War":10,"Chemical X":11,"Bottled Lightning":26,"PureWater":0},{"Blood Vial":3,"NeowsBlessing":0,"Shuriken":12,"Pandora\u0027s Box":8,"Art of War":5,"Chemical X":5,"Bottled Lightning":13,"PureWater":0},{"Blood Vial":3,"NeowsBlessing":0,"Shuriken":36,"Pandora\u0027s Box":19,"Art of War":8,"Chemical X":8,"Bottled Lightning":40,"PureWater":0}]},"card_choices":[{"not_picked":["FearNoEvil","FlurryOfBlows"],"picked":"CutThroughFate","floor":1},{"not_picked":["FlurryOfBlows","CutThroughFate"],"picked":"BattleHymn","floor":4},{"not_picked":["PathToVictory","Prostrate"],"picked":"Indignation","floor":7},{"not_picked":["CutThroughFate","FlurryOfBlows"],"picked":"Collect","floor":8},{"not_picked":["SignatureMove","Crescendo"],"picked":"Meditate","floor":10},{"not_picked":["CrushJoints","BowlingBash"],"picked":"Study","floor":13},{"not_picked":["Worship","FlyingSleeves"],"picked":"EmptyMind","floor":14},{"not_picked":["Brilliance","Judgement"],"picked":"Vault","floor":16},{"not_picked":["ClearTheMind+1","CrushJoints+1"],"picked":"ThirdEye","floor":18},{"not_picked":["Study","FlurryOfBlows","Halt"],"picked":"SKIP","floor":21},{"not_picked":["Adaptation","ClearTheMind+1"],"picked":"CutThroughFate+1","floor":22},{"not_picked":["Meditate","EmptyFist","LikeWater"],"picked":"SKIP","floor":23},{"not_picked":["ClearTheMind","CutThroughFate","PathToVictory+1"],"picked":"SKIP","floor":24}],"player_experience":93649,"relics_obtained":[{"floor":7,"key":"Blood Vial"},{"floor":10,"key":"Art of War"},{"floor":23,"key":"Shuriken"},{"floor":26,"key":"Bottled Lightning"}],"event_choices":[{"cards_removed":["Strike_P"],"damage_healed":0,"gold_gain":0,"player_choice":"Offered Basic","damage_taken":0,"max_hp_gain":0,"max_hp_loss":0,"event_name":"Bonfire Elementals","floor":2,"gold_loss":0},{"damage_healed":0,"gold_gain":0,"player_choice":"Ignored","damage_taken":0,"max_hp_gain":0,"max_hp_loss":0,"event_name":"Ghosts","floor":19,"gold_loss":0},{"damage_healed":0,"gold_gain":0,"cards_transformed":["Vigilance","Study"],"player_choice":"Became Test Subject","damage_taken":0,"max_hp_gain":0,"max_hp_loss":0,"event_name":"Drug Dealer","floor":25,"gold_loss":0,"cards_obtained":["WheelKick","FlurryOfBlows"]}],"is_beta":false,"boss_relics":[{"not_picked":["Tiny House","Busted Crown"],"picked":"Pandora\u0027s Box"}],"items_purged_floors":[5],"is_endless":false,"potions_floor_spawned":[4,7,10,16,18,21,23,24],"killed_by":"Centurion and Healer","ascension_level":2}}