{"host":"nnevpry6tnmpwasb","time":1613807263,"event":{"mods":["2.2 Compatiblity","AchievementEnabler","Act Like it!","BaseMod","Beaked The Cultist","Colored Map","Hermit","Highlight Path","Infinite Spire","Minty Spire (QoL Compilation)","StSLib","The Jungle","The Necromancer"],"gold_per_floor":[110,110,110,285,285,285,316,316,343,343,362,362,375,223,223,319,319,336,336,21,21,21,46,56,67,91,104,104,204,204,219,219,317,317,331,10,10,20,44,73,73,0,0,0,0],"floor_reached":44,"language":"ENG","playtime":4596,"items_purged":["Doubt"],"score":475,"play_id":"60d0d1db-205d-41aa-9f1b-063b0096bcd1","local_time":"20210220024742","is_ascension_mode":false,"campfire_choices":[{"data":"Negative_Energy_Arrows","floor":6,"key":"SMITH"},{"floor":8,"key":"REST"},{"floor":10,"key":"REST"},{"data":"Summon_Vampire_Lady","floor":15,"key":"SMITH"},{"floor":30,"key":"REST"},{"floor":32,"key":"REST"},{"floor":41,"key":"REST"}],"circlet_count":0,"master_deck":["Strike_W","Strike_W","Strike_W","Strike_W","Defend_W","Defend_W","Defend_W","Defend_W","Negative_Energy_Arrows+1","Bone_Wall","Bone_Bullets","Summon_Vampire_Lady+1","Summon_Lich","Negative_Energy_Bomb","Bone_Armory","Summon_Vampire_Lady","Shackles_Of_Pain+1","Detonate_Bones","Summon_Undead_Army","Mind Blast","Negative_Energy_Sphere","Spectral_Walk","Scare+1","Finger_Of_Death+1","Summon_Vampire_Lady","Summon_Undead","Plague_Bolt+1","Bone_Armory"],"relics":["Vampire_Amulet","Shuriken","Tiny Chest","Omamori","SlaversCollar","infinitespire:CheckeredPen","theJungle:SneckoAutograph","Darkstone Periapt","infinitespire:PuzzleCube","Molten Egg 2","beaked:SacredDeck","Strange Spoon","infinitespire:FocusingShard","Bronze Scales","Incense Burner","Red Mask","infinitespire:WardingShard"],"acts_visited":["Exordium","Exordium","TheBeyond"],"potions_floor_usage":[7,33,33,40,44,44],"damage_taken":[{"damage":1,"enemies":"Jaw Worm","floor":1,"turns":4},{"damage":63,"enemies":"3 Sentries","floor":7,"turns":17},{"damage":1,"enemies":"2 Louse","floor":11,"turns":4},{"damage":7,"enemies":"Small Slimes","floor":13,"turns":3},{"damage":66,"enemies":"The Guardian","floor":16,"turns":15},{"damage":36,"enemies":"theJungle:5_Spyders","floor":18,"turns":8},{"damage":53,"enemies":"Nightmare","floor":23,"turns":6},{"damage":33,"enemies":"theJungle:MUSHROOMGANG","floor":24,"turns":5},{"damage":32,"enemies":"theJungle:JungleHuntersEncounter","floor":25,"turns":7},{"damage":45,"enemies":"theJungle:SlimyTreeVines","floor":27,"turns":6},{"damage":25,"enemies":"theJungle:Snecko_Cultist_And_Trap","floor":31,"turns":6},{"damage":38,"enemies":"theJungle:FunGuy","floor":33,"turns":10},{"damage":70,"enemies":"3 Darklings","floor":35,"turns":6},{"damage":9,"enemies":"3 Shapes","floor":38,"turns":7},{"damage":80,"enemies":"Nemesis","floor":40,"turns":9},{"damage":80,"enemies":"infinitespire:Three Voidlings","floor":44,"turns":5},{"damage":96,"enemies":"Nightmare_Alpha","floor":44,"turns":6}],"seed_played":"6716166094478789800","potions_obtained":[{"floor":1,"key":"Explosive Potion"},{"floor":7,"key":"FearPotion"},{"floor":24,"key":"GamblersBrew"},{"floor":25,"key":"DistilledChaos"},{"floor":33,"key":"Ancient Potion"},{"floor":35,"key":"Swift Potion"},{"floor":37,"key":"DuplicationPotion"},{"floor":37,"key":"Explosive Potion"},{"floor":38,"key":"PowerPotion"}],"is_trial":false,"path_per_floor":["M","?","?","?","?","R","E","R","T","R","M","?","M","$","R","B",null,"M","T","$","?","?","NM","M","M","T","M","T","?","R","M","R","B",null,"M","$","?","M","T","E","R","?","T","?"],"character_chosen":"NECROMANCER","items_purchased":["Bone_Armory","Detonate_Bones","Summon_Undead_Army","FairyPotion","infinitespire:FocusingShard","Bone_Armory"],"campfire_rested":5,"item_purchase_floors":[14,20,20,20,36,36],"current_hp_per_floor":[69,51,80,80,80,80,23,49,49,75,78,78,75,75,75,47,89,87,87,87,87,87,57,36,8,8,36,36,30,56,50,76,82,89,21,21,21,51,51,51,77,77,77,0,0],"gold":0,"neow_bonus":"TWENTY_PERCENT_HP_BONUS","is_daily":false,"chose_seed":false,"campfire_upgraded":2,"win_rate":0.0,"timestamp":1613807262,"path_taken":["M","?","?","?","?","R","E","R","T","R","M","?","?","?","R","BOSS","M","?","$","?","?","NM","M","?","T","M","?","?","R","M","R","BOSS","M","$","?","?","?","E","R","?","T","?"],"items_purchased_type":["Card","Card","Card","Potion","Relic","Card"],"build_version":"2020-12-22","purchased_purges":1,"victory":false,"max_hp_per_floor":[89,89,89,89,89,89,89,89,89,89,89,89,89,89,89,89,89,89,89,89,89,89,89,89,89,89,89,89,89,89,89,89,89,89,89,89,89,89,89,89,89,89,89,89,89],"card_choices":[{"not_picked":["Blood_Whip","Shackles_Of_Pain"],"picked":"Bone_Bullets","floor":1},{"not_picked":["Negative_Energy_Mist","Vampiric_Strike"],"picked":"Summon_Vampire_Lady","floor":7},{"not_picked":["Vampiric_Strike","Death_Coil"],"picked":"Summon_Lich","floor":11},{"not_picked":["Consume_Illness","Bone_Prison","Blood_Curse"],"picked":"SKIP","floor":13},{"not_picked":["Hellfire","Negative_Energy_Bomb"],"picked":"Summon_Vampire_Lady","floor":16},{"not_picked":["Whirlwind_of_Bones","Death_Coil"],"picked":"Shackles_Of_Pain+1","floor":18},{"not_picked":["Death_March_Dance+1","Corrupt"],"picked":"Negative_Energy_Sphere","floor":23},{"not_picked":["Shackles_Of_Pain","Violent_Necrosis","Pandemic"],"picked":"SKIP","floor":24},{"not_picked":["Plague_Bolt+1","Death_Coil"],"picked":"Spectral_Walk","floor":25},{"not_picked":["Shackles_Of_Pain","Death_Knell"],"picked":"Scare+1","floor":27},{"not_picked":["Bones_to_Steel","Spectral_Armor"],"picked":"Finger_Of_Death+1","floor":31},{"not_picked":["Requiem+1","Detonate_Bones+1"],"picked":"Summon_Vampire_Lady","floor":33},{"not_picked":["Negative_Energy_Sphere+1","Blood_Is_Power+1"],"picked":"Plague_Bolt+1","floor":35},{"not_picked":["Acid_Javelin+1","Plague_Bolt+1","Bone_Bullets+1"],"picked":"SKIP","floor":38},{"not_picked":["Vampiric_Strike+1","Hellfire+1","Blood_Curse+1"],"picked":"SKIP","floor":40}],"player_experience":47448,"relics_obtained":[{"floor":7,"key":"Tiny Chest"},{"floor":9,"key":"Omamori"},{"floor":19,"key":"infinitespire:CheckeredPen"},{"floor":23,"key":"Darkstone Periapt"},{"floor":26,"key":"infinitespire:PuzzleCube"},{"floor":28,"key":"Molten Egg 2"},{"floor":39,"key":"Bronze Scales"},{"floor":40,"key":"Incense Burner"},{"floor":43,"key":"infinitespire:WardingShard"}],"event_choices":[{"damage_healed":0,"gold_gain":0,"player_choice":"Success","damage_taken":18,"relics_obtained":["Shuriken"],"max_hp_gain":0,"max_hp_loss":0,"event_name":"Scrap Ooze","floor":2,"gold_loss":0},{"damage_healed":29,"gold_gain":0,"player_choice":"Banana","damage_taken":0,"max_hp_gain":0,"max_hp_loss":0,"event_name":"Big Fish","floor":3,"gold_loss":0},{"damage_healed":0,"gold_gain":175,"player_choice":"AGREE","damage_taken":0,"max_hp_gain":0,"max_hp_loss":0,"event_name":"Liars Game","floor":4,"gold_loss":0,"cards_obtained":["Doubt"]},{"damage_healed":0,"gold_gain":0,"player_choice":"Ignored","damage_taken":0,"max_hp_gain":0,"max_hp_loss":0,"event_name":"Golden Wing","floor":5,"gold_loss":0},{"damage_healed":0,"gold_gain":0,"player_choice":"1 cards matched","damage_taken":0,"max_hp_gain":0,"max_hp_loss":0,"event_name":"Match and Keep!","floor":12,"gold_loss":0,"cards_obtained":["Negative_Energy_Bomb"]},{"damage_healed":0,"gold_gain":0,"player_choice":"1 cards matched","damage_taken":0,"max_hp_gain":0,"max_hp_loss":0,"event_name":"Match and Keep!","floor":22,"gold_loss":0,"cards_obtained":["Mind Blast"]},{"damage_healed":0,"gold_gain":0,"player_choice":"Got Potions","damage_taken":0,"max_hp_gain":0,"max_hp_loss":0,"event_name":"Lab","floor":37,"gold_loss":0},{"damage_healed":0,"gold_gain":0,"player_choice":"Paid","damage_taken":0,"relics_obtained":["Red Mask"],"max_hp_gain":0,"max_hp_loss":0,"event_name":"Tomb of Lord Red Mask","floor":42,"gold_loss":73}],"is_beta":false,"boss_relics":[{"not_picked":["Black Star","Runic Pyramid"],"picked":"SlaversCollar"},{"not_picked":["beaked:MawFillet","Philosopher\u0027s Stone"],"picked":"beaked:SacredDeck"}],"items_purged_floors":[14],"is_endless":true,"potions_floor_spawned":[1,7,24,25,33,35,38],"killed_by":"Nightmare_Alpha","ascension_level":0}}