{"host":"Sean","time":1613854793,"event":{"mods":["BaseMod","Block Reminder","Colored Map","Colored Powertips","Highlight Path","Minty Spire (QoL Compilation)","Permanent Neow","Relic Stats"],"gold_per_floor":[113,130,130,4,14,39,39,65,65,65,15,15,42,42,42,146,146,160,173,173,373,472,506,517,549,549,575,575,33,33,46,46,149,149,160,179,179,230,230,0,50,50,98,98,0,0,33,49,49,49,49],"floor_reached":50,"language":"ENG","playtime":2383,"items_purged":["Defend_G","Tactician"],"score":912,"play_id":"bb802af8-1f82-45d2-b202-291107b917cc","local_time":"20210220205953","is_ascension_mode":true,"campfire_choices":[{"floor":7.0,"key":"REST"},{"data":"Glass Knife","floor":10.0,"key":"SMITH"},{"data":"Dagger Throw","floor":15.0,"key":"SMITH"},{"data":"Calculated Gamble","floor":28.0,"key":"SMITH"},{"floor":32.0,"key":"REST"},{"floor":46,"key":"REST"},{"data":"Burst","floor":49,"key":"SMITH"}],"circlet_count":0,"master_deck":["AscendersBane","Survivor","Neutralize","Quick Slash","Dagger Spray","Terror","Blade Dance","Glass Knife+1","Dagger Throw+1","Accuracy","Neutralize","Envenom","Footwork","Poisoned Stab","Doppelganger","Skewer","Calculated Gamble+1","PiercingWail","Crippling Poison","Leg Sweep","Deflect+1","Poisoned Stab+1","PiercingWail","Glass Knife+1","Bite","Bite","Bite","Bite","Bite","PiercingWail","Burst+1","Prepared+1","Calculated Gamble+1","Calculated Gamble+1","Panacea","Deflect+1","Prepared+1"],"relics":["Ring of the Snake","Tingsha","Bag of Preparation","Letter Opener","Juzu Bracelet","Ice Cream","Pandora\u0027s Box","Toy Ornithopter","Ornamental Fan","FossilizedHelix","Mercury Hourglass","Vajra","DollysMirror","Pear","Runic Pyramid","Unceasing Top","Akabeko","Bird Faced Urn","Red Mask","HornCleat"],"acts_visited":["Exordium","TheCity","TheBeyond"],"potions_floor_usage":[38,50,50],"damage_taken":[{"damage":9.0,"enemies":"Jaw Worm","floor":1.0,"turns":3.0},{"damage":5.0,"enemies":"Cultist","floor":2.0,"turns":5.0},{"damage":0.0,"enemies":"2 Louse","floor":5.0,"turns":3.0},{"damage":17.0,"enemies":"Lagavulin","floor":6.0,"turns":7.0},{"damage":4.0,"enemies":"Gremlin Nob","floor":8.0,"turns":3.0},{"damage":7.0,"enemies":"3 Sentries","floor":13.0,"turns":5.0},{"damage":22.0,"enemies":"Hexaghost","floor":16.0,"turns":6.0},{"damage":0.0,"enemies":"Spheric Guardian","floor":18.0,"turns":2.0},{"damage":9.0,"enemies":"Shell Parasite","floor":19.0,"turns":3.0},{"damage":11.0,"enemies":"Slavers","floor":23.0,"turns":4.0},{"damage":15.0,"enemies":"Centurion and Healer","floor":24.0,"turns":5.0},{"damage":6.0,"enemies":"Gremlin Leader","floor":25.0,"turns":4.0},{"damage":19.0,"enemies":"Book of Stabbing","floor":27.0,"turns":5.0},{"damage":3.0,"enemies":"Shelled Parasite and Fungi","floor":31.0,"turns":5.0},{"damage":66.0,"enemies":"Collector","floor":33.0,"turns":9.0},{"damage":0.0,"enemies":"3 Shapes","floor":35.0,"turns":6.0},{"damage":1.0,"enemies":"3 Darklings","floor":36.0,"turns":3.0},{"damage":16,"enemies":"2 Orb Walkers","floor":38,"turns":5},{"damage":15,"enemies":"Mind Bloom Boss Battle","floor":41,"turns":6},{"damage":5,"enemies":"Nemesis","floor":47,"turns":5},{"damage":0,"enemies":"4 Shapes","floor":48,"turns":3},{"damage":75,"enemies":"Donu and Deca","floor":50,"turns":8}],"seed_played":"6458985825894720512","potions_obtained":[{"floor":1.0,"key":"Poison Potion"},{"floor":8.0,"key":"CunningPotion"},{"floor":13.0,"key":"Ancient Potion"},{"floor":18.0,"key":"EntropicBrew"},{"floor":24.0,"key":"SneckoOil"},{"floor":25.0,"key":"SkillPotion"},{"floor":33.0,"key":"Energy Potion"},{"floor":36.0,"key":"Block Potion"},{"floor":38,"key":"Swift Potion"},{"floor":47,"key":"SkillPotion"}],"is_trial":false,"path_per_floor":["M","M","?","$","M","E","R","E","T","R","?","?","E","?","R","B",null,"M","M","T","?","?","E","M","E","T","E","R","$","?","M","R","B",null,"M","M","?","?","?","$","?","?","T","?","?","R","E","M","R","B"],"character_chosen":"THE_SILENT","items_purchased":["Block Potion","DollysMirror","Energy Potion","Pear","Akabeko","Panacea"],"campfire_rested":3,"item_purchase_floors":[4,29,29,29,40,40],"current_hp_per_floor":[36,31,31,31,31,14,35,31,31,31,31,54,47,47,47,25,59,59,50,50,50,50,44,29,38,38,24,24,34,34,35,51,11,45,47,46,46,41,41,41,28,28,28,28,28,44,47,51,51,0,0],"gold":49,"neow_bonus":"ONE_RARE_RELIC","is_daily":false,"chose_seed":false,"campfire_upgraded":4,"win_rate":0.0,"timestamp":1613854793,"path_taken":["M","M","?","?","M","E","R","E","T","R","?","?","E","?","R","BOSS","M","M","?","?","?","E","M","E","T","E","R","$","?","M","R","BOSS","M","M","?","?","?","$","?","?","T","?","?","R","E","M","R","BOSS"],"items_purchased_type":["Potion","Relic","Potion","Relic","Relic","Card"],"build_version":"2020-12-18","purchased_purges":2,"victory":false,"max_hp_per_floor":[70,70,70,70,70,70,70,70,70,70,70,70,70,70,70,70,70,70,70,70,70,70,70,70,70,70,70,70,80,56,56,56,56,56,56,56,56,56,56,56,56,56,56,56,56,56,56,56,56,56,56],"relic_stats":{"counters":[22,105],"Tingsha":[509],"Bag of Preparation":[36],"Juzu Bracelet":4,"Letter Opener":[204],"Mercury Hourglass":[212],"Ornamental Fan":[76],"Bird Faced Urn":[10],"Pandora\u0027s Box":["Footwork","Eviscerate","Tactician","Poisoned Stab","Doppelganger","Skewer","Calculated Gamble"],"obtain_stats":[{"Ice Cream":13,"Pear":29,"Vajra":27,"Tingsha":0,"Bag of Preparation":6,"Juzu Bracelet":9,"Letter Opener":8,"Akabeko":40,"Mercury Hourglass":26,"HornCleat":47,"Ornamental Fan":23,"DollysMirror":29,"Bird Faced Urn":41,"Pandora\u0027s Box":17,"Red Mask":45,"Toy Ornithopter":20,"FossilizedHelix":25,"Unceasing Top":38,"Ring of the Snake":0,"Runic Pyramid":34},{"Ice Cream":6,"Pear":13,"Vajra":13,"Tingsha":0,"Bag of Preparation":4,"Juzu Bracelet":5,"Letter Opener":5,"Akabeko":18,"Mercury Hourglass":12,"HornCleat":20,"Ornamental Fan":10,"DollysMirror":13,"Bird Faced Urn":19,"Pandora\u0027s Box":7,"Red Mask":19,"Toy Ornithopter":9,"FossilizedHelix":12,"Unceasing Top":18,"Ring of the Snake":0,"Runic Pyramid":15},{"Ice Cream":26,"Pear":55,"Vajra":55,"Tingsha":0,"Bag of Preparation":18,"Juzu Bracelet":21,"Letter Opener":21,"Akabeko":83,"Mercury Hourglass":50,"HornCleat":94,"Ornamental Fan":41,"DollysMirror":55,"Bird Faced Urn":89,"Pandora\u0027s Box":32,"Red Mask":89,"Toy Ornithopter":37,"FossilizedHelix":50,"Unceasing Top":83,"Ring of the Snake":0,"Runic Pyramid":69}],"Toy Ornithopter":45,"Unceasing Top":[0],"Ring of the Snake":[44]},"card_choices":[{"not_picked":["Noxious Fumes","Underhanded Strike"],"picked":"Quick Slash","floor":1.0},{"not_picked":["Quick Slash","Noxious Fumes"],"picked":"Dagger Spray","floor":2.0},{"not_picked":["Choke","Outmaneuver"],"picked":"Terror","floor":5.0},{"not_picked":["Dagger Spray","Footwork"],"picked":"Blade Dance","floor":6.0},{"not_picked":["Infinite Blades","Sucker Punch"],"picked":"Glass Knife","floor":8.0},{"not_picked":["Poisoned Stab","Riddle With Holes"],"picked":"Dagger Throw","floor":13.0},{"not_picked":["Adrenaline","Wraith Form v2"],"picked":"Envenom","floor":16.0},{"not_picked":["Backflip","Slice"],"picked":"PiercingWail","floor":18.0},{"not_picked":["Deflect","Flechettes"],"picked":"Crippling Poison","floor":19.0},{"not_picked":["Heel Hook","Backflip"],"picked":"Leg Sweep","floor":23.0},{"not_picked":["Poisoned Stab+1","Escape Plan"],"picked":"Deflect+1","floor":24.0},{"not_picked":["Dagger Spray+1","Deadly Poison+1"],"picked":"Poisoned Stab+1","floor":25.0},{"not_picked":["Underhanded Strike","Predator"],"picked":"PiercingWail","floor":27.0},{"not_picked":["Crippling Poison","Terror+1"],"picked":"PiercingWail","floor":31.0},{"not_picked":["Envenom","Storm of Steel"],"picked":"Burst","floor":33.0},{"not_picked":["Choke+1","Acrobatics","Prepared"],"picked":"SKIP","floor":35.0},{"not_picked":["Acrobatics","Dodge and Roll"],"picked":"Prepared+1","floor":36.0},{"not_picked":["Eviscerate","Endless Agony"],"picked":"Calculated Gamble+1","floor":38},{"not_picked":["Eviscerate","Riddle With Holes+1"],"picked":"Deflect+1","floor":41},{"not_picked":["Poisoned Stab","Dodge and Roll+1","Finisher"],"picked":"SKIP","floor":47},{"not_picked":["Flying Knee+1","Acrobatics"],"picked":"Prepared+1","floor":48}],"player_experience":575958,"relics_obtained":[{"floor":6.0,"key":"Bag of Preparation"},{"floor":8.0,"key":"Letter Opener"},{"floor":9.0,"key":"Juzu Bracelet"},{"floor":13.0,"key":"Ice Cream"},{"floor":20.0,"key":"Toy Ornithopter"},{"floor":23.0,"key":"Ornamental Fan"},{"floor":25.0,"key":"FossilizedHelix"},{"floor":26.0,"key":"Mercury Hourglass"},{"floor":27.0,"key":"Vajra"},{"floor":38,"key":"Unceasing Top"},{"floor":41,"key":"Bird Faced Urn"},{"floor":47,"key":"HornCleat"}],"event_choices":[{"cards_removed":["Strike_G"],"damage_healed":0.0,"max_hp_gain":0.0,"max_hp_loss":0.0,"gold_gain":0.0,"event_name":"Bonfire Elementals","player_choice":"Offered Basic","floor":3.0,"gold_loss":0.0,"damage_taken":0.0},{"cards_removed":["Defend_G"],"damage_healed":0.0,"max_hp_gain":0.0,"max_hp_loss":0.0,"gold_gain":0.0,"event_name":"The Cleric","player_choice":"Card Removal","floor":11.0,"gold_loss":50.0,"damage_taken":0.0},{"damage_healed":23.0,"max_hp_gain":0.0,"max_hp_loss":0.0,"gold_gain":0.0,"event_name":"Big Fish","player_choice":"Banana","floor":12.0,"gold_loss":0.0,"damage_taken":0.0},{"damage_healed":0.0,"max_hp_gain":0.0,"max_hp_loss":0.0,"gold_gain":0.0,"event_name":"Match and Keep!","player_choice":"2 cards matched","floor":14.0,"gold_loss":0.0,"damage_taken":0.0,"cards_obtained":["Accuracy","Neutralize"]},{"damage_healed":0.0,"max_hp_gain":0.0,"max_hp_loss":0.0,"gold_gain":200.0,"event_name":"Wheel of Change","player_choice":"Gold","floor":21.0,"gold_loss":0.0,"damage_taken":0.0},{"damage_healed":0.0,"max_hp_gain":0.0,"max_hp_loss":0.0,"gold_gain":99.0,"event_name":"Nest","player_choice":"Stole From Cult","floor":22.0,"gold_loss":0.0,"damage_taken":0.0},{"damage_healed":0.0,"max_hp_gain":0.0,"max_hp_loss":24.0,"gold_gain":0.0,"event_name":"Vampires","player_choice":"Became a vampire","floor":30.0,"gold_loss":0.0,"damage_taken":0.0,"cards_obtained":["Bite","Bite","Bite","Bite","Bite"]},{"damage_healed":0.0,"max_hp_gain":0.0,"max_hp_loss":0.0,"gold_gain":0.0,"event_name":"Duplicator","player_choice":"Copied","floor":37.0,"gold_loss":0.0,"damage_taken":0.0,"cards_obtained":["Calculated Gamble"]},{"damage_healed":0,"gold_gain":0,"player_choice":"Fight","damage_taken":0,"max_hp_gain":0,"max_hp_loss":0,"event_name":"Mysterious Sphere","floor":38,"gold_loss":0},{"cards_removed":["Eviscerate"],"damage_healed":0,"gold_gain":0,"player_choice":"Removed Attack","damage_taken":0,"max_hp_gain":0,"max_hp_loss":0,"event_name":"Falling","floor":39,"gold_loss":0},{"damage_healed":0,"gold_gain":0,"player_choice":"Fight","damage_taken":0,"max_hp_gain":0,"max_hp_loss":0,"event_name":"MindBloom","floor":41,"gold_loss":0},{"damage_healed":0,"gold_gain":0,"player_choice":"Ignored","damage_taken":0,"max_hp_gain":0,"max_hp_loss":0,"event_name":"Transmorgrifier","floor":42,"gold_loss":0},{"damage_healed":0,"gold_gain":0,"player_choice":"Memory 1","damage_taken":0,"max_hp_gain":0,"max_hp_loss":0,"event_name":"SensoryStone","floor":44,"gold_loss":0},{"damage_healed":0,"gold_gain":0,"player_choice":"Paid","damage_taken":0,"relics_obtained":["Red Mask"],"max_hp_gain":0,"max_hp_loss":0,"event_name":"Tomb of Lord Red Mask","floor":45,"gold_loss":98}],"is_beta":true,"boss_relics":[{"not_picked":["Cursed Key","Empty Cage"],"picked":"Pandora\u0027s Box"},{"not_picked":["Ring of the Serpent","Busted Crown"],"picked":"Runic Pyramid"}],"items_purged_floors":[4,29],"is_endless":false,"potions_floor_spawned":[1,8,13,18,24,25,33,36,38,47],"killed_by":"Donu and Deca","ascension_level":11}}