{"host":"9kesdg97wkrx2bva","time":1613805894,"event":{"mods":["AchievementEnabler","BaseMod","Colored Map","GifTheSpireLib","Infinite Spire","Minty Spire (QoL Compilation)","Replay The Spire","StSLib"],"gold_per_floor":[368,368,386,396,137,137,162,174,198,213,213,213,227,241,241,241,241],"floor_reached":16,"language":"ENG","playtime":485,"items_purged":["Regret"],"score":192,"play_id":"333a59eb-e373-4c0b-ad05-827907e2f41e","local_time":"20210220012454","is_ascension_mode":true,"campfire_choices":[{"data":"Apotheosis","floor":6,"key":"SMITH"},{"floor":12,"key":"REST"},{"floor":15,"key":"REST"}],"circlet_count":0,"master_deck":["AscendersBane","Strike_G","Strike_G","Strike_G","Strike_G","Strike_G","Defend_G","Defend_G","Defend_G","Defend_G","Defend_G","Survivor","Neutralize","Replay:Poison Smokescreen","Dagger Spray","Quick Slash","Apotheosis+1","Replay:Poison Smokescreen","Quick Slash","Prepared"],"relics":["Ring of the Snake","Bronze Scales","Bag of Marbles","Bottled Lightning"],"acts_visited":["Exordium"],"potions_floor_usage":[7,16,16],"damage_taken":[{"damage":7,"enemies":"2 Louse","floor":1,"turns":4},{"damage":2,"enemies":"Jaw Worm","floor":3,"turns":6},{"damage":9,"enemies":"Cultist","floor":4,"turns":5},{"damage":23,"enemies":"Gremlin Nob","floor":7,"turns":5},{"damage":0,"enemies":"Looter","floor":8,"turns":4},{"damage":0,"enemies":"Red Slaver","floor":10,"turns":3},{"damage":6,"enemies":"3 Louse","floor":13,"turns":2},{"damage":4,"enemies":"Exordium Thugs","floor":14,"turns":4},{"damage":62,"enemies":"Fading Forest","floor":16,"turns":11}],"seed_played":"790792373047779235","potions_obtained":[{"floor":1,"key":"Swift Potion"},{"floor":8,"key":"Strength Potion"},{"floor":13,"key":"LiquidBronze"}],"is_trial":false,"path_per_floor":["M","?","M","M","$","R","E","M","T","M","T","R","M","M","R","B"],"character_chosen":"THE_SILENT","items_purchased":["Apotheosis"],"campfire_rested":2,"item_purchase_floors":[5],"current_hp_per_floor":[52,52,50,41,41,41,18,18,18,18,18,37,31,27,46,0,0],"gold":241,"neow_bonus":"TWO_FIFTY_GOLD","is_daily":false,"chose_seed":false,"campfire_upgraded":1,"win_rate":0.0,"timestamp":1613805894,"path_taken":["M","?","M","M","$","R","E","M","T","M","?","R","M","?","R","BOSS"],"items_purchased_type":["Card"],"build_version":"2020-12-22","purchased_purges":1,"victory":false,"max_hp_per_floor":[66,66,66,66,66,66,66,66,66,66,66,66,66,66,66,66,66],"card_choices":[{"not_picked":["Acrobatics","Outmaneuver"],"picked":"Replay:Poison Smokescreen","floor":1},{"not_picked":["Acrobatics","Escape Plan"],"picked":"Dagger Spray","floor":3},{"not_picked":["Toxin Wave","Finisher"],"picked":"Quick Slash","floor":4},{"not_picked":["Hidden Blade","ReplayTheSpireMod:Scrap Shanks"],"picked":"Replay:Poison Smokescreen","floor":7},{"not_picked":["Cloak And Dagger","Acrobatics"],"picked":"Quick Slash","floor":8},{"not_picked":["Toxin Wave","Outmaneuver"],"picked":"Prepared","floor":10},{"not_picked":["Fluid Movement","Phantasmal Killer","PiercingWail"],"picked":"SKIP","floor":13},{"not_picked":["Finisher","Concentrate","Acrobatics"],"picked":"SKIP","floor":14}],"player_experience":1037811,"relics_obtained":[{"floor":7,"key":"Bronze Scales"},{"floor":9,"key":"Bag of Marbles"},{"floor":11,"key":"Bottled Lightning"}],"event_choices":[],"is_beta":false,"boss_relics":[],"items_purged_floors":[5],"is_endless":false,"potions_floor_spawned":[1,8,13],"killed_by":"Fading Forest","ascension_level":17}}