{"host":"ju1b3c4x8n2jtjm7","time":1613810256,"event":{"mods":["AchievementEnabler","BaseMod","Colored Map","Colored Powertips","DeckTracker","Highlight Path","Minty Spire (QoL Compilation)","Quick Restart","Rare Cards Sparkle","Relic Stats"],"gold_per_floor":[109,129,147,166,179,179,210,210,286,306,331,357,357,357,357,461,461,472,18,36,36,56,66,66,66,66],"floor_reached":25,"language":"ENG","playtime":1976,"items_purged":["Strike_P"],"score":371,"play_id":"2d2952f0-0bb8-4c60-9418-b1cf0345a9b4","local_time":"20210220093736","is_ascension_mode":true,"campfire_choices":[{"data":"BowlingBash","floor":6.0,"key":"SMITH"},{"floor":8.0,"key":"REST"},{"data":"ReachHeaven","floor":15.0,"key":"SMITH"},{"data":"Scrawl","floor":24,"key":"SMITH"}],"circlet_count":0,"master_deck":["Strike_P","Defend_P","Defend_P","Defend_P","Eruption","Vigilance","ReachHeaven+1","BowlingBash+1","ThirdEye","FlurryOfBlows","EmptyMind","Scrawl+1","Nirvana+1","Establishment+1","Study+1","Weave","Trip","CutThroughFate","Wireheading","BattleHymn+1"],"relics":["PureWater","Centennial Puzzle","Kunai","Odd Mushroom","Gambling Chip","Astrolabe","Bottled Lightning"],"acts_visited":["Exordium","TheCity"],"potions_floor_usage":[20,23],"damage_taken":[{"damage":1.0,"enemies":"2 Louse","floor":1.0,"turns":5.0},{"damage":1.0,"enemies":"Small Slimes","floor":2.0,"turns":3.0},{"damage":2.0,"enemies":"Jaw Worm","floor":3.0,"turns":3.0},{"damage":7.0,"enemies":"Red Slaver","floor":4.0,"turns":4.0},{"damage":6.0,"enemies":"Exordium Wildlife","floor":5.0,"turns":4.0},{"damage":46.0,"enemies":"Lagavulin","floor":7.0,"turns":7.0},{"damage":4.0,"enemies":"Lots of Slimes","floor":10.0,"turns":3.0},{"damage":11.0,"enemies":"The Mushroom Lair","floor":11.0,"turns":3.0},{"damage":15.0,"enemies":"Gremlin Nob","floor":12.0,"turns":3.0},{"damage":0.0,"enemies":"Slime Boss","floor":16.0,"turns":4.0},{"damage":19,"enemies":"Shell Parasite","floor":18,"turns":6},{"damage":0,"enemies":"3 Byrds","floor":20,"turns":5},{"damage":10,"enemies":"Snecko","floor":22,"turns":7},{"damage":10,"enemies":"Chosen and Byrds","floor":23,"turns":3},{"damage":32,"enemies":"Gremlin Leader","floor":25,"turns":2}],"seed_played":"3359596086107964116","potions_obtained":[{"floor":1.0,"key":"EntropicBrew"},{"floor":2.0,"key":"BottledMiracle"},{"floor":7.0,"key":"PowerPotion"},{"floor":11.0,"key":"FearPotion"},{"floor":16.0,"key":"Fruit Juice"},{"floor":20,"key":"LiquidBronze"}],"is_trial":false,"path_per_floor":["M","M","M","M","M","R","E","R","T","M","?","E","?","?","R","B",null,"M","$","M","?","M","M","R","E"],"character_chosen":"WATCHER","items_purchased":["Trip","Bottled Lightning","CutThroughFate"],"campfire_rested":1,"item_purchase_floors":[19,19,19],"current_hp_per_floor":[71,70,68,61,55,55,9,32,32,28,17,2,2,28,28,28,66,47,47,52,52,42,32,32,0,0],"gold":66,"neow_bonus":"TEN_PERCENT_HP_BONUS","is_daily":false,"chose_seed":false,"campfire_upgraded":3,"win_rate":0.0,"timestamp":1613810256,"path_taken":["M","M","M","M","M","R","E","R","T","M","?","E","?","?","R","BOSS","M","$","M","?","M","M","R","E"],"items_purchased_type":["Card","Relic","Card"],"build_version":"2020-12-22","purchased_purges":1,"victory":false,"max_hp_per_floor":[79,79,79,79,79,79,79,79,79,79,79,79,79,79,79,79,79,79,79,84,84,84,84,84,84,84],"relic_stats":{"Centennial Puzzle":[21],"counters":[15,62],"Gambling Chip":[13],"Astrolabe":["Nirvana","Establishment","Study"],"Kunai":[15],"obtain_stats":[{"Centennial Puzzle":7,"Gambling Chip":12,"Astrolabe":17,"Kunai":9,"Bottled Lightning":19,"PureWater":0,"Odd Mushroom":11},{"Centennial Puzzle":6,"Gambling Chip":9,"Astrolabe":10,"Kunai":6,"Bottled Lightning":11,"PureWater":0,"Odd Mushroom":8},{"Centennial Puzzle":26,"Gambling Chip":35,"Astrolabe":39,"Kunai":26,"Bottled Lightning":45,"PureWater":0,"Odd Mushroom":32}]},"card_choices":[{"not_picked":["BattleHymn","EmptyBody"],"picked":"ReachHeaven","floor":1.0},{"not_picked":["Fasting2","ClearTheMind"],"picked":"BowlingBash","floor":2.0},{"not_picked":["SashWhip","Perseverance"],"picked":"ThirdEye","floor":3.0},{"not_picked":["ThirdEye","SignatureMove","CutThroughFate"],"picked":"SKIP","floor":4.0},{"not_picked":["InnerPeace","Nirvana","WreathOfFlame"],"picked":"SKIP","floor":5.0},{"not_picked":["FlyingSleeves","SashWhip","ThirdEye"],"picked":"SKIP","floor":7.0},{"not_picked":["Consecrate","SashWhip"],"picked":"FlurryOfBlows","floor":10.0},{"not_picked":["ConjureBlade","Establishment"],"picked":"EmptyMind","floor":12.0},{"not_picked":["SpiritShield","LessonLearned"],"picked":"Scrawl","floor":16.0},{"not_picked":["Consecrate+1","ThirdEye"],"picked":"Weave","floor":18},{"not_picked":["WreathOfFlame","ClearTheMind+1"],"picked":"Wireheading","floor":20},{"not_picked":["FlyingSleeves+1","EmptyBody"],"picked":"BattleHymn+1","floor":22},{"not_picked":["EmptyFist","WindmillStrike","CrushJoints"],"picked":"SKIP","floor":23}],"player_experience":414100,"relics_obtained":[{"floor":7.0,"key":"Centennial Puzzle"},{"floor":9.0,"key":"Kunai"},{"floor":11.0,"key":"Odd Mushroom"},{"floor":12.0,"key":"Gambling Chip"}],"event_choices":[{"damage_healed":0.0,"max_hp_gain":0.0,"max_hp_loss":0.0,"gold_gain":0.0,"event_name":"Mushrooms","player_choice":"Fought Mushrooms","floor":11.0,"gold_loss":0.0,"damage_taken":0.0},{"damage_healed":0.0,"max_hp_gain":0.0,"max_hp_loss":0.0,"gold_gain":0.0,"event_name":"Liars Game","player_choice":"Ignored","floor":13.0,"gold_loss":0.0,"damage_taken":0.0},{"damage_healed":26.0,"max_hp_gain":0.0,"max_hp_loss":0.0,"gold_gain":0.0,"event_name":"Big Fish","player_choice":"Banana","floor":14.0,"gold_loss":0.0,"damage_taken":0.0},{"damage_healed":0,"gold_gain":0,"player_choice":"Ignored","damage_taken":0,"max_hp_gain":0,"max_hp_loss":0,"event_name":"N\u0027loth","floor":21,"gold_loss":0}],"is_beta":false,"boss_relics":[{"not_picked":["Black Star","Fusion Hammer"],"picked":"Astrolabe"}],"items_purged_floors":[19],"is_endless":false,"potions_floor_spawned":[1,2,7,11,12,16,20],"killed_by":"Gremlin Leader","ascension_level":8}}