{"host":"yv7ijgyl7mqt7c0r","time":1613788365,"event":{"mods":["100% Spire Juice","2.2 Compatiblity","Act Like it!","Aspiration","BaseMod","Bestiary","Better Note","Better Skull","CapriCore","Conspire","DeckTracker","Elementarium","Energized Spire","Friendly Minions","Gensokyo","GifTheSpireLib","Hallownest","Hubris","KinomotoSakuraMod(????)","Mari Mod (Legacy)","Mari\u0027s V1 Patch","Marisa????????","Menagerie","Minty Spire (QoL Compilation)","Prisma Mod","Random Character Button","Reimu??????","Remilia_Scarlet Moed?????·?????3.3.5","StSLib","Stuff the Spire","The Administrix","The Alterego","The Bug Knight","The Jungle","The Senshi","The Servant 0.9.4","TheVelvet","Wandering Minibosses","Yakumo Yukari mod","Yohane!","Yuyuko"],"gold_per_floor":[116,116,92,92,103,103,33,33,33,53,86,86,114,134,134,239,239,257,257,53,153,170,201,201,529,529,529,529,549,549,299,299,399,399,411,129,129,147,4,30,30,158,208,224,244,254,362,375,375,375,375,375,40,140,140],"floor_reached":56,"language":"ENG","playtime":11284,"items_purged":["Night Terror"],"score":1481,"play_id":"ccc1610a-e381-44be-93c2-5879726e110f","local_time":"20210219203245","is_ascension_mode":false,"campfire_choices":[{"data":"RemiliaMod:CPXRNL","floor":6,"key":"SMITH"},{"data":"RemiliaMod:CPZQ","floor":12,"key":"SMITH"},{"floor":15,"key":"RECALL"},{"floor":24,"key":"REST"},{"data":"RemiliaMod:CFx","floor":27,"key":"SMITH"},{"data":"RemiliaMod:CNLCSZL","floor":32,"key":"SMITH"},{"floor":49,"key":"REST"},{"data":"RemiliaMod:CPQHZZ","floor":52,"key":"SMITH"}],"circlet_count":0,"master_deck":["RemiliaMod:Scratch","RemiliaMod:Scratch","RemiliaMod:Scratch","RemiliaMod:Scratch","RemiliaMod:Defend+1","RemiliaMod:Defend","RemiliaMod:Defend","RemiliaMod:Defend","RemiliaMod:CNLCSZL+1","RemiliaMod:CAattack","RemiliaMod:CPXRNL+1","RemiliaMod:CJNWYXD","RemiliaMod:CPZQ+1","RemiliaMod:CPJHZZ","RemiliaMod:CPYSNL","RemiliaMod:CD6B","RemiliaMod:CJNWYXD2","RemiliaMod:CFx+1","RemiliaMod:CJNWYXD2","RemiliaMod:CJNSJDF","RemiliaMod:CJNFWZL","RemiliaMod:CMABianfuzhen","RemiliaMod:CD6B","RemiliaMod:CJNNPSJ","RemiliaMod:CPZQ+1","RemiliaMod:CXXSJ","RemiliaMod:CJDB","RemiliaMod:CXXSJ","RemiliaMod:CFPDMJ+1","RemiliaMod:CJNWYXD+1","RemiliaMod:CD6B+1","RemiliaMod:CPQHZZ+1","RemiliaMod:CFxAttack","RemiliaMod:CJNWYXD3","RemiliaMod:CPBZMF"],"relics":["RemiliaMod:RXiangDui","RemiliaMod:RFkXt","RemiliaMod:RWYXT","Juzu Bracelet","NeowsBlessing","Gensokyo:Mercy","Boot","StuffTheSpire:HeavyRock","conspire:Dentures","hubris:64BitClover","conspire:Boomerang","RedLine:ReiMu","Gensokyo:ConquerorOfFear","Du-Vu Doll","Incense Burner","wanderingMiniBosses:CarrionFlame","PureWhite:ReiMu","Tiny Chest","Happy Flower","Bottled Lightning","Pocketwatch","Strawberry","conspire:SpecialSausage","hubris:DeckOfHolding","Sling","Art of War","aspiration:HiddenCompartment","Bag of Marbles","aspiration:SeaSaltIceCream","StuffTheSpire:TintedRock","StuffTheSpire:NeowsTribute","Centennial Puzzle","HollowMod:QueensCombRelic","StuffTheSpire:Tea","Anchor","Sundial"],"acts_visited":["Gensokyo:Gensokyo","Gensokyo:Gensokyoer","Gensokyo:Gensokyoest","TheEnding"],"potions_floor_usage":[55,55,55],"damage_taken":[{"damage":0,"enemies":"Gensokyo:Gryphon","floor":1,"turns":1},{"damage":0,"enemies":"Gensokyo:2_Kodama","floor":5,"turns":1},{"damage":0,"enemies":"Gensokyo:3_Fairies","floor":10,"turns":2},{"damage":0,"enemies":"Gensokyo:Cirno","floor":11,"turns":5},{"damage":2,"enemies":"Gensokyo:Mamizou","floor":13,"turns":7},{"damage":0,"enemies":"Gensokyo:Kitsune","floor":14,"turns":4},{"damage":16,"enemies":"Gensokyo:Reimu","floor":16,"turns":6},{"damage":13,"enemies":"Gensokyo:2_Gloops","floor":18,"turns":6},{"damage":21,"enemies":"Gensokyo:2_Gloops","floor":21,"turns":6},{"damage":18,"enemies":"Gensokyo:Chomper","floor":22,"turns":5},{"damage":49,"enemies":"Gensokyo:Koishi","floor":23,"turns":8},{"damage":3,"enemies":"Gensokyo:Reisen","floor":25,"turns":5},{"damage":16,"enemies":"Gensokyo:Mirror_and_Dog","floor":29,"turns":7},{"damage":42,"enemies":"Gensokyo:Eternal_Rivals","floor":33,"turns":7},{"damage":13,"enemies":"Gensokyo:3_Boulders","floor":35,"turns":6},{"damage":24,"enemies":"Gensokyo:AncientGuardian","floor":38,"turns":15},{"damage":9,"enemies":"Gensokyo:Doremy","floor":40,"turns":5},{"damage":0,"enemies":"Gensokyo:Kasen","floor":42,"turns":5},{"damage":5,"enemies":"Gensokyo:3_Boulders","floor":44,"turns":7},{"damage":10,"enemies":"Gensokyo:Sharpion","floor":45,"turns":6},{"damage":0,"enemies":"Gensokyo:Rafflesia","floor":46,"turns":5},{"damage":0,"enemies":"Gensokyo:Marisa","floor":47,"turns":6},{"damage":19,"enemies":"Gensokyo:4_Bats","floor":48,"turns":5},{"damage":0,"enemies":"Gensokyo:Yuyuko","floor":50,"turns":5},{"damage":0,"enemies":"Shield and Spear","floor":54,"turns":5},{"damage":53,"enemies":"The Heart","floor":55,"turns":6}],"seed_played":"5132258704557421504","potions_obtained":[{"floor":1,"key":"BlessingOfTheForge"},{"floor":11,"key":"Dexterity Potion"},{"floor":13,"key":"LiquidMemories"},{"floor":18,"key":"PowerPotion"},{"floor":29,"key":"PowerPotion"},{"floor":54,"key":"CultistPotion"}],"is_trial":false,"path_per_floor":["M","?","$","?","M","R","?","?","T","M","E","R","E","M","R","B",null,"M","?","COS","?","M","E","R","E","T","R","?","M","?","$","R","B",null,"M","COS","?","M","$","E","T","E","T","M","M","M","E","M","R","B",null,"R","$","E","B",null],"character_chosen":"Remilia_Scarlet_Modee","items_purchased":["RemiliaMod:CMABianfuzhen","Strawberry","RemiliaMod:CMABianfuzhen","RemiliaMod:CD6B","RemiliaMod:CXXSJ","RemiliaMod:CJDB","RemiliaMod:CMPC","RemiliaMod:CJNWYXD3","Anchor"],"campfire_rested":2,"item_purchase_floors":[3,31,31,31,39,39,53,53,53],"current_hp_per_floor":[75,75,75,75,75,75,75,44,44,45,47,47,68,70,70,58,75,66,66,66,72,59,20,42,71,71,71,64,54,54,61,61,25,82,77,77,40,25,25,42,42,75,75,82,54,54,54,46,54,54,54,54,54,54,53],"gold":140,"neow_bonus":"THREE_ENEMY_KILL","is_daily":false,"chose_seed":false,"campfire_upgraded":5,"win_rate":0.0,"timestamp":1613788365,"path_taken":["M","?","?","?","M","R","?","?","T","M","E","R","E","M","R","BOSS","M","?","COS","?","M","E","R","E","T","R","?","M","?","$","R","BOSS","M","COS","?","M","$","E","?","E","T","M","M","M","E","M","R","BOSS","R","$","E","BOSS"],"items_purchased_type":["Card","Relic","Card","Card","Card","Card","Card","Card","Relic"],"build_version":"2020-12-22","purchased_purges":1,"victory":true,"max_hp_per_floor":[75,75,75,75,75,75,75,75,75,75,75,75,75,75,75,75,75,75,75,75,75,75,75,75,75,75,75,75,75,75,82,82,82,82,82,82,82,82,82,82,82,82,82,82,54,54,54,54,54,54,54,54,54,54,54],"card_choices":[{"not_picked":["RemiliaMod:CJNSP","RemiliaMod:CMPC"],"picked":"RemiliaMod:CPXRNL","floor":1},{"not_picked":["RemiliaMod:CJNGSYD","RemiliaMod:CXXSJ"],"picked":"RemiliaMod:CMPB","floor":5},{"not_picked":["RemiliaMod:CFPLL","RemiliaMod:CPJHZZ"],"picked":"RemiliaMod:CJNWYXD","floor":10},{"not_picked":["RemiliaMod:CJNLLFZ","RemiliaMod:CSlAttack"],"picked":"RemiliaMod:CPZQ","floor":11},{"not_picked":["RemiliaMod:CPZQ","RemiliaMod:CJNMJFZ"],"picked":"RemiliaMod:CPJHZZ","floor":13},{"not_picked":["RemiliaMod:CJNJQFY","RemiliaMod:CSlAttack"],"picked":"RemiliaMod:CPYSNL","floor":14},{"not_picked":["RemiliaMod:CBYZLC","RemiliaMod:CMODSq"],"picked":"RemiliaMod:CJNNPSJ","floor":16},{"not_picked":["RemiliaMod:CJDB+1","RemiliaMod:CPFPDLL+1"],"picked":"RemiliaMod:CD6B","floor":18},{"not_picked":["RemiliaMod:CPXRNL","RemiliaMod:CJNYSFZ"],"picked":"RemiliaMod:CJNWYXD2","floor":21},{"not_picked":["RemiliaMod:CJNGSYD","RemiliaMod:CJNWYXD+1"],"picked":"RemiliaMod:CXXSJ","floor":22},{"not_picked":["RemiliaMod:CPHwYb","RemiliaMod:CJNCMSS"],"picked":"RemiliaMod:CFx","floor":23},{"not_picked":["RemiliaMod:CYYRS","RemiliaMod:CJNMJFZ"],"picked":"RemiliaMod:CJNWYXD2","floor":23},{"not_picked":["RemiliaMod:CFPLL+1","RemiliaMod:CPFPDLL","RemiliaMod:CFPMJ"],"picked":"SKIP","floor":25},{"not_picked":["RemiliaMod:CDB","RemiliaMod:CJNGSYD"],"picked":"RemiliaMod:CJNSJDF","floor":29},{"not_picked":["RemiliaMod:CJNHS","RemiliaMod:CJNCJFJ"],"picked":"RemiliaMod:CJNNPSJ","floor":33},{"not_picked":["RemiliaMod:CD6B","RemiliaMod:CPFPDLL"],"picked":"RemiliaMod:CPZQ+1","floor":35},{"not_picked":["RemiliaMod:CFPMJ","RemiliaMod:CJNMJFZ"],"picked":"RemiliaMod:CMPB+1","floor":38},{"not_picked":["RemiliaMod:CD6B","RemiliaMod:CFPLL+1"],"picked":"RemiliaMod:CXXSJ","floor":40},{"not_picked":["RemiliaMod:CPYSNL","RemiliaMod:CFPMJ+1"],"picked":"RemiliaMod:CFPDMJ+1","floor":42},{"not_picked":["RemiliaMod:CD6B+1","RemiliaMod:CJNYSFZ"],"picked":"RemiliaMod:CJNWYXD+1","floor":44},{"not_picked":["RemiliaMod:CPYSNL+1","RemiliaMod:CPJHZZ+1"],"picked":"RemiliaMod:CD6B+1","floor":45},{"not_picked":["RemiliaMod:CFPLL+1","RemiliaMod:CJNMJFZ"],"picked":"RemiliaMod:CPQHZZ","floor":46},{"not_picked":["RemiliaMod:CJNXRFZ+1","RemiliaMod:CXXSJ+1"],"picked":"RemiliaMod:CMPB+1","floor":47},{"not_picked":["RemiliaMod:CPYSNL+1","RemiliaMod:CXXSJ"],"picked":"RemiliaMod:CFxAttack","floor":48},{"not_picked":["RemiliaMod:CJNSP","RemiliaMod:CPXRNL"],"picked":"RemiliaMod:CPBZMF","floor":54}],"player_experience":612875,"relics_obtained":[{"floor":9,"key":"conspire:Dentures"},{"floor":11,"key":"hubris:64BitClover"},{"floor":13,"key":"conspire:Boomerang"},{"floor":21,"key":"Du-Vu Doll"},{"floor":21,"key":"Incense Burner"},{"floor":21,"key":"wanderingMiniBosses:CarrionFlame"},{"floor":21,"key":"Gensokyo:ConquerorOfFear"},{"floor":23,"key":"Tiny Chest"},{"floor":25,"key":"Happy Flower"},{"floor":26,"key":"Bottled Lightning"},{"floor":35,"key":"hubris:DeckOfHolding"},{"floor":40,"key":"Bag of Marbles"},{"floor":41,"key":"aspiration:SeaSaltIceCream"},{"floor":42,"key":"StuffTheSpire:NeowsTribute"},{"floor":47,"key":"StuffTheSpire:Tea"},{"floor":54,"key":"Sundial"}],"event_choices":[{"damage_healed":0,"gold_gain":0,"player_choice":"RE RE ","damage_taken":35,"relics_obtained":["Boot","StuffTheSpire:HeavyRock"],"max_hp_gain":0,"max_hp_loss":0,"event_name":"betterSkull:BetterSkull","floor":8,"gold_loss":0,"cards_upgraded":[]},{"damage_healed":0,"gold_gain":0,"player_choice":"RE RE ","damage_taken":41,"relics_obtained":["Art of War","aspiration:HiddenCompartment"],"max_hp_gain":0,"max_hp_loss":0,"event_name":"betterSkull:BetterSkull","floor":37,"gold_loss":0,"cards_upgraded":[]}],"is_beta":false,"boss_relics":[{"not_picked":["hubris:CrackedHourglass","energizedSpire:StickyHand"],"picked":"RedLine:ReiMu"},{"not_picked":["StuffTheSpire:Kangaroo","aspiration:FutureDiary"],"picked":"conspire:SpecialSausage"}],"items_purged_floors":[39],"is_endless":false,"potions_floor_spawned":[1,11,13,16,18,21,22,29,35,42,45,47,54],"ascension_level":0}}