{"host":"kth2ngi076kd734g","time":1613814604,"event":{"mods":["BaseMod","Colored Map","Filter the Spire","Minty Spire (QoL Compilation)","Relic Stats","StSLib"],"gold_per_floor":[109,123,135,135,135,165,165,202,214,244,256,299,332,363,375,517,529,554,566,566],"floor_reached":19,"language":"ENG","playtime":1336,"items_purged":[],"score":278,"play_id":"9a3c691c-459c-43b8-b6b4-791d5c75f5a3","local_time":"20210220105004","is_ascension_mode":true,"campfire_choices":[{"data":"Capacitor","floor":15,"key":"SMITH"}],"circlet_count":0,"master_deck":["Zap","Dualcast","Biased Cognition","Echo Form","Compile Driver","Thunder Strike","White Noise","Lockon","Tempest+1","BootSequence","Hello World","Ball Lightning","Chaos","Coolheaded","Hologram","Conserve Battery","Turbo","Steam Power","Capacitor+1","Fission","Leap+1"],"relics":["Pandora\u0027s Box","Cables","Art of War","MawBank","Happy Flower","Anchor","Golden Idol","The Courier","Black Star"],"acts_visited":["Exordium","TheCity"],"potions_floor_usage":[8,13,16,16,18],"damage_taken":[{"damage":0,"enemies":"2 Louse","floor":1,"turns":2},{"damage":0,"enemies":"Small Slimes","floor":2,"turns":3},{"damage":13,"enemies":"Jaw Worm","floor":3,"turns":4},{"damage":20,"enemies":"Lagavulin","floor":6,"turns":4},{"damage":10,"enemies":"3 Sentries","floor":8,"turns":4},{"damage":1,"enemies":"Looter","floor":10,"turns":3},{"damage":0,"enemies":"Lagavulin","floor":12,"turns":5},{"damage":0,"enemies":"Exordium Wildlife","floor":13,"turns":3},{"damage":0,"enemies":"Red Slaver","floor":14,"turns":3},{"damage":12,"enemies":"Hexaghost","floor":16,"turns":5},{"damage":30,"enemies":"2 Thieves","floor":18,"turns":4},{"damage":28,"enemies":"Spheric Guardian","floor":19,"turns":3}],"seed_played":"-8038086673451096524","potions_obtained":[{"floor":1,"key":"SkillPotion"},{"floor":3,"key":"BlessingOfTheForge"},{"floor":6,"key":"EssenceOfSteel"},{"floor":12,"key":"DuplicationPotion"},{"floor":14,"key":"Explosive Potion"}],"is_trial":false,"path_per_floor":["M","M","M","?","?","E","T","E","T","M","?","E","M","M","R","B",null,"M","M"],"character_chosen":"DEFECT","items_purchased":[],"campfire_rested":0,"item_purchase_floors":[],"current_hp_per_floor":[68,68,55,55,48,28,28,18,18,17,17,17,17,17,17,5,53,23,0,0],"gold":566,"neow_bonus":"BOSS_RELIC","is_daily":false,"chose_seed":false,"campfire_upgraded":1,"win_rate":0.0,"timestamp":1613814604,"path_taken":["M","M","M","?","?","E","?","E","T","M","?","E","M","M","R","BOSS","M","M"],"items_purchased_type":[],"build_version":"2020-12-22","purchased_purges":0,"victory":false,"max_hp_per_floor":[75,75,75,75,75,75,75,75,75,75,69,69,69,69,69,69,69,69,69,69],"relic_stats":{"Happy Flower":[8],"counters":[12,43],"Golden Idol":43,"Pandora\u0027s Box":["Biased Cognition","Echo Form","Compile Driver","Thunder Strike","White Noise","Lockon","Tempest","BootSequence"],"Art of War":[8],"Black Star":0,"MawBank":144,"obtain_stats":[{"Anchor":9,"Happy Flower":8,"Golden Idol":11,"Pandora\u0027s Box":0,"The Courier":12,"Art of War":6,"Black Star":17,"Cracked Core":0,"MawBank":7,"Cables":5},{"Anchor":5,"Happy Flower":5,"Golden Idol":6,"Pandora\u0027s Box":0,"The Courier":7,"Art of War":4,"Black Star":10,"Cracked Core":0,"MawBank":4,"Cables":3},{"Anchor":17,"Happy Flower":17,"Golden Idol":20,"Pandora\u0027s Box":0,"The Courier":25,"Art of War":13,"Black Star":36,"Cracked Core":0,"MawBank":13,"Cables":9}],"Cables":[24,18,5,1,0]},"card_choices":[{"not_picked":["Sweeping Beam","Conserve Battery"],"picked":"Hello World","floor":1},{"not_picked":["Barrage","Leap"],"picked":"Ball Lightning","floor":2},{"not_picked":["Steam","BootSequence"],"picked":"Chaos","floor":3},{"not_picked":["Stack","Gash"],"picked":"Coolheaded","floor":6},{"not_picked":["Leap","Conserve Battery"],"picked":"Hologram","floor":8},{"not_picked":["Redo","Ball Lightning"],"picked":"Conserve Battery","floor":10},{"not_picked":["Rebound","Reboot"],"picked":"Turbo","floor":12},{"not_picked":["Rebound","Beam Cell"],"picked":"Steam Power","floor":13},{"not_picked":["Storm","Double Energy"],"picked":"Capacitor","floor":14},{"not_picked":["Machine Learning","Biased Cognition"],"picked":"Fission","floor":16},{"not_picked":["Cold Snap","Rebound+1"],"picked":"Leap+1","floor":18}],"player_experience":708344,"relics_obtained":[{"floor":6,"key":"Art of War"},{"floor":7,"key":"MawBank"},{"floor":8,"key":"Happy Flower"},{"floor":9,"key":"Anchor"},{"floor":12,"key":"The Courier"}],"event_choices":[{"damage_healed":0,"gold_gain":0,"player_choice":"Grow","damage_taken":0,"max_hp_gain":0,"max_hp_loss":0,"event_name":"Living Wall","floor":4,"gold_loss":0,"cards_upgraded":["Tempest"]},{"damage_healed":0,"gold_gain":0,"player_choice":"Success","damage_taken":7,"relics_obtained":["Cables"],"max_hp_gain":0,"max_hp_loss":0,"event_name":"Scrap Ooze","floor":5,"gold_loss":0},{"damage_healed":0,"gold_gain":0,"player_choice":"Lose Max HP","damage_taken":0,"relics_obtained":["Golden Idol"],"max_hp_gain":0,"max_hp_loss":6,"event_name":"Golden Idol","floor":11,"gold_loss":0}],"is_beta":false,"boss_relics":[{"not_picked":["Calling Bell","Velvet Choker"],"picked":"Black Star"}],"items_purged_floors":[],"is_endless":false,"potions_floor_spawned":[1,3,6,12,14],"killed_by":"Spheric Guardian","ascension_level":6}}