{"host":"d52brwsy6af8zvaq","time":1613858289,"event":{"mods":["AchievementEnabler","BaseMod","Bestiary","Highlight Path","Minty Spire (QoL Compilation)","Quick Restart","Relic Stats","ojb\u0027s Better Paths Mod"],"gold_per_floor":[111,125,144,158,83,83,111,176,202,212,212,223,256,268,268,268,268],"floor_reached":16,"language":"ENG","playtime":510,"items_purged":["Strike_B"],"score":228,"play_id":"0d078db1-986a-4943-88b1-959cf3b840e3","local_time":"20210220145809","is_ascension_mode":true,"campfire_choices":[{"data":"Zap","floor":6.0,"key":"SMITH"},{"floor":11.0,"key":"REST"},{"data":"Defragment","floor":15,"key":"SMITH"}],"circlet_count":0,"master_deck":["AscendersBane","Strike_B","Strike_B","Strike_B","Defend_B","Defend_B","Defend_B","Defend_B","Zap+1","Dualcast","Cold Snap","Coolheaded","Streamline","Self Repair","Turbo","Auto Shields","Leap","Defragment+1","FTL"],"relics":["Cracked Core","Bronze Scales","Toy Ornithopter"],"acts_visited":["Exordium"],"potions_floor_usage":[16],"damage_taken":[{"damage":1.0,"enemies":"Cultist","floor":1.0,"turns":3.0},{"damage":5.0,"enemies":"Jaw Worm","floor":2.0,"turns":5.0},{"damage":0.0,"enemies":"2 Louse","floor":3.0,"turns":3.0},{"damage":4.0,"enemies":"2 Fungi Beasts","floor":4.0,"turns":4.0},{"damage":32.0,"enemies":"Gremlin Nob","floor":7.0,"turns":4.0},{"damage":27.0,"enemies":"Exordium Thugs","floor":10.0,"turns":4.0},{"damage":7.0,"enemies":"Lots of Slimes","floor":12.0,"turns":4.0},{"damage":5.0,"enemies":"3 Sentries","floor":13.0,"turns":4.0},{"damage":9,"enemies":"3 Louse","floor":14,"turns":4},{"damage":47,"enemies":"Slime Boss","floor":16,"turns":11}],"seed_played":"7912457314871628976","potions_obtained":[{"floor":1.0,"key":"PowerPotion"},{"floor":2.0,"key":"SpeedPotion"},{"floor":10.0,"key":"PowerPotion"},{"floor":14,"key":"Ancient Potion"}],"is_trial":false,"path_per_floor":["M","M","M","M","$","R","E","?","T","M","R","M","E","M","R","B"],"character_chosen":"DEFECT","items_purchased":[],"campfire_rested":1,"item_purchase_floors":[],"current_hp_per_floor":[70,65,65,61,61,61,36,36,36,16,39,39,41,39,39,0,0],"gold":268,"neow_bonus":"TEN_PERCENT_HP_BONUS","is_daily":false,"chose_seed":false,"campfire_upgraded":2,"win_rate":0.0,"timestamp":1613858289,"path_taken":["M","M","M","?","$","R","E","?","T","M","R","M","E","M","R","BOSS"],"items_purchased_type":[],"build_version":"2020-12-22","purchased_purges":1,"victory":false,"max_hp_per_floor":[78,78,78,78,78,78,78,78,78,78,78,78,78,78,78,78,78],"relic_stats":{"counters":[10,46],"Bronze Scales":[72],"obtain_stats":[{"Bronze Scales":7,"Cracked Core":0,"Toy Ornithopter":13},{"Bronze Scales":5,"Cracked Core":0,"Toy Ornithopter":8},{"Bronze Scales":19,"Cracked Core":0,"Toy Ornithopter":31}],"Toy Ornithopter":5},"card_choices":[{"not_picked":["Lockon","Barrage"],"picked":"Cold Snap","floor":1.0},{"not_picked":["Steam","Stack"],"picked":"Coolheaded","floor":2.0},{"not_picked":["Storm","Cold Snap"],"picked":"Streamline","floor":3.0},{"not_picked":["Ball Lightning","Creative AI"],"picked":"Self Repair","floor":4.0},{"not_picked":["Rebound","Redo"],"picked":"Turbo","floor":7.0},{"not_picked":["Conserve Battery","Go for the Eyes"],"picked":"Auto Shields","floor":10.0},{"not_picked":["Double Energy","Turbo"],"picked":"Leap","floor":12.0},{"not_picked":["Sunder","Undo"],"picked":"Defragment","floor":13.0},{"not_picked":["Ball Lightning","Auto Shields"],"picked":"FTL","floor":14}],"player_experience":2321781,"relics_obtained":[{"floor":7.0,"key":"Bronze Scales"},{"floor":13.0,"key":"Toy Ornithopter"}],"event_choices":[{"damage_healed":0.0,"max_hp_gain":0.0,"max_hp_loss":0.0,"gold_gain":65.0,"event_name":"Golden Wing","player_choice":"Gained Gold","floor":8.0,"gold_loss":0.0,"damage_taken":0.0}],"is_beta":false,"boss_relics":[],"items_purged_floors":[5],"is_endless":false,"potions_floor_spawned":[1,2,10,12,14],"killed_by":"Slime Boss","ascension_level":20}}