{"host":"s924z949m5wc23z2","time":1613826432,"event":{"mods":["100% Spire Juice","ATMod(∞¢Ë™Mod)","Act Like it!","Arknights","Ascension Reborn","BaseMod","Colored Map","Colored Powertips","Conspire","Downfall","Good Game Mod","Lobotomy","LobotomyExtend","Luminous","Marisa£®ÏF”Í°°ƒß¿Ì…≥£©","Minty Spire (QoL Compilation)","MostiFishMod","Reimu£®≤©¿ˆ¡È√Œ£©","Relic Stats","Reliquary","Replay The Spire","Spicy Shops","StSLib","WarShipGirlsR/’ΩΩ¢…Ÿ≈ÆR mod","Yakumo Yukari mod","Youmu£®ªÍ∆«—˝√Œ£©","Yuyuko","noobMod"],"gold_per_floor":[113,10,85,104,104,104,104,130,200,200,200,232,246,256,256,360,360,380,16,50,149,149,175,189,209,235,235,286,318,329,329,329,431,431,443,443,477,528,542,573,573,604,654,673,692,718,718,10,10,10,10,10,10,10,41,41],"floor_reached":57,"language":"ZHS","playtime":5122,"items_purged":[],"score":1839,"play_id":"c3c0633c-18dd-4213-a2a8-664d25d49ed4","local_time":"20210220220712","is_ascension_mode":true,"campfire_choices":[{"data":"AT_ThunderBolt","floor":6,"key":"SMITH"},{"floor":15,"key":"RECALL"},{"data":"Echo Form","floor":32,"key":"SMITH"},{"data":"Capacitor","floor":41,"key":"SMITH"},{"data":"AT_ThreeBodyProblem","floor":47,"key":"SMITH"},{"data":"Loop","floor":49,"key":"SMITH"},{"data":"Dualcast","floor":53,"key":"SMITH"}],"circlet_count":0,"master_deck":["Strike_B","Strike_B","Strike_B","Strike_B","Defend_B","Defend_B","Defend_B","Defend_B","Zap","Dualcast+1","AT_ThunderBolt+1","sneckomod:Unknown3Cost+1","BodiesMountain","BasicCrystalCard+1","Compile Driver+1","Go for the Eyes","Glacier+1","MHz","MostiFishMod:GatherIntelligence+1","Parasite","Parasite","Parasite","Parasite","Parasite","Parasite","Parasite","Parasite","Parasite","Parasite","Parasite","ReplaySolidLightProjector+1","BasicCrystalCard+1","Scarecrow","AT_ThreeBodyProblem+1","Echo Form+1","Loop+1","Injury","SpiderBud","Redo+1","Capacitor+1","ReplayTheSpireMod:Dual Polarity+1","Mirror Shield+1","Compile Driver","NothingThere","Fission+1","ReplayRNGCard+1","Sweeping Beam+1","SingingMachine","MostiFishMod:GatherIntelligence+1","Mercenary","ReplayTheSpireMod:Reroute Power+1","Ball Lightning","BlueStar","Barrage","MostiFishMod:Exploitation+1","AT_StudyProgram+1","AT_EMC2+1","Apotheosis+1","LaLuna","AT_WaterDrop"],"relics":["Cracked Core","AT_ATBox","ice","REME:ComplimentaryCards","DaveBox","RhineSuit","CogitoBucket","RabbitCall","SynthV:TestCard","LetterFromLob","Pantograph","Toxic Egg 2","Moonlight_r","ShedSkin_r","ShedSkin_r","Gaze_r","Bronze Scales","SkinProphecy","RhineCircuit","AT_SunfireAegis","Replay:Frozen Program","ChiLing","Chi","Ling","Red Mask","Unceasing Top","AspirationHeart","Centennial Puzzle","Ring of Hypnosis","ReplayTheSpireMod:Ring of Exchange","Juzu Bracelet","reliquary:HotPoker","BirthdayGift-Tetrahedron","reliquary:FerryPass","DaCapo","Mummified Hand","reliquary:Boomerang","Whetstone","AT_RedTearstoneRing","reliquary:FingerTrap","AT_LudenTempest","RuthlessExorcism:ReiMu","Replay:Ringing Soul"],"acts_visited":["Exordium","TheCity","TheBeyond","TheEnding"],"potions_floor_usage":[12,35],"damage_taken":[{"damage":17,"enemies":"2 Louse","floor":1,"turns":3},{"damage":12,"enemies":"Small Slimes","floor":4,"turns":3},{"damage":180,"enemies":"Small Slimes","floor":5,"turns":6},{"damage":13,"enemies":"Lagavulin","floor":8,"turns":6},{"damage":7,"enemies":"Jaw Worm","floor":10,"turns":4},{"damage":2,"enemies":"3 Sentries","floor":12,"turns":4},{"damage":0,"enemies":"Jaw Worm","floor":13,"turns":2},{"damage":12,"enemies":"Red Slaver","floor":14,"turns":4},{"damage":4,"enemies":"The Guardian","floor":16,"turns":6},{"damage":3,"enemies":"3 Byrds","floor":18,"turns":3},{"damage":3,"enemies":"Masked Bandits","floor":20,"turns":2},{"damage":3,"enemies":"conspire:Head Lice","floor":23,"turns":3},{"damage":29,"enemies":"Chosen","floor":24,"turns":3},{"damage":0,"enemies":"Snecko","floor":25,"turns":2},{"damage":0,"enemies":"Slavers","floor":29,"turns":2},{"damage":0,"enemies":"Chosen and Byrds","floor":30,"turns":2},{"damage":0,"enemies":"Collector","floor":33,"turns":5},{"damage":4,"enemies":"Orb Walker","floor":35,"turns":4},{"damage":1,"enemies":"conspire:MimicChest","floor":37,"turns":2},{"damage":1,"enemies":"2 Orb Walkers","floor":38,"turns":2},{"damage":0,"enemies":"3 Darklings","floor":39,"turns":1},{"damage":0,"enemies":"R_Hoarder","floor":40,"turns":3},{"damage":0,"enemies":"Reptomancer","floor":42,"turns":2},{"damage":1,"enemies":"4 Shapes","floor":44,"turns":1},{"damage":0,"enemies":"Writhing Mass","floor":45,"turns":3},{"damage":4,"enemies":"Donu and Deca","floor":50,"turns":3},{"damage":0,"enemies":"Shield and Spear","floor":55,"turns":3},{"damage":0,"enemies":"The Heart","floor":56,"turns":5}],"seed_played":"-493347913222869070","potions_obtained":[{"floor":4,"key":"GamblersBrew"},{"floor":8,"key":"Fire Potion"},{"floor":13,"key":"EssenceOfSteel"},{"floor":16,"key":"Dexterity Potion"},{"floor":37,"key":"GamblersBrew"}],"is_trial":false,"path_per_floor":["M","$","?","M","?","R","?","E","T","M","?","E","M","M","R","B",null,"M","$","?","?","?","E","M","M","T","?","T","E","M","?","R","B",null,"M","?","?","?","M","E","R","E","T","M","M","T","R","$","R","B",null,null,"R","$","E","B",null],"character_chosen":"DEFECT","items_purchased":["Compile Driver","Go for the Eyes","AT_SunfireAegis","Replay:Frozen Program","ChiLing","reliquary:FingerTrap","AT_LudenTempest","RuthlessExorcism:ReiMu","Apotheosis+1"],"campfire_rested":0,"item_purchase_floors":[2,2,19,19,19,48,48,48,48],"current_hp_per_floor":[58,58,47,35,296,296,296,284,284,318,318,317,317,305,305,332,379,382,382,382,382,382,389,367,373,373,373,373,381,382,382,382,434,434,446,446,448,451,451,456,456,458,458,461,465,465,465,465,465,471,471,471,471,471,479,520],"gold":41,"neow_bonus":"","is_daily":false,"chose_seed":false,"campfire_upgraded":6,"win_rate":0.0,"timestamp":1613826432,"path_taken":["M","$","?","M","?","R","?","E","T","M","?","E","?","M","R","BOSS","M","$","?","?","?","E","M","M","T","?","?","E","M","?","R","BOSS","M","?","?","?","M","E","R","E","T","M","M","?","R","$","R","BOSS","R","$","E","BOSS"],"items_purchased_type":["Card","Card","Relic","Relic","Relic","Relic","Relic","Relic","Card"],"build_version":"2020-12-22","purchased_purges":0,"victory":true,"max_hp_per_floor":[75,75,75,75,328,328,328,331,331,358,358,361,361,369,369,379,379,393,393,395,395,395,397,420,422,422,422,422,427,431,431,431,434,434,446,446,448,451,453,456,456,458,458,461,465,465,465,465,465,471,471,471,471,471,479,521],"relic_stats":{"Centennial Puzzle":[12],"counters":[31,91],"Mummified Hand":[15],"Pantograph":62,"Bronze Scales":[175],"Juzu Bracelet":1,"Whetstone":["Compile Driver","Sweeping Beam"],"obtain_stats":[{"RabbitCall":0,"ReplayTheSpireMod:Ring of Exchange":27,"AT_ATBox":0,"reliquary:Boomerang":42,"DaveBox":0,"Chi":19,"RhineSuit":0,"ice":0,"Juzu Bracelet":28,"Whetstone":43,"SkinProphecy":14,"reliquary:FerryPass":37,"Replay:Ringing Soul":55,"CogitoBucket":0,"Centennial Puzzle":26,"reliquary:HotPoker":29,"Replay:Frozen Program":19,"Mummified Hand":40,"Pantograph":7,"Red Mask":20,"DaCapo":38,"reliquary:FingerTrap":48,"Toxic Egg 2":8,"Cracked Core":0,"BirthdayGift-Tetrahedron":34,"AT_RedTearstoneRing":46,"Ring of Hypnosis":27,"AspirationHeart":24,"Gaze_r":10,"RhineCircuit":17,"Moonlight_r":10,"REME:ComplimentaryCards":0,"Ling":19,"AT_LudenTempest":48,"SynthV:TestCard":1,"Bronze Scales":12,"LetterFromLob":1,"AT_SunfireAegis":19,"ShedSkin_r":10,"Unceasing Top":23,"ChiLing":19,"RuthlessExorcism:ReiMu":48},{"RabbitCall":0,"ReplayTheSpireMod:Ring of Exchange":16,"AT_ATBox":0,"reliquary:Boomerang":26,"DaveBox":0,"Chi":11,"RhineSuit":0,"ice":0,"Juzu Bracelet":16,"Whetstone":26,"SkinProphecy":9,"reliquary:FerryPass":22,"Replay:Ringing Soul":30,"CogitoBucket":0,"Centennial Puzzle":16,"reliquary:HotPoker":17,"Replay:Frozen Program":11,"Mummified Hand":25,"Pantograph":3,"Red Mask":12,"DaCapo":23,"reliquary:FingerTrap":28,"Toxic Egg 2":4,"Cracked Core":0,"BirthdayGift-Tetrahedron":19,"AT_RedTearstoneRing":28,"Ring of Hypnosis":16,"AspirationHeart":15,"Gaze_r":5,"RhineCircuit":10,"Moonlight_r":4,"REME:ComplimentaryCards":0,"Ling":11,"AT_LudenTempest":28,"SynthV:TestCard":1,"Bronze Scales":6,"LetterFromLob":1,"AT_SunfireAegis":11,"ShedSkin_r":4,"Unceasing Top":13,"ChiLing":11,"RuthlessExorcism:ReiMu":28},{"RabbitCall":0,"ReplayTheSpireMod:Ring of Exchange":52,"AT_ATBox":0,"reliquary:Boomerang":76,"DaveBox":0,"Chi":41,"RhineSuit":0,"ice":0,"Juzu Bracelet":52,"Whetstone":76,"SkinProphecy":32,"reliquary:FerryPass":68,"Replay:Ringing Soul":86,"CogitoBucket":0,"Centennial Puzzle":52,"reliquary:HotPoker":54,"Replay:Frozen Program":41,"Mummified Hand":74,"Pantograph":12,"Red Mask":43,"DaCapo":70,"reliquary:FingerTrap":80,"Toxic Egg 2":18,"Cracked Core":0,"BirthdayGift-Tetrahedron":61,"AT_RedTearstoneRing":80,"Ring of Hypnosis":52,"AspirationHeart":50,"Gaze_r":22,"RhineCircuit":38,"Moonlight_r":18,"REME:ComplimentaryCards":0,"Ling":41,"AT_LudenTempest":80,"SynthV:TestCard":3,"Bronze Scales":26,"LetterFromLob":3,"AT_SunfireAegis":41,"ShedSkin_r":18,"Unceasing Top":46,"ChiLing":41,"RuthlessExorcism:ReiMu":80}],"Unceasing Top":[0]},"card_choices":[{"not_picked":["CrumblingArmor","CherryBlossoms","Murderer"],"picked":"Singing Bowl","floor":1},{"not_picked":["FieryBird","BeautyBeast"],"picked":"BodiesMountain","floor":1},{"not_picked":["Ball Lightning","AT_RobotInSpace"],"picked":"BasicCrystalCard","floor":1},{"not_picked":["CherryBlossoms","Murderer","Scorched"],"picked":"Singing Bowl","floor":4},{"not_picked":["Rebound","Cold Snap","Compile Driver","Panic Button"],"picked":"Glacier","floor":4},{"not_picked":["CrumblingArmor","ShyLook","Scorched"],"picked":"Singing Bowl","floor":8},{"not_picked":["CherryBlossoms","Mercenary"],"picked":"MHz","floor":8},{"not_picked":["Glacier+1","Auto Shields+1","Melter","AT_HeatAcrobatics+1"],"picked":"MostiFishMod:GatherIntelligence+1","floor":8},{"not_picked":["WhitesApple","OSAHOGD","LaLuna"],"picked":"Singing Bowl","floor":12},{"not_picked":["ReplayTheSpireMod:Repulse+1","Hologram+1","Gash","Self Repair"],"picked":"ReplaySolidLightProjector+1","floor":12},{"not_picked":["QueenBee","OSAHOGD","CrumblingArmor"],"picked":"Singing Bowl","floor":13},{"not_picked":["Panic Button+1","Auto Shields+1","ReplaySolidLightProjector+1","Sweeping Beam"],"picked":"BasicCrystalCard+1","floor":13},{"not_picked":["OSAHOGD","WallGazer"],"picked":"Scarecrow","floor":14},{"not_picked":["Hologram+1","Streamline","Beam Cell","Ball Lightning"],"picked":"AT_ThreeBodyProblem","floor":14},{"not_picked":["NakedNest","BeautyBeast","PunishingBird"],"picked":"Singing Bowl","floor":16},{"not_picked":["ReplayTheSpireMod:Fabricate Wheel+1","Biased Cognition","MostiFishMod:Distribution+1","Seek+1"],"picked":"Echo Form","floor":16},{"not_picked":["Murderer","Yin","WhitesApple"],"picked":"Singing Bowl","floor":18},{"not_picked":["Ball Lightning","Lockon+1","Panic Button+1","MostiFishMod:LinkProtocol+1"],"picked":"Loop","floor":18},{"not_picked":["Rudolta","WallGazer"],"picked":"SpiderBud","floor":20},{"not_picked":["Barrage","AT_ThunderBolt","Leap+1","Conserve Battery+1"],"picked":"Redo+1","floor":20},{"not_picked":["GreedKing","NakedNest","DreamingCurrent"],"picked":"Singing Bowl","floor":23},{"not_picked":["ReplayTheSpireMod:Reroute Power+1","Hologram+1","Steam+1","Barrage"],"picked":"Capacitor","floor":23},{"not_picked":["GalaxyChild","Bloodbath","Murderer"],"picked":"Singing Bowl","floor":24},{"not_picked":["Cold Snap","Defragment","Undo+1","FTL+1"],"picked":"ReplayTheSpireMod:Dual Polarity+1","floor":24},{"not_picked":["GreedKing","WhitesApple","PunishingBird"],"picked":"Singing Bowl","floor":25},{"not_picked":["Undo+1","MostiFishMod:PushDownKick","Loop","Panic Button+1"],"picked":"Mirror Shield+1","floor":25},{"not_picked":["MeatLantern","ShyLook","Woodsman"],"picked":"Singing Bowl","floor":29},{"not_picked":["Beam Cell+1","AT_HeatAcrobatics+1","ReplayGash+1","Conserve Battery+1"],"picked":"Compile Driver","floor":29},{"not_picked":["DespairKnight","QueenOfHatred","Bloodbath"],"picked":"Singing Bowl","floor":30},{"not_picked":["UniverseFragment","Rudolta"],"picked":"NothingThere","floor":30},{"not_picked":["Beam Cell","MostiFishMod:FluxCapactior+1","MostiFishMod:PushDownKick+1","Barrage+1"],"picked":"Fission+1","floor":30},{"not_picked":["ShyLook","BeautyBeast","Bloodbath"],"picked":"Singing Bowl","floor":33},{"not_picked":["Electrodynamics","MostiFishMod:Hijack+1","ReplayTheSpireMod:Fabricate Wheel+1","Seek+1"],"picked":"ReplayRNGCard+1","floor":33},{"not_picked":["BigBadWolf","OldLady","RedShoes"],"picked":"Singing Bowl","floor":35},{"not_picked":["MostiFishMod:ReprogramOld+1","Gash","conspire:SharedLibrary+1","Conserve Battery+1"],"picked":"Sweeping Beam","floor":35},{"not_picked":["Scorched","Wellcheers","BigBadWolf"],"picked":"Singing Bowl","floor":37},{"not_picked":["Yin","MeltingLove"],"picked":"SingingMachine","floor":37},{"not_picked":["Scrape+1","Genetic Algorithm+1","Barrage","Chill+1"],"picked":"MostiFishMod:GatherIntelligence+1","floor":37},{"not_picked":["CENSORED","Alriune","WallGazer"],"picked":"Singing Bowl","floor":38},{"not_picked":["CENSORED","CherryBlossoms"],"picked":"Mercenary","floor":38},{"not_picked":["White Noise+1","Coolheaded+1","Force Field+1","BootSequence+1"],"picked":"ReplayTheSpireMod:Reroute Power+1","floor":38},{"not_picked":["BigBird","CrumblingArmor","ShyLook"],"picked":"Singing Bowl","floor":39},{"not_picked":["Streamline+1","Consume+1","Rebound","Steam+1"],"picked":"Ball Lightning","floor":39},{"not_picked":["BeautyBeast","DreamingCurrent","Freischutz"],"picked":"Singing Bowl","floor":40},{"not_picked":["Rudolta","LongBird"],"picked":"BlueStar","floor":40},{"not_picked":["Rip and Tear","Rebound+1","Cold Snap","Stack+1"],"picked":"Barrage","floor":40},{"not_picked":["Murderer","QueenBee","QueenOfHatred"],"picked":"Singing Bowl","floor":42},{"not_picked":["Force Field+1","Reinforced Body+1","Hologram+1","Conserve Battery+1"],"picked":"MostiFishMod:Exploitation+1","floor":42},{"not_picked":["NakedNest","OldLady","RedShoes"],"picked":"Singing Bowl","floor":44},{"not_picked":["Panic Button+1","Go for the Eyes","Rebound","Stack+1"],"picked":"AT_StudyProgram+1","floor":44},{"not_picked":["NakedNest","FairyFestival","RedShoes"],"picked":"Singing Bowl","floor":45},{"not_picked":["MostiFishMod:PushDownKick","Sweeping Beam+1","Cold Snap","Stack+1"],"picked":"AT_EMC2+1","floor":45},{"not_picked":["WhitesApple","QueenBee","RedShoes"],"picked":"Singing Bowl","floor":55},{"not_picked":["WhiteNight","QueenBee"],"picked":"LaLuna","floor":55},{"not_picked":["Fusion+1","MostiFishMod:Overload+1","Barrage+1","BasicCrystalCard+1"],"picked":"AT_WaterDrop","floor":55}],"player_experience":365860,"relics_obtained":[{"floor":1,"key":"SynthV:TestCard"},{"floor":1,"key":"LetterFromLob"},{"floor":8,"key":"Toxic Egg 2"},{"floor":12,"key":"Bronze Scales"},{"floor":20,"key":"Red Mask"},{"floor":23,"key":"Unceasing Top"},{"floor":26,"key":"Centennial Puzzle"},{"floor":27,"key":"Ring of Hypnosis"},{"floor":27,"key":"ReplayTheSpireMod:Ring of Exchange"},{"floor":28,"key":"Juzu Bracelet"},{"floor":29,"key":"reliquary:HotPoker"},{"floor":37,"key":"reliquary:FerryPass"},{"floor":38,"key":"DaCapo"},{"floor":40,"key":"Mummified Hand"},{"floor":42,"key":"reliquary:Boomerang"},{"floor":43,"key":"Whetstone"},{"floor":46,"key":"AT_RedTearstoneRing"},{"floor":55,"key":"Replay:Ringing Soul"}],"event_choices":[{"damage_healed":0,"gold_gain":75,"player_choice":"Gather Gold","damage_taken":11,"max_hp_gain":0,"max_hp_loss":0,"event_name":"World of Goop","floor":3,"gold_loss":0},{"damage_healed":0,"gold_gain":0,"player_choice":"Box","damage_taken":0,"relics_obtained":["Pantograph"],"max_hp_gain":0,"max_hp_loss":0,"event_name":"Big Fish","floor":7,"gold_loss":0,"cards_obtained":["Regret"]},{"damage_healed":0,"gold_gain":0,"player_choice":"Fought Bandits","damage_taken":0,"max_hp_gain":0,"max_hp_loss":0,"event_name":"Masked Bandits","floor":20,"gold_loss":0},{"damage_healed":0,"gold_gain":99,"player_choice":"Stole From Cult","damage_taken":0,"max_hp_gain":0,"max_hp_loss":0,"event_name":"Nest","floor":21,"gold_loss":0},{"damage_healed":0,"gold_gain":0,"player_choice":"Bought 0 Potions","damage_taken":0,"max_hp_gain":0,"max_hp_loss":0,"event_name":"The Woman in Blue","floor":22,"gold_loss":0},{"cards_removed":["Regret"],"damage_healed":0,"gold_gain":0,"player_choice":"Elegance","damage_taken":0,"max_hp_gain":0,"max_hp_loss":0,"event_name":"Back to Basics","floor":31,"gold_loss":0},{"damage_healed":0,"gold_gain":0,"player_choice":"Fight","damage_taken":0,"max_hp_gain":0,"max_hp_loss":0,"event_name":"Mysterious Sphere","floor":38,"gold_loss":0}],"is_beta":false,"boss_relics":[{"not_picked":["Ring of Chaos","Empty Cage"],"picked":"RhineCircuit"},{"not_picked":["Toolbox","reliquary:KinkedSpring"],"picked":"BirthdayGift-Tetrahedron"}],"items_purged_floors":[],"is_endless":false,"potions_floor_spawned":[4,8,13,16,18,29,33,37,39],"ascension_level":1}}