{"host":"i8x3uekhioq8aaet","time":1613824744,"event":{"mods":["AchievementEnabler","BaseMod","Colored Map","Colored Powertips","DeckTracker","Minty Spire (QoL Compilation)","Relic Sorter","StSLib"],"gold_per_floor":[109,4,4,24,24,24,124,142,142,166,196,211,211,231,231,327,327,338,1,1,16,16,16,36,36,81,81,30,30,40,50,50,154,204,215,231,231,246,246,279,279,295,295,306,11,11,28,43,43,43,43],"floor_reached":50,"language":"ZHT","playtime":2317,"items_purged":[],"score":653,"play_id":"a67aa504-05d2-4116-a38b-e5ee86041306","local_time":"20210220203904","is_ascension_mode":true,"campfire_choices":[{"data":"Multi-Cast","floor":6.0,"key":"SMITH"},{"data":"Static Discharge","floor":15.0,"key":"SMITH"},{"data":"Self Repair","floor":23.0,"key":"SMITH"},{"floor":29.0,"key":"REST"},{"floor":32.0,"key":"REST"},{"floor":49.0,"key":"REST"}],"circlet_count":0,"master_deck":["Defend_B","Defend_B+1","Defend_B","Zap","Dualcast","Beam Cell","Go for the Eyes","Self Repair","Conserve Battery","Ball Lightning","Multi-Cast+1","Beam Cell","Lockon","Static Discharge+1","Storm","Echo Form+1","Hologram+1","Electrodynamics+1","Melter","Self Repair+1","Chaos","Hologram+1","Ball Lightning+1","Cold Snap","Thunder Strike","Conserve Battery","Creative AI","Reprogram","Darkness+1","Glacier","Reinforced Body+1","Writhe","Conserve Battery+1","Fusion+1","Stack+1","Steam+1"],"relics":["Cracked Core","Mercury Hourglass","Odd Mushroom","Happy Flower","Astrolabe","Regal Pillow","DollysMirror","DataDisk","Tiny House","Calipers","Orichalcum","Meat on the Bone"],"acts_visited":["Exordium","TheCity","TheBeyond"],"potions_floor_usage":[50,50],"damage_taken":[{"damage":0.0,"enemies":"Cultist","floor":1.0,"turns":3.0},{"damage":2.0,"enemies":"2 Louse","floor":4.0,"turns":2.0},{"damage":0.0,"enemies":"Small Slimes","floor":8.0,"turns":2.0},{"damage":12.0,"enemies":"The Mushroom Lair","floor":10.0,"turns":4.0},{"damage":14.0,"enemies":"Exordium Thugs","floor":12.0,"turns":3.0},{"damage":1.0,"enemies":"2 Fungi Beasts","floor":14.0,"turns":3.0},{"damage":27.0,"enemies":"The Guardian","floor":16.0,"turns":6.0},{"damage":11.0,"enemies":"Shell Parasite","floor":18.0,"turns":4.0},{"damage":6.0,"enemies":"Spheric Guardian","floor":21.0,"turns":3.0},{"damage":30.0,"enemies":"Centurion and Healer","floor":24.0,"turns":4.0},{"damage":36.0,"enemies":"Snake Plant","floor":30.0,"turns":2.0},{"damage":20.0,"enemies":"Shelled Parasite and Fungi","floor":31.0,"turns":3.0},{"damage":17.0,"enemies":"Champ","floor":33.0,"turns":7.0},{"damage":20.0,"enemies":"3 Darklings","floor":35.0,"turns":2.0},{"damage":22.0,"enemies":"Orb Walker","floor":36.0,"turns":3.0},{"damage":29.0,"enemies":"Sphere and 2 Shapes","floor":38.0,"turns":4.0},{"damage":62.0,"enemies":"Nemesis","floor":40.0,"turns":9.0},{"damage":25.0,"enemies":"Spire Growth","floor":42.0,"turns":5.0},{"damage":29.0,"enemies":"Maw","floor":44.0,"turns":7.0},{"damage":39.0,"enemies":"Jaw Worm Horde","floor":47.0,"turns":5.0},{"damage":20.0,"enemies":"Spire Growth","floor":48.0,"turns":4.0},{"damage":103,"enemies":"Awakened One","floor":50,"turns":10}],"seed_played":"-4428708139959777002","potions_obtained":[{"floor":4.0,"key":"Weak Potion"},{"floor":10.0,"key":"FearPotion"},{"floor":12.0,"key":"SpeedPotion"},{"floor":16.0,"key":"BlessingOfTheForge"},{"floor":34.0,"key":"Dexterity Potion"},{"floor":40.0,"key":"SpeedPotion"},{"floor":48.0,"key":"Regen Potion"}],"is_trial":false,"path_per_floor":["M","$","?","M","?","R","?","M","T","?","?","M","T","M","R","B",null,"M","$","?","M","$","R","M","?","T","?","$","R","M","M","R","B",null,"M","M","?","M","?","E","?","M","T","M","$","?","M","M","R","B"],"character_chosen":"DEFECT","items_purchased":["Self Repair","Conserve Battery","Regal Pillow","DollysMirror","Chaos","Cold Snap","Meat on the Bone","Dexterity Potion"],"campfire_rested":3,"item_purchase_floors":[2,2,19,19,19,28,45,45],"current_hp_per_floor":[68,68,73,71,71,71,71,71,71,66,66,59,59,65,65,38,70,66,66,58,66,66,66,63,63,63,48,48,85,49,39,79,72,87,74,52,100,78,78,33,58,43,43,24,24,87,65,52,87,0,0],"gold":43,"neow_bonus":"TRANSFORM_CARD","is_daily":false,"chose_seed":false,"campfire_upgraded":3,"win_rate":0.0,"timestamp":1613824744,"path_taken":["M","$","?","M","?","R","?","?","T","?","?","M","?","M","R","BOSS","M","$","?","M","$","R","?","?","T","?","?","R","?","M","R","BOSS","M","M","?","?","?","E","?","M","T","M","$","?","M","M","R","BOSS"],"items_purchased_type":["Card","Card","Relic","Relic","Card","Card","Relic","Potion"],"build_version":"2020-12-22","purchased_purges":0,"victory":false,"max_hp_per_floor":[75,75,80,80,80,80,80,80,80,80,80,80,80,80,80,80,80,80,80,80,80,80,80,80,80,80,85,85,85,85,85,85,85,90,90,90,100,100,100,100,100,100,100,100,100,87,87,87,87,87,87],"card_choices":[{"not_picked":["Stack","Sweeping Beam"],"picked":"Go for the Eyes","floor":1.0},{"not_picked":["Stack","Hologram"],"picked":"Ball Lightning","floor":4.0},{"not_picked":["Stack","Meteor Strike"],"picked":"Beam Cell","floor":8.0},{"not_picked":["Hologram","Compile Driver"],"picked":"Lockon","floor":10.0},{"not_picked":["BootSequence","Stack"],"picked":"Static Discharge","floor":12.0},{"not_picked":["Double Energy","Stack"],"picked":"Storm","floor":14.0},{"not_picked":["Reboot","Meteor Strike"],"picked":"Electrodynamics","floor":16.0},{"not_picked":["Rebound","Coolheaded"],"picked":"Melter","floor":18.0},{"not_picked":["FTL+1","Force Field"],"picked":"Hologram+1","floor":21.0},{"not_picked":["Turbo","Force Field"],"picked":"Ball Lightning+1","floor":24.0},{"not_picked":["Consume+1","Loop+1"],"picked":"Thunder Strike","floor":30.0},{"not_picked":["Hologram+1","Rip and Tear"],"picked":"Conserve Battery","floor":31.0},{"not_picked":["Amplify","Echo Form"],"picked":"Creative AI","floor":33.0},{"not_picked":["Conserve Battery","Blizzard"],"picked":"Reprogram","floor":34.0},{"not_picked":["Go for the Eyes+1","Gash","Beam Cell"],"picked":"SKIP","floor":35.0},{"not_picked":["Hologram","Scrape+1"],"picked":"Darkness+1","floor":36.0},{"not_picked":["Consume","Gash"],"picked":"Glacier","floor":38.0},{"not_picked":["Conserve Battery","Fission"],"picked":"Reinforced Body+1","floor":40.0},{"not_picked":["BootSequence","Glacier"],"picked":"Conserve Battery+1","floor":42.0},{"not_picked":["Turbo+1","Sweeping Beam+1"],"picked":"Fusion+1","floor":44.0},{"not_picked":["Gash+1","Consume"],"picked":"Stack+1","floor":47.0},{"not_picked":["Reinforced Body+1","Rebound+1"],"picked":"Steam+1","floor":48.0}],"player_experience":343639,"relics_obtained":[{"floor":9.0,"key":"Mercury Hourglass"},{"floor":10.0,"key":"Odd Mushroom"},{"floor":13.0,"key":"Happy Flower"},{"floor":26.0,"key":"DataDisk"},{"floor":40.0,"key":"Calipers"},{"floor":43.0,"key":"Orichalcum"}],"event_choices":[{"damage_healed":0.0,"max_hp_gain":5.0,"max_hp_loss":0.0,"gold_gain":0.0,"event_name":"Big Fish","player_choice":"Donut","floor":3.0,"gold_loss":0.0,"damage_taken":0.0},{"damage_healed":0.0,"max_hp_gain":0.0,"max_hp_loss":0.0,"gold_gain":0.0,"cards_transformed":["Strike_B"],"event_name":"Living Wall","player_choice":"Change","floor":5.0,"gold_loss":0.0,"damage_taken":0.0,"cards_obtained":["Multi-Cast"]},{"damage_healed":0.0,"max_hp_gain":0.0,"max_hp_loss":0.0,"gold_gain":100.0,"event_name":"Golden Shrine","player_choice":"Pray","floor":7.0,"gold_loss":0.0,"damage_taken":0.0},{"damage_healed":0.0,"max_hp_gain":0.0,"max_hp_loss":0.0,"gold_gain":0.0,"event_name":"Mushrooms","player_choice":"Fought Mushrooms","floor":10.0,"gold_loss":0.0,"damage_taken":0.0},{"damage_healed":0.0,"max_hp_gain":0.0,"max_hp_loss":0.0,"gold_gain":30.0,"event_name":"Dead Adventurer","player_choice":"Searched \u00271\u0027 times","floor":11.0,"gold_loss":0.0,"damage_taken":0.0},{"damage_healed":0.0,"max_hp_gain":0.0,"max_hp_loss":0.0,"gold_gain":0.0,"event_name":"Wheel of Change","player_choice":"Damaged","floor":20.0,"gold_loss":0.0,"damage_taken":8.0},{"damage_healed":0.0,"max_hp_gain":0.0,"max_hp_loss":0.0,"gold_gain":0.0,"event_name":"Vampires","player_choice":"Ignored","floor":25.0,"gold_loss":0.0,"damage_taken":0.0},{"damage_healed":0.0,"max_hp_gain":5.0,"max_hp_loss":0.0,"gold_gain":0.0,"event_name":"Forgotten Altar","player_choice":"Shed Blood","floor":27.0,"gold_loss":0.0,"damage_taken":20.0},{"cards_removed":["Electrodynamics"],"damage_healed":38.0,"max_hp_gain":10.0,"max_hp_loss":0.0,"gold_gain":0.0,"event_name":"Bonfire Elementals","player_choice":"Offered Rare","floor":37.0,"gold_loss":0.0,"damage_taken":0.0},{"damage_healed":0.0,"max_hp_gain":0.0,"max_hp_loss":0.0,"gold_gain":0.0,"event_name":"SensoryStone","player_choice":"Memory 1","floor":39.0,"gold_loss":0.0,"damage_taken":0.0},{"damage_healed":25.0,"max_hp_gain":0.0,"max_hp_loss":0.0,"gold_gain":0.0,"event_name":"Winding Halls","player_choice":"Writhe","floor":41.0,"gold_loss":0.0,"damage_taken":0.0,"cards_obtained":["Writhe"]},{"damage_healed":87.0,"max_hp_gain":0.0,"max_hp_loss":13.0,"gold_gain":0.0,"event_name":"The Moai Head","player_choice":"Heal","floor":46.0,"gold_loss":0.0,"damage_taken":0.0}],"is_beta":false,"boss_relics":[{"not_picked":["Calling Bell","Empty Cage"],"picked":"Astrolabe"},{"not_picked":["Snecko Eye","Velvet Choker"],"picked":"Tiny House"}],"items_purged_floors":[],"is_endless":false,"potions_floor_spawned":[4,10,12,16,30,31,36,38,40,48],"killed_by":"Awakened One","ascension_level":6}}