{"host":"xsuxkwaivmtd234a","time":1613835535,"event":{"mods":["BaseMod","Bestiary","Colored Map","Filter the Spire","Minty Spire (QoL Compilation)","Relic Stats","StSLib"],"gold_per_floor":[114,126,76,40,54,54,64,64,64,64,76,101,101,126,126,230,230,244,244,166,183,214,214,233,265,310,310,310,171,191,223,223,223,223],"floor_reached":33,"language":"ENG","playtime":1679,"items_purged":[],"score":440,"play_id":"82b986f4-8bef-4dd8-92c5-d2979c65f8aa","local_time":"20210220103855","is_ascension_mode":true,"campfire_choices":[{"data":"Sunder","floor":6,"key":"SMITH"},{"data":"Zap","floor":8,"key":"SMITH"},{"data":"Coolheaded","floor":10,"key":"SMITH"},{"data":"Hologram","floor":13,"key":"SMITH"},{"data":"Rip and Tear","floor":15,"key":"SMITH"},{"floor":23,"key":"DIG"},{"floor":27,"key":"REST"},{"floor":32,"key":"REST"}],"circlet_count":0,"master_deck":["AscendersBane","Strike_B+1","Strike_B+1","Strike_B+1","Defend_B+1","Defend_B+1","Defend_B+1","Defend_B+1","Zap+1","Dualcast","Hologram+1","Sunder+1","Coolheaded+1","Cold Snap","Rip and Tear+1","Chill","FTL","Meteor Strike","CurseOfTheBell","Cold Snap+1","Glacier","Melter","Ball Lightning+1","White Noise","Go for the Eyes+1","Glacier","Redo","Consume"],"relics":["Nuclear Battery","Vajra","Matryoshka","Regal Pillow","Calling Bell","Tiny Chest","Question Card","Shovel","Red Mask","Anchor","Letter Opener","Oddly Smooth Stone","Bottled Lightning"],"acts_visited":["Exordium","TheCity"],"potions_floor_usage":[12,12,14,14,18,25,25,30,33,33],"damage_taken":[{"damage":0,"enemies":"Jaw Worm","floor":1,"turns":4},{"damage":12,"enemies":"2 Louse","floor":2,"turns":3},{"damage":10,"enemies":"Small Slimes","floor":5,"turns":2},{"damage":0,"enemies":"3 Louse","floor":7,"turns":3},{"damage":9,"enemies":"Exordium Thugs","floor":11,"turns":4},{"damage":6,"enemies":"3 Sentries","floor":12,"turns":7},{"damage":8,"enemies":"Gremlin Nob","floor":14,"turns":3},{"damage":11,"enemies":"Slime Boss","floor":16,"turns":7},{"damage":13,"enemies":"Shell Parasite","floor":18,"turns":4},{"damage":0,"enemies":"3 Byrds","floor":21,"turns":7},{"damage":14,"enemies":"Masked Bandits","floor":22,"turns":5},{"damage":0,"enemies":"Centurion and Healer","floor":24,"turns":7},{"damage":1,"enemies":"Slavers","floor":25,"turns":4},{"damage":5,"enemies":"Snecko","floor":30,"turns":3},{"damage":32,"enemies":"Gremlin Leader","floor":31,"turns":8},{"damage":84,"enemies":"Collector","floor":33,"turns":18}],"seed_played":"-2299186265867911438","potions_obtained":[{"floor":2,"key":"FocusPotion"},{"floor":5,"key":"GamblersBrew"},{"floor":7,"key":"BlessingOfTheForge"},{"floor":12,"key":"ColorlessPotion"},{"floor":16,"key":"SkillPotion"},{"floor":22,"key":"DistilledChaos"},{"floor":24,"key":"AttackPotion"},{"floor":25,"key":"PotionOfCapacity"},{"floor":31,"key":"Regen Potion"}],"is_trial":false,"path_per_floor":["M","M","?","$","M","R","M","R","T","R","M","E","R","E","R","B",null,"M","?","$","M","?","R","M","E","T","R","?","$","M","E","R","B"],"character_chosen":"DEFECT","items_purchased":["Sunder","Glacier","Redo","Consume","Fire Potion"],"campfire_rested":2,"item_purchase_floors":[4,20,29,29,29],"current_hp_per_floor":[68,56,56,56,46,46,46,46,46,46,37,31,31,23,23,12,59,46,46,46,46,32,32,32,31,31,68,68,68,63,31,68,0,0],"gold":223,"neow_bonus":"BOSS_RELIC","is_daily":false,"chose_seed":false,"campfire_upgraded":5,"win_rate":0.0,"timestamp":1613835535,"path_taken":["M","M","?","$","M","R","M","R","T","R","M","E","R","E","R","BOSS","M","?","$","M","?","R","M","E","T","R","?","$","M","E","R","BOSS"],"items_purchased_type":["Card","Card","Card","Card","Potion"],"build_version":"2020-12-22","purchased_purges":0,"victory":false,"max_hp_per_floor":[75,75,75,75,75,75,75,75,75,75,75,75,75,75,75,75,75,75,75,75,75,75,75,75,75,75,75,75,75,75,75,75,75,75],"relic_stats":{"Regal Pillow":30,"Shovel":1,"counters":[16,89],"Tiny Chest":0,"Letter Opener":[61],"Question Card":7,"obtain_stats":[{"Regal Pillow":14,"Vajra":9,"Oddly Smooth Stone":26,"Letter Opener":25,"Question Card":17,"Nuclear Battery":0,"Calling Bell":17,"Anchor":23,"Matryoshka":12,"Shovel":17,"Tiny Chest":17,"Red Mask":22,"Bottled Lightning":31,"Cracked Core":0},{"Regal Pillow":7,"Vajra":4,"Oddly Smooth Stone":13,"Letter Opener":13,"Question Card":8,"Nuclear Battery":0,"Calling Bell":8,"Anchor":11,"Matryoshka":6,"Shovel":8,"Tiny Chest":8,"Red Mask":11,"Bottled Lightning":15,"Cracked Core":0},{"Regal Pillow":26,"Vajra":12,"Oddly Smooth Stone":60,"Letter Opener":60,"Question Card":33,"Nuclear Battery":0,"Calling Bell":33,"Anchor":49,"Matryoshka":23,"Shovel":33,"Tiny Chest":33,"Red Mask":49,"Bottled Lightning":71,"Cracked Core":0}]},"card_choices":[{"not_picked":["Turbo","Reprogram"],"picked":"Hologram","floor":1},{"not_picked":["Rebound","Gash","Reprogram"],"picked":"SKIP","floor":2},{"not_picked":["Scrape","Stack"],"picked":"Coolheaded","floor":5},{"not_picked":["Beam Cell","Coolheaded"],"picked":"Cold Snap","floor":7},{"not_picked":["BootSequence","Streamline"],"picked":"Rip and Tear","floor":11},{"not_picked":["Coolheaded","Leap"],"picked":"Chill","floor":12},{"not_picked":["Redo","Machine Learning"],"picked":"FTL","floor":14},{"not_picked":["Thunder Strike","Reboot"],"picked":"Meteor Strike","floor":16},{"not_picked":["Rip and Tear","Barrage","Rebound"],"picked":"Cold Snap+1","floor":18},{"not_picked":["Double Energy","Steam","Beam Cell"],"picked":"Melter","floor":21},{"not_picked":["Coolheaded","Streamline+1","Rebound"],"picked":"Ball Lightning+1","floor":22},{"not_picked":["Hello World","Cold Snap+1","Amplify"],"picked":"White Noise","floor":24},{"not_picked":["Storm","Rebound+1","Turbo"],"picked":"Go for the Eyes+1","floor":25},{"not_picked":["Genetic Algorithm","Ball Lightning","Coolheaded","Steam"],"picked":"SKIP","floor":30},{"not_picked":["Hologram","Ball Lightning","Barrage","Cold Snap"],"picked":"SKIP","floor":31}],"player_experience":1318177,"relics_obtained":[{"floor":9,"key":"Vajra"},{"floor":12,"key":"Matryoshka"},{"floor":14,"key":"Regal Pillow"},{"floor":17,"key":"Tiny Chest"},{"floor":17,"key":"Question Card"},{"floor":17,"key":"Shovel"},{"floor":22,"key":"Red Mask"},{"floor":23,"key":"Anchor"},{"floor":25,"key":"Letter Opener"},{"floor":26,"key":"Oddly Smooth Stone"},{"floor":31,"key":"Bottled Lightning"}],"event_choices":[{"cards_removed":["Strike_B"],"damage_healed":0,"gold_gain":0,"player_choice":"Card Removal","damage_taken":0,"max_hp_gain":0,"max_hp_loss":0,"event_name":"The Cleric","floor":3,"gold_loss":50},{"damage_healed":0,"gold_gain":0,"player_choice":"Simplicity","damage_taken":0,"max_hp_gain":0,"max_hp_loss":0,"event_name":"Back to Basics","floor":19,"gold_loss":0,"cards_upgraded":["Strike_B","Strike_B","Strike_B","Defend_B","Defend_B","Defend_B","Defend_B"]},{"damage_healed":0,"gold_gain":0,"player_choice":"Fought Bandits","damage_taken":0,"max_hp_gain":0,"max_hp_loss":0,"event_name":"Masked Bandits","floor":22,"gold_loss":0},{"damage_healed":0,"gold_gain":0,"player_choice":"Copied","damage_taken":0,"max_hp_gain":0,"max_hp_loss":0,"event_name":"Duplicator","floor":28,"gold_loss":0,"cards_obtained":["Glacier"]}],"is_beta":false,"boss_relics":[{"not_picked":["Empty Cage","Black Star"],"picked":"Calling Bell"}],"items_purged_floors":[],"is_endless":false,"potions_floor_spawned":[2,5,7,12,16,22,24,25,31],"killed_by":"Collector","ascension_level":10}}