{"host":"k9xnsf2194xpiq3b","time":1613835127,"event":{"mods":["Act Like it!","Arknights","BaseMod","BetterRewards","FruityMod","Hermit","Hero for Fun","Highlight Path","Minty Spire (QoL Compilation)","Replay The Spire","SIMod","Shade Mod","StSLib","The Saiyan"],"gold_per_floor":[116,129,146,156,7,7,32,44,56,126,138,160,200,229,241,349,361,383,395,407,419,431,469,481,525,537,524,33,59,59,77,77,175,175,190,190,206,225,73,105,105,30,57,68,68,78,78,106,106,106,106,106,32,60,60],"floor_reached":56,"language":"ENG","playtime":8784,"items_purged":["Delirium"],"score":1203,"play_id":"19de0107-a610-409e-bdee-dc16e3c65c82","local_time":"20210220163207","is_ascension_mode":false,"campfire_choices":[{"data":"FriendOfNature","floor":6,"key":"SMITH"},{"floor":8,"key":"RECALL"},{"floor":24,"key":"REST"},{"floor":30,"key":"REST"},{"floor":32,"key":"REST"},{"data":"MirrorLake","floor":41,"key":"SMITH"},{"data":"InspirationRecovery","floor":47,"key":"SMITH"},{"data":"Replay:Sssssssssshield","floor":49,"key":"SMITH"},{"data":"BigDeal","floor":52,"key":"SMITH"}],"circlet_count":0,"master_deck":["Strike_AJ","Strike_RR","Strike_RD","Defend_PP","Defend_FS","Defend_AJ","ConcertedEfforts","HarmonyShield","Perfectionism+1","SwiftKick+1","FriendOfNature+1","RunningOfTheLeaves","Magic","FollowTherRainbow","Charge","Laughter","SwiftKick","Celebrities","BigDeal+1","CheerUp","SwiftKick","LadiesDemeanor","HarmonyForm+1","DynamicVision","PinkiePromise+1","Honesty","GemstoneDetection+1","MirrorLake+1","InspirationRecovery+1","Honesty+1","Replay:Sssssssssshield+1","Tornado+1","LadiesDemeanor","HideCarefully+1"],"relics":["The_element_of_harmony","Guide Book","MawBank","Boot","BranchBurnRelic","SacredBark","Omamori","Pet Ghost","Durian","Mercury Hourglass","Celestia","Blue Doll","Replay:Ancient Bell","Replay:Baseball","Eternal Feather","Prayer Wheel","ClockworkSouvenir","Darkstone Periapt","Hyacinth","Potion Belt","Incense Burner"],"acts_visited":["Exordium","TheCity","TheBeyond","TheEnding"],"potions_floor_usage":[7,10,12,16,18,33,33,44,50,50,54],"damage_taken":[{"damage":5,"enemies":"Jaw Worm","floor":1,"turns":4},{"damage":2,"enemies":"2 Louse","floor":2,"turns":3},{"damage":5,"enemies":"Small Slimes","floor":3,"turns":4},{"damage":2,"enemies":"Blue Slaver","floor":4,"turns":6},{"damage":7,"enemies":"Lagavulin","floor":7,"turns":7},{"damage":15,"enemies":"Gremlin Nob","floor":10,"turns":5},{"damage":0,"enemies":"Large Slime","floor":12,"turns":3},{"damage":42,"enemies":"Gremlin Nob","floor":13,"turns":6},{"damage":10,"enemies":"Looter","floor":14,"turns":3},{"damage":13,"enemies":"The Guardian","floor":16,"turns":10},{"damage":7,"enemies":"3 Byrds","floor":18,"turns":6},{"damage":63,"enemies":"Slavers","floor":23,"turns":10},{"damage":59,"enemies":"Gremlin Leader","floor":25,"turns":11},{"damage":19,"enemies":"2 Thieves","floor":27,"turns":5},{"damage":1,"enemies":"Cultist and Chosen","floor":31,"turns":8},{"damage":1,"enemies":"Collector","floor":33,"turns":7},{"damage":20,"enemies":"3 Darklings","floor":35,"turns":3},{"damage":2,"enemies":"3 Shapes","floor":37,"turns":4},{"damage":6,"enemies":"Maw","floor":38,"turns":9},{"damage":32,"enemies":"Reptomancer","floor":40,"turns":6},{"damage":36,"enemies":"Transient","floor":44,"turns":5},{"damage":0,"enemies":"Spire Growth","floor":46,"turns":9},{"damage":50,"enemies":"Giant Head","floor":48,"turns":10},{"damage":33,"enemies":"Time Eater","floor":50,"turns":15},{"damage":63,"enemies":"Shield and Spear","floor":54,"turns":10},{"damage":53,"enemies":"The Heart","floor":55,"turns":14}],"seed_played":"-8999226947898166058","potions_obtained":[{"floor":1,"key":"FearPotion"},{"floor":4,"key":"BlessingOfTheForge"},{"floor":10,"key":"Swift Potion"},{"floor":14,"key":"SkillPotion"},{"floor":16,"key":"LiquidMemories"},{"floor":25,"key":"Block Potion"},{"floor":27,"key":"Venom Potion"},{"floor":37,"key":"EssenceOfSteel"},{"floor":46,"key":"LifebloodPotion"},{"floor":48,"key":"SkillPotion"}],"is_trial":false,"path_per_floor":["M","M","M","M","$","R","E","R","T","?","$","M","E","M","R","B",null,"M","?","?","?","?","E","R","E","T","M","$","T","R","M","R","B",null,"M","?","M","M","$","E","R","$","T","M","?","M","R","E","R","B",null,"R","$","E","B",null],"character_chosen":"TWI_CLASS","items_purchased":["Guide Book","Mercury Hourglass","Celestia","ClockworkSouvenir","LifebloodPotion"],"campfire_rested":3,"item_purchase_floors":[5,28,28,39,53],"current_hp_per_floor":[77,75,75,78,78,78,76,76,76,67,67,72,36,29,29,52,82,81,65,65,87,87,30,56,18,23,4,4,4,31,53,80,92,92,75,75,73,73,73,46,61,61,61,48,48,54,72,65,83,82,92,92,92,45,11],"gold":60,"neow_bonus":"TRANSFORM_CARD","is_daily":false,"chose_seed":false,"campfire_upgraded":5,"win_rate":0.0,"timestamp":1613835127,"path_taken":["M","M","M","M","$","R","E","R","T","?","$","M","E","M","R","BOSS","M","?","?","?","?","E","R","E","T","M","?","?","R","M","R","BOSS","M","?","?","M","$","E","R","?","T","M","?","M","R","E","R","BOSS","R","$","E","BOSS"],"items_purchased_type":["Relic","Relic","Relic","Relic","Potion"],"build_version":"2020-12-22","purchased_purges":1,"victory":true,"max_hp_per_floor":[82,82,82,82,82,82,82,82,82,82,82,82,82,82,82,82,82,82,87,87,87,87,87,87,87,92,92,92,92,92,92,92,92,92,92,92,92,92,92,92,92,92,92,92,92,92,92,92,92,92,92,92,92,92,92],"card_choices":[{"not_picked":["TwentyPercentcooler"],"picked":"SwiftKick","floor":1},{"not_picked":["ServeMeal","RushToSky"],"picked":"SKIP","floor":1},{"not_picked":["Smile"],"picked":"FriendOfNature","floor":2},{"not_picked":["Lasso"],"picked":"RunningOfTheLeaves","floor":2},{"not_picked":["Dear_Princess"],"picked":"Magic","floor":3},{"not_picked":["RashStunts"],"picked":"FollowTherRainbow","floor":3},{"not_picked":["Yay"],"picked":"Charge","floor":4},{"not_picked":["AppleFeast"],"picked":"Laughter","floor":4},{"not_picked":["ThrowingApples"],"picked":"SwiftKick","floor":7},{"not_picked":["ThrowingApples","ThunderCloud"],"picked":"SKIP","floor":7},{"not_picked":["Whining"],"picked":"Celebrities","floor":10},{"not_picked":["Return_To_Past"],"picked":"BigDeal","floor":12},{"not_picked":["TenInstruments","Magic_Beam"],"picked":"SKIP","floor":12},{"not_picked":["ReinventMyself","ThrowingApples"],"picked":"SKIP","floor":13},{"not_picked":["AppleFeast","HideCarefully"],"picked":"SKIP","floor":13},{"not_picked":["AlloutStrike"],"picked":"CheerUp","floor":14},{"not_picked":["Return_To_Past","ISayNo"],"picked":"SKIP","floor":14},{"not_picked":["SonicRainbow"],"picked":"LadiesDemeanor","floor":16},{"not_picked":["LoveMe"],"picked":"HarmonyForm","floor":16},{"not_picked":["ThunderCloud"],"picked":"DynamicVision","floor":18},{"not_picked":["Anxiousness","Yay"],"picked":"SKIP","floor":18},{"not_picked":["Mischief+1","Dear_Princess"],"picked":"SKIP","floor":23},{"not_picked":["ThunderCloud","ThrowingApples"],"picked":"SKIP","floor":23},{"not_picked":["ISayNo","Harmanyblast"],"picked":"SKIP","floor":25},{"not_picked":["AlloutStrike","Lasso"],"picked":"SKIP","floor":25},{"not_picked":["Whining","DynamicVision"],"picked":"SKIP","floor":27},{"not_picked":["BehindTheScene","ServeMeal"],"picked":"SKIP","floor":27},{"not_picked":["RashStunts"],"picked":"PinkiePromise+1","floor":31},{"not_picked":["Whining","KillingWithKindness"],"picked":"SKIP","floor":31},{"not_picked":["Delirium"],"picked":"Sickly","floor":34},{"not_picked":["ReplayTheSpireMod:Splinters"],"picked":"Injury","floor":34},{"not_picked":["Amnesia"],"picked":"Delirium","floor":34},{"not_picked":["CleanLibrary"],"picked":"Honesty","floor":35},{"not_picked":["TwentyPercentcooler","TenInstruments+1"],"picked":"SKIP","floor":35},{"not_picked":["Lasso","Winterwrapup"],"picked":"SKIP","floor":35},{"not_picked":["Charge+1","Yay"],"picked":"SKIP","floor":37},{"not_picked":["ServeMeal","Charge+1"],"picked":"SKIP","floor":37},{"not_picked":["AppleFeast+1","RushToSky"],"picked":"SKIP","floor":37},{"not_picked":["ThunderCloud"],"picked":"GemstoneDetection+1","floor":38},{"not_picked":["AppleFeast"],"picked":"MirrorLake","floor":38},{"not_picked":["GemstoneDetection","Yay+1"],"picked":"SKIP","floor":38},{"not_picked":["RashStunts+1","PartyAlone+1"],"picked":"SKIP","floor":40},{"not_picked":["RashStunts","Louder+1"],"picked":"SKIP","floor":40},{"not_picked":["ServeMeal+1"],"picked":"InspirationRecovery","floor":44},{"not_picked":["TenInstruments+1"],"picked":"Honesty+1","floor":44},{"not_picked":["RunningOfTheLeaves","Magictrain"],"picked":"SKIP","floor":44},{"not_picked":["Enlightenment"],"picked":"Replay:Sssssssssshield","floor":45},{"not_picked":["AppleFeast+1"],"picked":"Tornado+1","floor":46},{"not_picked":["DynamicVision","PartyTime+1"],"picked":"SKIP","floor":46},{"not_picked":["Magictrain+1","PartyCana"],"picked":"SKIP","floor":46},{"not_picked":["CheerUp+1"],"picked":"LadiesDemeanor","floor":48},{"not_picked":["AppleFever","ThrowingApples+1"],"picked":"SKIP","floor":48},{"not_picked":["PartyAlone"],"picked":"HideCarefully+1","floor":54},{"not_picked":["Honesty+1","ServeMeal"],"picked":"SKIP","floor":54}],"player_experience":351362,"relics_obtained":[{"floor":7,"key":"MawBank"},{"floor":10,"key":"Dead Branch"},{"floor":13,"key":"Boot"},{"floor":23,"key":"Omamori"},{"floor":25,"key":"Pet Ghost"},{"floor":26,"key":"Durian"},{"floor":29,"key":"Blue Doll"},{"floor":40,"key":"Darkstone Periapt"},{"floor":43,"key":"Hyacinth"},{"floor":48,"key":"Potion Belt"},{"floor":54,"key":"Incense Burner"}],"event_choices":[{"damage_healed":0,"gold_gain":30,"player_choice":"Searched \u00272\u0027 times","damage_taken":0,"max_hp_gain":0,"max_hp_loss":0,"event_name":"Dead Adventurer","floor":10,"gold_loss":0},{"damage_healed":0,"gold_gain":0,"player_choice":"Shed Blood","damage_taken":21,"max_hp_gain":5,"max_hp_loss":0,"event_name":"Forgotten Altar","floor":19,"gold_loss":0},{"damage_healed":29,"gold_gain":0,"player_choice":"Heal","damage_taken":0,"max_hp_gain":0,"max_hp_loss":0,"event_name":"The Library","floor":21,"gold_loss":0},{"damage_healed":0,"gold_gain":0,"player_choice":"Ignored","damage_taken":0,"max_hp_gain":0,"max_hp_loss":0,"event_name":"The Mausoleum","floor":22,"gold_loss":0},{"damage_healed":0,"gold_gain":0,"player_choice":"Upgraded","damage_taken":0,"max_hp_gain":0,"max_hp_loss":0,"event_name":"Upgrade Shrine","floor":36,"gold_loss":0,"cards_upgraded":["HarmonyForm"]},{"damage_healed":0,"gold_gain":0,"player_choice":"Memory 1","damage_taken":0,"max_hp_gain":0,"max_hp_loss":0,"event_name":"SensoryStone","floor":45,"gold_loss":0}],"is_beta":false,"boss_relics":[{"not_picked":["ReplayTheSpireMod:DimensionalGlitch","Replay:Wanted Poster"],"picked":"SacredBark"},{"not_picked":["Replay:Grab Bag","ChewingGum"],"picked":"Replay:Ancient Bell"},{"not_picked":["ReplayTheSpireMod:TigerMarble","Boneless"],"picked":"Replay:Baseball"},{"not_picked":["HornCleat","Replay:WaspNest"],"picked":"Eternal Feather"},{"not_picked":["Du-Vu Doll","Shovel"],"picked":"Prayer Wheel"}],"items_purged_floors":[42],"is_endless":false,"potions_floor_spawned":[1,4,10,14,16,25,27,37,46,48],"ascension_level":0}}