{"host":"udyc8f81k2jocuhg","time":1613829906,"event":{"mods":["2.2 Compatiblity","BaseMod","Better Third Choice","Colored Powertips","Conspire","Custom Start","GifTheSpireLib","Hermit","Minty Spire (QoL Compilation)","Permanent Neow","Quick Restart","Relic Filter","Relic Stats","Replay The Spire","Shop Mod","Spikes Relics","StSLib","Stuff the Spire"],"gold_per_floor":[109,126,140,151,76,106,106,106,106],"floor_reached":8,"language":"ENG","playtime":238,"items_purged":["Strike_G"],"score":116,"play_id":"419ec5cf-45b8-410c-8978-ddfbb2b92eca","local_time":"20210220150506","is_ascension_mode":true,"campfire_choices":[{"data":"Zap","floor":7,"key":"SMITH"}],"circlet_count":0,"master_deck":["AscendersBane","Strike_B","Strike_B","Strike_B","Strike_B","Defend_B","Defend_B","Defend_B","Defend_B","Zap+1","Dualcast","Dualcast","Ball Lightning","Cold Snap","Conserve Battery","Undo"],"relics":["Cracked Core","CrustySpines","BlackRope"],"acts_visited":["Exordium"],"potions_floor_usage":[8],"damage_taken":[{"damage":10,"enemies":"Small Slimes","floor":1,"turns":3},{"damage":0,"enemies":"2 Louse","floor":2,"turns":2},{"damage":2,"enemies":"Jaw Worm","floor":3,"turns":3},{"damage":14,"enemies":"Exordium Wildlife","floor":4,"turns":3},{"damage":18,"enemies":"Lagavulin","floor":6,"turns":6},{"damage":20,"enemies":"3 Sentries","floor":8,"turns":5}],"seed_played":"-1489619003639694590","potions_obtained":[{"floor":2,"key":"Strength Potion"},{"floor":4,"key":"Swift Potion"},{"floor":6,"key":"GamblersBrew"}],"is_trial":false,"path_per_floor":["M","M","M","M","$","E","R","E"],"character_chosen":"DEFECT","items_purchased":[],"campfire_rested":0,"item_purchase_floors":[],"current_hp_per_floor":[54,54,52,38,38,20,20,0,0],"gold":106,"neow_bonus":"ONE_RARE_RELIC","is_daily":false,"chose_seed":false,"campfire_upgraded":1,"win_rate":0.0,"timestamp":1613829906,"path_taken":["M","M","M","M","$","E","R","E"],"items_purchased_type":[],"build_version":"2020-12-22","purchased_purges":1,"victory":false,"max_hp_per_floor":[71,71,71,71,71,71,71,71,71],"relic_stats":{"counters":[6,22],"obtain_stats":[{"BlackRope":6,"Cracked Core":0,"CrustySpines":0},{"BlackRope":5,"Cracked Core":0,"CrustySpines":0},{"BlackRope":17,"Cracked Core":0,"CrustySpines":0}]},"card_choices":[{"not_picked":["Sweeping Beam","Coolheaded"],"picked":"Ball Lightning","floor":1},{"not_picked":["Doom and Gloom","Turbo"],"picked":"Cold Snap","floor":2},{"not_picked":["conspire:Rain","Stack"],"picked":"Conserve Battery","floor":3},{"not_picked":["Streamline","Stack"],"picked":"Undo","floor":4},{"not_picked":["Beam Cell","StuffTheSpire:ShieldGenerator","StuffTheSpire:ForEach"],"picked":"SKIP","floor":6}],"player_experience":2043821,"relics_obtained":[{"floor":6,"key":"BlackRope"}],"event_choices":[],"is_beta":false,"boss_relics":[],"items_purged_floors":[5],"is_endless":false,"potions_floor_spawned":[2,4,6],"killed_by":"3 Sentries","ascension_level":20}}