{"host":"b1k9tvirjqaexfiq","time":1613803603,"event":{"mods":["AchievementEnabler","Act Like it!","BaseMod","Bestiary","Better Third Choice","BetterRewards","Bossed Relics","CapriCore","Colored Powertips","Conspire","Curses Come First","Energized Spire","Filter the Spire","Highlight Path","Hubris","Infinite Spire","Luminous","Marisa????????","Marked Mod","Minty Spire (QoL Compilation)","Permanent Neow","Quick Restart","Rare Cards Sparkle","Reliquary","Replay The Spire","Ruina","Shop Mod","StSLib","The Animator","The Bug Knight","The Cursed","The Immortal","The Marked","The Servant 0.9.4","Together in Spire","Waifu the Spire","??????REMEMod"],"gold_per_floor":[115,126,141,141,180,180,180],"floor_reached":6,"language":"ENG","playtime":307,"items_purged":[],"score":42,"play_id":"b714af24-ec1d-40b4-a89e-457ca120e425","local_time":"20210220004643","is_ascension_mode":true,"campfire_choices":[],"circlet_count":0,"master_deck":["Strike_G","Strike_G","Strike_G","Strike_G","Strike_G","Defend_G","Defend_G","Defend_G","Defend_G","Defend_G","Survivor","Neutralize","Transmutation","conspire:Banana","Footwork","Backstab","ReplayTheSpireMod:Scrap Shanks","Dagger Spray"],"relics":["Ring of the Snake","REME_ComplimentaryCards","Membership Card"],"acts_visited":["Exordium"],"potions_floor_usage":[6],"damage_taken":[{"damage":12,"enemies":"Small Slimes","floor":1,"turns":5},{"damage":0,"enemies":"2 Louse","floor":2,"turns":3},{"damage":1,"enemies":"Cultist","floor":3,"turns":4},{"damage":7,"enemies":"2 Fungi Beasts","floor":5,"turns":3},{"damage":58,"enemies":"Gremlin Nob","floor":6,"turns":6}],"seed_played":"-1363928262956411459","potions_obtained":[{"floor":1,"key":"Weak Potion"},{"floor":2,"key":"Dexterity Potion"}],"is_trial":false,"path_per_floor":["M","M","M","?","M","E"],"character_chosen":"THE_SILENT","items_purchased":["conspire:Banana","Membership Card","Footwork"],"campfire_rested":0,"item_purchase_floors":[0,0,0],"current_hp_per_floor":[51,52,52,52,46,0,0],"gold":180,"neow_bonus":"","is_daily":false,"chose_seed":false,"campfire_upgraded":0,"win_rate":0.0,"timestamp":1613803603,"path_taken":["M","M","M","?","M","E"],"items_purchased_type":["Card","Relic","Card"],"build_version":"2020-12-22","purchased_purges":0,"victory":false,"max_hp_per_floor":[71,72,73,73,74,75,75],"card_choices":[{"not_picked":["Distraction","Hidden Blade"],"picked":"Backstab","floor":1},{"not_picked":["Poisoned Stab","Deflect"],"picked":"ReplayTheSpireMod:Scrap Shanks","floor":2},{"not_picked":["Sucker Punch","Slice"],"picked":"Dagger Spray","floor":3},{"not_picked":["Deadly Poison","Blade Dance","Venomology"],"picked":"SKIP","floor":5}],"player_experience":91379,"relics_obtained":[],"event_choices":[{"damage_healed":0,"gold_gain":0,"player_choice":"Ignored","damage_taken":141,"max_hp_gain":0,"max_hp_loss":0,"event_name":"betterThird:BetterSerpent","floor":4,"gold_loss":0}],"is_beta":false,"boss_relics":[],"items_purged_floors":[],"is_endless":false,"potions_floor_spawned":[1,2],"killed_by":"Gremlin Nob","ascension_level":2}}