{"host":"6fh0uvaoh3e0g6do","time":1613843620,"event":{"mods":["AchievementEnabler","BaseMod","BetterRewards","Colored Map","Colored Powertips","Highlight Path","Hubris","Infinite Spire","Minty Spire (QoL Compilation)","Quick Restart","Replay The Spire","StSLib"],"gold_per_floor":[115,115,80,80,80,80,111,111,162,189,204,53,64,127,127,232,232,342,342,357,103,121,121,139,139,139,139,139,139,174,194,194,304,304,336,377,416,24,24,24,60,60,85,109,178,25,60,79,79,187,187,216,216,246,276,296,296,333,333,333,378,378,418,453,453,453,486,486,609,609,653,653,23,31,31,54,54,76,76,76,76,88,92,106,106,195,245,268,119,169,195,216,250,250,0,0,42,42,65,65,121,121,219,219,246,282,318,351,351,399,399,457,506,51,95,112,112,112,112,230,230,262,292,292,292,292,348,348,172,172,224,224,255,232,265,265,386,386,426,473,373,416,459,505,571,621,669,735,812,812,885,982,982,1163,1163,1163,408,465,600],"floor_reached":160,"language":"ENG","playtime":7109,"items_purged":[],"score":6403,"play_id":"f5b3e0ed-d7fb-4c4d-98bc-8cc5eafacc06","local_time":"20210220105340","is_ascension_mode":true,"campfire_choices":[{"data":"infinitespire:OneForAll","floor":6.0,"key":"SMITH"},{"floor":8.0,"key":"REST"},{"floor":15.0,"key":"REST"},{"data":"Limit Break","floor":23.0,"key":"SMITH"},{"data":"infinitespire:Oblivion","floor":28.0,"key":"SMITH"},{"floor":32.0,"key":"DIG"},{"data":"Perfected Strike","floor":40.0,"key":"SMITH"},{"data":"Inflame","floor":42.0,"key":"SMITH"},{"data":"hubris:InfiniteBlow","floor":57.0,"key":"SMITH"},{"data":"Inflame","floor":59.0,"key":"SMITH"},{"data":"hubris:InfiniteBlow+1","floor":62.0,"key":"SMITH"},{"floor":68.0,"key":"DIG"},{"data":"hubris:InfiniteBlow+2","floor":77.0,"key":"SMITH"},{"data":"Feed","floor":80.0,"key":"SMITH"},{"data":"Armaments","floor":85.0,"key":"SMITH"},{"data":"Armaments","floor":94.0,"key":"SMITH"},{"data":"Demonic Infusion","floor":100.0,"key":"SMITH"},{"floor":102.0,"key":"DIG"},{"data":"hubris:InfiniteBlow+6","floor":117,"key":"SMITH"},{"data":"hubris:InfiniteBlow+7","floor":119,"key":"SMITH"},{"data":"Double Tap","floor":128,"key":"SMITH"},{"data":"hubris:InfiniteBlow+8","floor":132,"key":"SMITH"},{"data":"hubris:InfiniteBlow+9","floor":136,"key":"SMITH"},{"data":"hubris:InfiniteBlow+10","floor":150,"key":"SMITH"},{"data":"infinitespire:OneForAll","floor":153,"key":"SMITH"},{"data":"hubris:InfiniteBlow+11","floor":156,"key":"SMITH"}],"circlet_count":0,"master_deck":["Strike_R","Strike_R","Strike_R","Strike_R","Defend_R","Defend_R","Defend_R","Bash","Twin Strike","Dual Wield","infinitespire:OneForAll+1","Exhume+1","Pommel Strike","Double Tap+1","Perfected Strike+1","Limit Break+1","Inflame+1","Heavy Blade","Shockwave+1","Twin Strike+1","ReplayTheSpireMod:Echoes of Time+1","infinitespire:Oblivion+1","infinitespire:OneForAll","Life Link","Exhume+1","Sword Boomerang+1","Armaments+1","Pommel Strike","Inflame+1","Inflame+1","Bandage Up+1","infinitespire:OneForAll+1","Headbutt+1","Feed+1","Life Link","hubris:InfiniteBlow+12","Dual Wield","Sword Boomerang+1","ReplayTheSpireMod:Muscle Training","Sword Boomerang","ReplayTheSpireMod:Muscle Training","Perfected Strike","Armaments+1","Demonic Infusion+1","infinitespire:FinalStrike","Heavy Blade","Metallicize","Heavy Blade","Perfected Strike","infinitespire:OneForAll","Double Tap+1","Limit Break+1","Pummel+1","Sword Boomerang+1","Sword Boomerang+1","Inflame+1","Juggernaut","Pommel Strike+1","Perfected Strike","infinitespire:Collect","Armaments","Pommel Strike","Heavy Blade","Heavy Blade","Regret","WreathOfFlame","Perfected Strike+1","Double Tap+1","Mayhem+1","Sword Boomerang+1","Metallicize+1","Apotheosis+1","Feed+1"],"relics":["Burning Blood","Replay:Wax Seal","Pear","hubris:Icosahedron","Thread and Needle","Mummified Hand","Dream Catcher","hubris:TenFootPole","Vajra","Red Skull","Honey Jar","Replay:Bottled Steam","Garlic","Blood Vial","infinitespire:WardingShard","ReplayFunnel","infinitespire:EvilPickle","Velvet Choker","infinitespire:EmpoweringShard","Bottled Tornado","hubris:SlimyHat","hubris:CrystalStatue","Toy Ornithopter","Replay:Accelerometer","hubris:ScarierMask","Bag of Preparation","Darkstone Periapt","Potion Belt","Replay:Rubber Ducky","infinitespire:Cupcake","Chemical X","hubris:BottledRain","Boot","TungstenRod","Counterbalance","hubris:Reverence","infinitespire:ShieldingShard","Tiny House","Guide Book","Replay:Towering Pillar of Hats","Replay:Bandana","Red Mask","ReplayTheSpireMod:TigerMarble","hubris:Spice","infinitespire:Magic Flask","Anchor","infinitespire:BlackEgg","Black Star","PrismaticShard","Lizard Tail","Calipers","hubris:ToyBattleship","War Paint","Golden Egg","Lee\u0027s Waffle","hubris:OldNail","Replay:Kaleidoscope","hubris:SphereOfDissonance","MutagenicStrength","Bronze Scales","Bottled Flame","Pen Nib","infinitespire:Satchel","Whetstone","Omamori","Replay:Grab Bag","Ooze Armor","hubris:CrackedHourglass","SlaversCollar","hubris:GlazedTorus","Sling","Orichalcum"],"acts_visited":["Exordium","TheCity","TheBeyond","Exordium","TheCity","TheBeyond","TheCity","TheBeyond","TheEnding"],"potions_floor_usage":[120,154,154],"damage_taken":[{"damage":1.0,"enemies":"Cultist","floor":1.0,"turns":3.0},{"damage":7.0,"enemies":"Jaw Worm","floor":3.0,"turns":3.0},{"damage":44.0,"enemies":"3 Sentries","floor":7.0,"turns":7.0},{"damage":25.0,"enemies":"Gremlin Nob","floor":10.0,"turns":4.0},{"damage":1.0,"enemies":"Small Slimes","floor":11.0,"turns":3.0},{"damage":0.0,"enemies":"Exordium Wildlife","floor":13.0,"turns":2.0},{"damage":18.0,"enemies":"Lagavulin Event","floor":14.0,"turns":5.0},{"damage":45.0,"enemies":"The Guardian","floor":16.0,"turns":9.0},{"damage":20.0,"enemies":"3 Byrds","floor":18.0,"turns":5.0},{"damage":0.0,"enemies":"Shell Parasite","floor":20.0,"turns":1.0},{"damage":2.0,"enemies":"Centurion and Healer","floor":22.0,"turns":2.0},{"damage":0.0,"enemies":"Snake Plant","floor":24.0,"turns":2.0},{"damage":60.0,"enemies":"Nightmare","floor":30.0,"turns":5.0},{"damage":4.0,"enemies":"Sentry and Sphere","floor":31.0,"turns":3.0},{"damage":3.0,"enemies":"Pondfish","floor":33.0,"turns":5.0},{"damage":11.0,"enemies":"3 Darklings","floor":35.0,"turns":3.0},{"damage":4.0,"enemies":"Orb Walker","floor":36.0,"turns":2.0},{"damage":9.0,"enemies":"Transient","floor":37.0,"turns":5.0},{"damage":34.0,"enemies":"Reptomancer","floor":41.0,"turns":3.0},{"damage":15.0,"enemies":"Maw","floor":44.0,"turns":5.0},{"damage":4.0,"enemies":"R_Hoarder","floor":47.0,"turns":3.0},{"damage":8.0,"enemies":"Jaw Worm Horde","floor":48.0,"turns":2.0},{"damage":19.0,"enemies":"Replay:Hell Engine","floor":50.0,"turns":3.0},{"damage":0.0,"enemies":"Jaw Worm","floor":52.0,"turns":1.0},{"damage":0.0,"enemies":"Small Slimes","floor":54.0,"turns":1.0},{"damage":0.0,"enemies":"2 Louse","floor":55.0,"turns":1.0},{"damage":0.0,"enemies":"Large Slime","floor":56.0,"turns":2.0},{"damage":1.0,"enemies":"Lagavulin","floor":58.0,"turns":2.0},{"damage":0.0,"enemies":"3 Sentries","floor":61.0,"turns":1.0},{"damage":0.0,"enemies":"Blue Slaver","floor":63.0,"turns":1.0},{"damage":8.0,"enemies":"Red Slaver","floor":64.0,"turns":2.0},{"damage":1.0,"enemies":"Lots of Slimes","floor":67.0,"turns":2.0},{"damage":2.0,"enemies":"Slime Boss","floor":69.0,"turns":2.0},{"damage":0.0,"enemies":"3 Byrds","floor":71.0,"turns":3.0},{"damage":1.0,"enemies":"Spheric Guardian","floor":74.0,"turns":3.0},{"damage":2.0,"enemies":"Slavers","floor":76.0,"turns":2.0},{"damage":0.0,"enemies":"Book of Stabbing","floor":78.0,"turns":3.0},{"damage":0.0,"enemies":"Snake Plant","floor":82.0,"turns":2.0},{"damage":0.0,"enemies":"Snecko","floor":83.0,"turns":3.0},{"damage":0.0,"enemies":"Shelled Parasite and Fungi","floor":84.0,"turns":2.0},{"damage":27.0,"enemies":"Collector","floor":86.0,"turns":4.0},{"damage":0.0,"enemies":"Orb Walker","floor":88.0,"turns":2.0},{"damage":0.0,"enemies":"2 Orb Walkers","floor":90.0,"turns":1.0},{"damage":0.0,"enemies":"3 Shapes","floor":91.0,"turns":1.0},{"damage":0.0,"enemies":"Sphere and 2 Shapes","floor":92.0,"turns":2.0},{"damage":7.0,"enemies":"R_Hoarder","floor":93.0,"turns":3.0},{"damage":0.0,"enemies":"Giant Head","floor":97.0,"turns":5.0},{"damage":0.0,"enemies":"Maw","floor":99.0,"turns":4.0},{"damage":41.0,"enemies":"R_Hoarder","floor":101.0,"turns":3.0},{"damage":108.0,"enemies":"LordOfAnnihilation","floor":103.0,"turns":9.0},{"damage":0,"enemies":"Small Slimes","floor":105,"turns":1},{"damage":0,"enemies":"2 Louse","floor":106,"turns":1},{"damage":0,"enemies":"Jaw Worm","floor":107,"turns":1},{"damage":0,"enemies":"2 Fungi Beasts","floor":108,"turns":1},{"damage":0,"enemies":"Lagavulin","floor":110,"turns":1},{"damage":0,"enemies":"Looter","floor":112,"turns":1},{"damage":0,"enemies":"Gremlin Nob","floor":115,"turns":1},{"damage":0,"enemies":"Exordium Wildlife","floor":116,"turns":1},{"damage":203,"enemies":"Hexaghost","floor":120,"turns":3},{"damage":0,"enemies":"3 Byrds","floor":122,"turns":1},{"damage":0,"enemies":"2 Thieves","floor":123,"turns":1},{"damage":0,"enemies":"Gremlin Leader","floor":127,"turns":1},{"damage":0,"enemies":"Book of Stabbing","floor":131,"turns":1},{"damage":0,"enemies":"Centurion and Healer","floor":133,"turns":1},{"damage":0,"enemies":"Snake Plant","floor":135,"turns":1},{"damage":0,"enemies":"hubris:MusketHawk","floor":137,"turns":2},{"damage":0,"enemies":"Orb Walker","floor":139,"turns":1},{"damage":0,"enemies":"3 Darklings","floor":140,"turns":1},{"damage":0,"enemies":"Writhing Mass","floor":142,"turns":1},{"damage":0,"enemies":"Spire Growth","floor":143,"turns":1},{"damage":0,"enemies":"4 Shapes","floor":144,"turns":1},{"damage":0,"enemies":"Nemesis","floor":145,"turns":1},{"damage":0,"enemies":"3 Darklings","floor":146,"turns":1},{"damage":0,"enemies":"Maw","floor":148,"turns":1},{"damage":0,"enemies":"R_Hoarder","floor":149,"turns":1},{"damage":0,"enemies":"Sphere and 2 Shapes","floor":151,"turns":1},{"damage":0,"enemies":"Nemesis","floor":152,"turns":1},{"damage":67,"enemies":"Awakened One","floor":154,"turns":2},{"damage":0,"enemies":"Shield and Spear","floor":158,"turns":1},{"damage":68,"enemies":"The Heart","floor":159,"turns":5}],"seed_played":"-2850508353714633811","potions_obtained":[{"floor":3.0,"key":"Weak Potion"},{"floor":11.0,"key":"PowerPotion"},{"floor":19.0,"key":"FearPotion"},{"floor":19.0,"key":"EntropicBrew"},{"floor":19.0,"key":"Milkshake"},{"floor":22.0,"key":"BlessingOfTheForge"},{"floor":24.0,"key":"FearPotion"},{"floor":31.0,"key":"ColorlessPotion"},{"floor":36.0,"key":"GamblersBrew"},{"floor":44.0,"key":"SpeedPotion"},{"floor":47.0,"key":"Adrenaline Potion"},{"floor":54.0,"key":"EssenceOfSteel"},{"floor":56.0,"key":"FearPotion"},{"floor":61.0,"key":"ColorlessPotion"},{"floor":63.0,"key":"Languid Potion"},{"floor":74.0,"key":"Fire Potion"},{"floor":82.0,"key":"Fruit Juice"},{"floor":83.0,"key":"Languid Potion"},{"floor":84.0,"key":"SteroidPotion"},{"floor":86.0,"key":"BlessingOfTheForge"},{"floor":87.0,"key":"SteroidPotion"},{"floor":88.0,"key":"SkillPotion"},{"floor":91.0,"key":"LifebloodPotion"},{"floor":97.0,"key":"HeartOfIron"},{"floor":103.0,"key":"SteroidPotion"},{"floor":105,"key":"BloodPotion"},{"floor":106,"key":"Dexterity Potion"},{"floor":107,"key":"Fire Potion"},{"floor":108,"key":"Fire Potion"},{"floor":112,"key":"BlessingOfTheForge"},{"floor":120,"key":"Ancient Potion"},{"floor":122,"key":"BloodPotion"},{"floor":139,"key":"PowerPotion"},{"floor":158,"key":"Swift Potion"}],"is_trial":false,"path_per_floor":["M","?","M","T","?","R","E","R","T","E","M","$","M","?","R","B",null,"M","?","M","$","M","R","M","AVR","T","?","R","?","NM","M","R_BF","B",null,"M","M","M","$","?","R","E","R","T","M","T","$","E","M","R_BF","B",null,"M","AVR","M","M","M","R","E","R","T","E","R","M","M","PTL","PTL","M","R_BF","B",null,"M","?","$","M","?","E","R","E","T","R","AVR","M","M","M","R","B",null,"M","$","?","M","M","E","R","?","T","E","?","M","R","E","R_BF","B",null,"M","M","M","M","AVR","E","?","M","T","$","E","M","R","?","R","B",null,"M","M","AVR","T","?","E","R","$","T","E","R","M","$","M","R","B",null,"M","M","NS","M","M","M","E","M","T","M","E","R","M","E","R","B",null,"R","$","E","B",null],"character_chosen":"IRONCLAD","items_purchased":["Replay:Wax Seal","Pear","Twin Strike","Vajra","Replay:Bottled Steam","infinitespire:EmpoweringShard","Inflame","Bandage Up","Toy Ornithopter","Chemical X","hubris:BottledRain","Boot","Metallicize","Guide Book","Golden Egg","Lee\u0027s Waffle","Perfected Strike","Mayhem","Sword Boomerang","hubris:GlazedTorus","Sling","hubris:Spice"],"campfire_rested":2,"item_purchase_floors":[0,0,0,12,21,38,38,38,46,73,73,73,73,89,114,114,114,129,134,157,157,157],"current_hp_per_floor":[84,84,83,83,65,65,27,54,54,35,40,40,46,34,61,22,90,76,76,82,82,86,86,90,90,90,79,79,79,27,31,31,36,90,85,89,87,87,87,87,61,61,61,58,58,58,67,72,90,77,90,90,90,90,90,90,90,90,90,90,90,90,90,90,90,90,93,93,93,93,103,103,103,103,103,106,106,106,106,106,106,111,115,115,115,108,124,124,124,124,124,124,127,127,127,127,142,142,146,146,115,115,31,150,150,150,150,150,150,150,156,156,156,163,175,173,173,165,165,135,165,163,161,161,161,161,154,154,154,146,130,130,130,130,130,130,128,120,120,120,120,120,118,118,116,116,116,120,120,120,120,104,104,43,104,104,96,88,26],"gold":600,"neow_bonus":"","is_daily":false,"chose_seed":false,"campfire_upgraded":21,"win_rate":0.0,"timestamp":1613843620,"path_taken":["M","?","M","?","?","R","E","R","T","E","?","$","M","?","R","BOSS","M","?","M","$","?","R","M","AVR","T","?","R","?","NM","M","R_BF","BOSS","M","M","M","$","?","R","E","R","T","M","?","$","E","M","R_BF","BOSS","M","AVR","M","M","?","R","E","R","T","E","R","M","M","PTL","PTL","M","R_BF","BOSS","M","?","$","M","?","E","R","E","T","R","AVR","M","?","M","R","BOSS","M","?","?","M","M","E","R","?","T","E","?","M","R","E","R_BF","BOSS","M","M","M","M","AVR","E","?","M","T","$","E","M","R","?","R","BOSS","M","M","AVR","?","?","E","R","?","T","E","R","M","$","M","R","BOSS","M","M","NS","M","M","M","E","M","T","M","E","R","M","E","R","BOSS","R","$","E","BOSS"],"items_purchased_type":["Relic","Relic","Card","Relic","Relic","Relic","Card","Card","Relic","Relic","Relic","Relic","Card","Relic","Relic","Relic","Card","Card","Card","Relic","Relic","Relic"],"build_version":"2020-12-22","purchased_purges":0,"victory":true,"max_hp_per_floor":[90,90,90,90,90,90,90,90,90,90,90,90,90,90,90,90,90,90,90,90,90,90,90,90,90,90,90,90,90,90,90,90,90,90,90,90,90,90,90,90,90,90,90,90,90,90,90,90,90,90,90,90,90,90,90,90,90,90,90,90,90,90,90,90,90,90,93,93,93,93,103,103,103,103,103,106,106,106,106,106,106,111,115,115,115,119,124,124,124,124,124,124,128,128,128,128,142,142,146,146,150,150,150,150,150,150,150,150,150,150,156,156,156,163,175,173,173,173,173,173,165,163,161,161,161,161,154,154,154,146,130,130,130,130,130,130,128,120,120,120,120,120,118,118,116,116,116,120,120,120,120,104,104,104,104,104,96,88,88],"card_choices":[{"not_picked":["Twin Strike","Body Slam"],"picked":"Dual Wield","floor":1.0},{"not_picked":["Run Through","Replay:Undeath\u0027s Touch"],"picked":"infinitespire:OneForAll","floor":3.0},{"not_picked":["Power Through","Shrug It Off"],"picked":"Exhume","floor":7.0},{"not_picked":["Wild Strike","hubris:SharpeningStone"],"picked":"Pommel Strike","floor":10.0},{"not_picked":["Life Link","Havoc"],"picked":"Double Tap","floor":11.0},{"not_picked":["Shrug It Off","Infernal Blade","ReplayTheSpireMod:Strike From Hell"],"picked":"SKIP","floor":13.0},{"not_picked":["Sever Soul","Clash"],"picked":"Perfected Strike","floor":14.0},{"not_picked":["Immolate","Impervious"],"picked":"Limit Break","floor":16.0},{"not_picked":["Dropkick","Life Link","Twin Strike"],"picked":"Inflame","floor":18.0},{"not_picked":["Metallicize","Shrug It Off","Thunderclap"],"picked":"Heavy Blade","floor":20.0},{"not_picked":["Armaments","hubris:StunningStrike","Entrench"],"picked":"Shockwave+1","floor":22.0},{"not_picked":["ReplayReversal","Iron Wave+1","Warcry"],"picked":"Twin Strike","floor":24.0},{"not_picked":["infinitespire:DeathsTouch","infinitespire:Gouge"],"picked":"infinitespire:Oblivion","floor":27.0},{"not_picked":["Seeing Red","Flame Barrier","Fire Breathing"],"picked":"infinitespire:OneForAll","floor":30.0},{"not_picked":["ReplayTheSpireMod:Corrosion Curse","Iron Wave+1","Wild Strike"],"picked":"Life Link","floor":31.0},{"not_picked":["Juggernaut","Replay:Many Hands","Offering"],"picked":"Exhume","floor":33.0},{"not_picked":["Headbutt+1","hubris:ReadiedAction","Uppercut"],"picked":"Sword Boomerang+1","floor":35.0},{"not_picked":["Shrug It Off","hubris:ReadiedAction","ReplayTheSpireMod:Strike From Hell"],"picked":"Armaments","floor":36.0},{"not_picked":["Wild Strike+1","Abandon+1","Replay:Undeath\u0027s Touch+1"],"picked":"Pommel Strike","floor":37.0},{"not_picked":["Thunderclap+1","Bloodletting+1","Brutality"],"picked":"infinitespire:OneForAll","floor":41.0},{"not_picked":["Replay:Undeath\u0027s Touch","Iron Wave+1","Bloodletting","Run Through+1"],"picked":"SKIP","floor":44.0},{"not_picked":["Wild Strike","Flex+1","Offering","ReplayReversal"],"picked":"SKIP","floor":47.0},{"not_picked":["Body Slam","Disarm+1","Rage","ReplayTheSpireMod:Strike From Hell"],"picked":"SKIP","floor":48.0},{"not_picked":["Run Through+1","Cleave+1","ReplayTheSpireMod:Stacked"],"picked":"Headbutt+1","floor":49.0},{"not_picked":["Reaper","Immolate","Eclipse"],"picked":"Feed","floor":50.0},{"not_picked":["Dropkick","Anger","Thunderclap"],"picked":"Life Link","floor":52.0},{"not_picked":["Flame Barrier","Clothesline","Pommel Strike"],"picked":"Dual Wield","floor":54.0},{"not_picked":["Life Link","Rampage","hubris:CleavingFinish"],"picked":"Sword Boomerang","floor":55.0},{"not_picked":["Run Through","Dual Wield","ReplayTheSpireMod:Stacked"],"picked":"ReplayTheSpireMod:Muscle Training","floor":56.0},{"not_picked":["Dropkick","Seeing Red","ReplayTheSpireMod:Limb From Limb"],"picked":"Sword Boomerang","floor":58.0},{"not_picked":["Defy Death","Thunderclap","Clothesline"],"picked":"ReplayTheSpireMod:Muscle Training","floor":61.0},{"not_picked":["Sentinel","Anger","Thunderclap"],"picked":"Perfected Strike","floor":63.0},{"not_picked":["Disarm","Run Through","Entrench","Warcry"],"picked":"SKIP","floor":64.0},{"not_picked":["Uppercut","Body Slam","Searing Blow"],"picked":"Armaments","floor":67.0},{"not_picked":["Bludgeon","Replay:Many Hands","Eclipse"],"picked":"Demonic Infusion","floor":69.0},{"not_picked":["infinitespire:FutureSight","hubris:Rewind"],"picked":"infinitespire:FinalStrike","floor":69.0},{"not_picked":["Rampage+1","Run Through","Whirlwind"],"picked":"Heavy Blade","floor":71.0},{"not_picked":["ReplayTheSpireMod:Corrosion Curse","Clash+1","Clothesline"],"picked":"Heavy Blade","floor":74.0},{"not_picked":["Havoc","Clothesline","Uppercut","Flex"],"picked":"SKIP","floor":76.0},{"not_picked":["Carnage","Massacre","Infernal Blade"],"picked":"Perfected Strike","floor":78.0},{"not_picked":["Clash","Run Through+1","Intimidate+1","Abandon"],"picked":"SKIP","floor":82.0},{"not_picked":["Second Wind+1","Battle Trance","Dropkick+1"],"picked":"infinitespire:OneForAll","floor":83.0},{"not_picked":["Anger","Sever Soul","Pommel Strike"],"picked":"Double Tap","floor":84.0},{"not_picked":["Exhume","Demon Form","Immolate"],"picked":"Limit Break","floor":86.0},{"not_picked":["Warcry","Sentinel","Thunderclap"],"picked":"Pummel","floor":87.0},{"not_picked":["Anger","Run Through","ReplayTheSpireMod:LeadingStrike+1"],"picked":"Sword Boomerang+1","floor":88.0},{"not_picked":["Battle Trance","Brutality","Clothesline+1"],"picked":"Sword Boomerang+1","floor":91.0},{"not_picked":["Run Through+1","Replay:Undeath\u0027s Touch+1","Armaments"],"picked":"Inflame","floor":92.0},{"not_picked":["Searing Blow","Dropkick","Evolve+1","Anger+1"],"picked":"SKIP","floor":93.0},{"not_picked":["Dropkick+1","Wild Strike","Headbutt"],"picked":"Juggernaut","floor":97.0},{"not_picked":["hubris:ReadiedAction+1","hubris:CleavingFinish","True Grit"],"picked":"Pommel Strike+1","floor":99.0},{"not_picked":["Armaments","ReplayTheSpireMod:Strike From Hell+1","True Grit+1"],"picked":"Perfected Strike","floor":101.0},{"not_picked":["ReplayTheSpireMod:Haul","infinitespire:Gouge"],"picked":"infinitespire:Collect","floor":103.0},{"not_picked":["Blood for Blood","Rage","Searing Blow"],"picked":"Armaments","floor":105},{"not_picked":["Replay:Undeath\u0027s Touch","ReplayTheSpireMod:Stacked","Armaments"],"picked":"Pommel Strike","floor":106},{"not_picked":["Twin Strike","Replay:Undeath\u0027s Touch","Flex"],"picked":"Heavy Blade","floor":107},{"not_picked":["Sever Soul","Headbutt","Burning Pact"],"picked":"Heavy Blade","floor":108},{"not_picked":["Offering","ReplayTheSpireMod:Strike From Hell","Survey Options","Infernal Blade"],"picked":"SKIP","floor":110},{"not_picked":["Sweeping Beam","Warcry","ReplayTheSpireMod:Reroute Power"],"picked":"WreathOfFlame","floor":112},{"not_picked":["Replay:AtTheReady","Eviscerate","Atom Bomb","Thunderclap"],"picked":"SKIP","floor":115},{"not_picked":["ClearTheMind","Hidden Blade","Replay:BluntJabs"],"picked":"hubris:SpiceAddiction","floor":116},{"not_picked":["Creative AI","Hemogenesis","Thunder Strike"],"picked":"Double Tap","floor":120},{"not_picked":["Force Field+1","Wild Strike","hubris:SpiceAddiction"],"picked":"hubris:SpiceAddiction","floor":122},{"not_picked":["Warcry","Coolheaded","hubris:SpiceAddiction"],"picked":"hubris:SpiceAddiction","floor":123},{"not_picked":["Cleave","ReplayTheSpireMod:Private Reserves","PanicButton"],"picked":"hubris:SpiceAddiction","floor":127},{"not_picked":["Iron Wave","SandsOfTime","Evaluate","EmptyFist+1"],"picked":"SKIP","floor":131},{"not_picked":["Replay:Hum","EmptyBody","Armaments","Backstab"],"picked":"SKIP","floor":133},{"not_picked":["Fission","Stack","Rupture","Halt+1"],"picked":"SKIP","floor":135},{"not_picked":["Violence","Juggernaut","Replay:AllIn"],"picked":"hubris:SpiceAddiction","floor":137},{"not_picked":["Nirvana+1","Warcry+1","Havoc+1","Aggregate"],"picked":"SKIP","floor":139},{"not_picked":["BasicCrystalCard","Reprogram+1","Coolheaded+1","Auto Shields"],"picked":"SKIP","floor":140},{"not_picked":["Clothesline+1","SignatureMove+1","Loop+1","Berserk"],"picked":"SKIP","floor":142},{"not_picked":["Auto Shields+1","Ball Lightning","Capacitor+1"],"picked":"hubris:SpiceAddiction","floor":143},{"not_picked":["Evaluate+1","FlyingSleeves+1","Body Slam+1"],"picked":"Metallicize+1","floor":144},{"not_picked":["Flying Knee","Predator","hubris:SpiceAddiction"],"picked":"hubris:SpiceAddiction","floor":145},{"not_picked":["Poisoned Stab","ReplayGash","Replay:Anticipation","Ball Lightning+1"],"picked":"SKIP","floor":146},{"not_picked":["Feel No Pain","Protect","Sweeping Beam","Backflip"],"picked":"SKIP","floor":148},{"not_picked":["Time Bomb","ReplayTheSpireMod:From All Sides","Sever Soul","Dropkick"],"picked":"SKIP","floor":149},{"not_picked":["Slice","Warcry","Streamline","CarveReality+1"],"picked":"SKIP","floor":151},{"not_picked":["FollowUp","hubris:Counter+1","Poisoned Stab"],"picked":"hubris:SpiceAddiction","floor":152},{"not_picked":["Metamorphosis","Fission","Thunder Strike"],"picked":"Apotheosis","floor":154},{"not_picked":["Stack+1","hubris:SpiceAddiction","HandOfGreed"],"picked":"hubris:SpiceAddiction","floor":158},{"not_picked":["Reboot","After Image","Reaper"],"picked":"Feed","floor":159}],"player_experience":27960,"relics_obtained":[{"floor":4.0,"key":"Thread and Needle"},{"floor":7.0,"key":"Mummified Hand"},{"floor":9.0,"key":"Dream Catcher"},{"floor":10.0,"key":"hubris:TenFootPole"},{"floor":14.0,"key":"Red Skull"},{"floor":26.0,"key":"Blood Vial"},{"floor":30.0,"key":"infinitespire:WardingShard"},{"floor":32.0,"key":"ReplayFunnel"},{"floor":41.0,"key":"Bottled Tornado"},{"floor":43.0,"key":"hubris:SlimyHat"},{"floor":45.0,"key":"hubris:CrystalStatue"},{"floor":47.0,"key":"Replay:Accelerometer"},{"floor":58.0,"key":"Bag of Preparation"},{"floor":60.0,"key":"Darkstone Periapt"},{"floor":61.0,"key":"Potion Belt"},{"floor":68.0,"key":"Replay:Rubber Ducky"},{"floor":76.0,"key":"TungstenRod"},{"floor":78.0,"key":"Counterbalance"},{"floor":79.0,"key":"hubris:Reverence"},{"floor":90.0,"key":"Replay:Towering Pillar of Hats"},{"floor":93.0,"key":"Replay:Bandana"},{"floor":96.0,"key":"ReplayTheSpireMod:TigerMarble"},{"floor":97.0,"key":"hubris:Spice"},{"floor":101.0,"key":"infinitespire:Magic Flask"},{"floor":102.0,"key":"Anchor"},{"floor":110,"key":"Lizard Tail"},{"floor":110,"key":"Calipers"},{"floor":113,"key":"War Paint"},{"floor":115,"key":"hubris:Spice"},{"floor":115,"key":"hubris:OldNail"},{"floor":125,"key":"hubris:SphereOfDissonance"},{"floor":127,"key":"hubris:Spice"},{"floor":127,"key":"Bronze Scales"},{"floor":130,"key":"hubris:Spice"},{"floor":131,"key":"hubris:Spice"},{"floor":131,"key":"hubris:Spice"},{"floor":145,"key":"Bottled Flame"},{"floor":145,"key":"Pen Nib"},{"floor":147,"key":"infinitespire:Satchel"},{"floor":149,"key":"Whetstone"},{"floor":149,"key":"Omamori"},{"floor":152,"key":"hubris:Spice"},{"floor":152,"key":"hubris:Spice"},{"floor":158,"key":"Orichalcum"},{"floor":158,"key":"hubris:Spice"}],"event_choices":[{"damage_healed":0.0,"max_hp_gain":0.0,"max_hp_loss":0.0,"gold_gain":0.0,"event_name":"Shining Light","player_choice":"Entered Light","floor":5.0,"gold_loss":0.0,"damage_taken":18.0,"cards_upgraded":["Strike_R","Defend_R"]},{"damage_healed":0.0,"max_hp_gain":0.0,"max_hp_loss":0.0,"gold_gain":30.0,"event_name":"Dead Adventurer","player_choice":"Searched \u00273\u0027 times","floor":14.0,"gold_loss":0.0,"damage_taken":0.0},{"damage_healed":0.0,"max_hp_gain":0.0,"max_hp_loss":0.0,"gold_gain":0.0,"event_name":"Lab","player_choice":"Got Potions","floor":19.0,"gold_loss":0.0,"damage_taken":0.0},{"damage_healed":0.0,"max_hp_gain":0.0,"max_hp_loss":0.0,"gold_gain":0.0,"event_name":"Accursed Blacksmith","player_choice":"Forge","floor":29.0,"gold_loss":0.0,"damage_taken":0.0,"cards_upgraded":["Inflame"]},{"damage_healed":0.0,"max_hp_gain":0.0,"max_hp_loss":0.0,"gold_gain":0.0,"event_name":"Vampires","player_choice":"Ignored","floor":72.0,"gold_loss":0.0,"damage_taken":0.0},{"damage_healed":0.0,"max_hp_gain":0.0,"max_hp_loss":0.0,"gold_gain":0.0,"event_name":"Mysterious Sphere","player_choice":"Fight","floor":90.0,"gold_loss":0.0,"damage_taken":0.0},{"damage_healed":0.0,"max_hp_gain":0.0,"max_hp_loss":0.0,"gold_gain":0.0,"event_name":"Tomb of Lord Red Mask","player_choice":"Paid","floor":95.0,"gold_loss":250.0,"damage_taken":0.0,"relics_obtained":["Red Mask"]},{"damage_healed":0.0,"max_hp_gain":0.0,"max_hp_loss":0.0,"gold_gain":0.0,"event_name":"Upgrade Shrine","player_choice":"Upgraded","floor":98.0,"gold_loss":0.0,"damage_taken":0.0,"cards_upgraded":["Inflame"]},{"damage_healed":0,"gold_gain":0,"player_choice":"Box","damage_taken":0,"relics_obtained":["hubris:ToyBattleship"],"max_hp_gain":0,"max_hp_loss":0,"event_name":"Big Fish","floor":111,"gold_loss":0,"cards_obtained":["Regret"]},{"damage_healed":0,"gold_gain":0,"player_choice":"Damaged","damage_taken":17,"max_hp_gain":0,"max_hp_loss":0,"event_name":"Wheel of Change","floor":118,"gold_loss":0},{"damage_healed":0,"gold_gain":0,"player_choice":"Inject Mutagens","damage_taken":0,"relics_obtained":["MutagenicStrength"],"max_hp_gain":0,"max_hp_loss":0,"event_name":"Drug Dealer","floor":126,"gold_loss":0}],"is_beta":false,"boss_relics":[{"not_picked":["Replay:Drink Me","Empty Cage"],"picked":"Honey Jar"},{"not_picked":["Electric Blood","infinitespire:Cupcake"],"picked":"Velvet Choker"},{"not_picked":["Painkiller Herb","Fusion Hammer"],"picked":"hubris:ScarierMask"},{"not_picked":["Mark of Pain","Runic Cube"],"picked":"infinitespire:Cupcake"},{"not_picked":["hubris:Stopwatch","hubris:HollowSoul"],"picked":"Tiny House"},{"not_picked":["Coffee Dripper","Replay:Bronze Core"],"picked":"Black Star"},{"not_picked":["hubris:Spice","Replay:Bronze Core"],"picked":"hubris:Spice"},{"not_picked":["hubris:Spice","hubris:Spice"],"picked":"hubris:Spice"},{"not_picked":["hubris:Spice","hubris:TerracottaHorce"],"picked":"Replay:Grab Bag"},{"not_picked":["ChewingGum","ReplayTheSpireMod:DimensionalGlitch"],"picked":"Ooze Armor"},{"not_picked":["Philosopher\u0027s Stone","Painkiller Herb"],"picked":"hubris:CrackedHourglass"},{"not_picked":["Kintsugi","Runic Pyramid"],"picked":"SlaversCollar"}],"items_purged_floors":[],"is_endless":true,"potions_floor_spawned":[3,11,22,24,31,36,44,47,54,56,61,63,74,82,83,84,86,88,91,97,103,105,106,107,108,112,120,122,127,131,133,139,145,146,148,149,152,158],"ascension_level":3}}