{"host":"2se5dq1do2gp0x9k","time":1613795870,"event":{"mods":["AchievementEnabler","BaseMod","Block Reminder","Colored Map","Colored Powertips","Minty Spire (QoL Compilation)","Relic Stats","StSLib","SuperFastMode"],"gold_per_floor":[114,114,130,405,9,9,9],"floor_reached":6,"language":"ENG","playtime":190,"items_purged":["Regret"],"score":68,"play_id":"f59236ce-05d0-405e-860b-e52720c51406","local_time":"20210219203750","is_ascension_mode":true,"campfire_choices":[],"circlet_count":0,"master_deck":["AscendersBane","Strike_B","Strike_B","Strike_B","Strike_B","Defend_B","Defend_B","Defend_B","Defend_B","Zap","Dualcast","Go for the Eyes","Leap","Magnetism","Defragment","Coolheaded"],"relics":["Fusion Hammer","HornCleat"],"acts_visited":["Exordium"],"potions_floor_usage":[6],"damage_taken":[{"damage":7,"enemies":"Jaw Worm","floor":1,"turns":4},{"damage":0,"enemies":"2 Louse","floor":3,"turns":3},{"damage":55,"enemies":"Gremlin Nob","floor":6,"turns":4}],"seed_played":"3116282110055749138","potions_obtained":[{"floor":1,"key":"Dexterity Potion"},{"floor":3,"key":"FocusPotion"}],"is_trial":false,"path_per_floor":["M","?","M","?","$","E"],"character_chosen":"DEFECT","items_purchased":["Magnetism","Defragment","Coolheaded"],"campfire_rested":0,"item_purchase_floors":[5,5,5],"current_hp_per_floor":[57,39,39,39,39,0,0],"gold":9,"neow_bonus":"BOSS_RELIC","is_daily":false,"chose_seed":false,"campfire_upgraded":0,"win_rate":0.0,"timestamp":1613795870,"path_taken":["M","?","M","?","$","E"],"items_purchased_type":["Card","Card","Card"],"build_version":"2020-12-22","purchased_purges":1,"victory":false,"max_hp_per_floor":[71,71,71,71,71,71,71],"relic_stats":{"counters":[3,11],"obtain_stats":[{"HornCleat":2,"Fusion Hammer":0,"Cracked Core":0},{"HornCleat":1,"Fusion Hammer":0,"Cracked Core":0},{"HornCleat":4,"Fusion Hammer":0,"Cracked Core":0}]},"card_choices":[{"not_picked":["Loop","Redo"],"picked":"Go for the Eyes","floor":1},{"not_picked":["Auto Shields","Reprogram"],"picked":"Leap","floor":3}],"player_experience":4080663,"relics_obtained":[],"event_choices":[{"damage_healed":0,"gold_gain":0,"player_choice":"Success","damage_taken":18,"relics_obtained":["HornCleat"],"max_hp_gain":0,"max_hp_loss":0,"event_name":"Scrap Ooze","floor":2,"gold_loss":0},{"damage_healed":0,"gold_gain":275,"player_choice":"Desecrate","damage_taken":0,"max_hp_gain":0,"max_hp_loss":0,"event_name":"Golden Shrine","floor":4,"gold_loss":0,"cards_obtained":["Regret"]}],"is_beta":false,"boss_relics":[],"items_purged_floors":[5],"is_endless":false,"potions_floor_spawned":[1,3],"killed_by":"Gremlin Nob","ascension_level":20}}