{"host":"1y3caoxlf2txzqg0","time":1613850211,"event":{"mods":["Alarm Clock","BaseMod","Colored Map","DeckTracker","Downfall","GifTheSpireLib","Minty Spire (QoL Compilation)","Rare Cards Sparkle","Relic Stats","Spire Birthday Party","StSLib"],"gold_per_floor":[99,109,123,5,105,120,146,180,208,220,220,220],"floor_reached":10,"language":"DEU","playtime":1159,"items_purged":[],"score":78,"play_id":"f3d80ebf-521e-4db7-9ab4-476855200c79","local_time":"20210220204331","is_ascension_mode":true,"campfire_choices":[{"floor":1,"key":"RECALL"}],"circlet_count":0,"master_deck":["Guardian:Strike_Guardian","Guardian:Strike_Guardian","Guardian:Strike_Guardian","Guardian:Strike_Guardian","Guardian:Defend_Guardian","Guardian:Defend_Guardian","Guardian:Defend_Guardian","Guardian:Defend_Guardian","Guardian:CurlUp","Guardian:TwinSlam","Guardian:RollAttack","Guardian:PiercingHide","Guardian:Gem_Cyan","Guardian:Recover","Guardian:TemporalStrike","Guardian:DecasProtection","Guardian:Gem_Purple","Guardian:Orbwalk"],"relics":["Guardian:ModeShifter","Strawberry","MawBank"],"acts_visited":["Exordium"],"potions_floor_usage":[6,8,8],"damage_taken":[{"damage":15,"enemies":"Cultist","floor":2,"turns":5},{"damage":1,"enemies":"2 Louse","floor":3,"turns":2},{"damage":3,"enemies":"downfall:FleeingMerchant","floor":4,"turns":4},{"damage":0,"enemies":"Small Slimes","floor":6,"turns":3},{"damage":19,"enemies":"3 Sentries","floor":8,"turns":12},{"damage":8,"enemies":"Blue Slaver","floor":9,"turns":5},{"damage":57,"enemies":"Gremlin Nob","floor":10,"turns":5}],"seed_played":"-7093544721057401830","potions_obtained":[{"floor":0,"key":"Guardian:AcceleratePotion"},{"floor":0,"key":"Ancient Potion"},{"floor":0,"key":"Guardian:BlockOnCardUsePotion"},{"floor":2,"key":"AttackPotion"},{"floor":8,"key":"Guardian:AcceleratePotion"},{"floor":9,"key":"Ancient Potion"}],"is_trial":false,"path_per_floor":["R","M","M","$","?","M","T","E","M","E"],"character_chosen":"GUARDIAN","items_purchased":["Guardian:Recover","Guardian:TemporalStrike"],"campfire_rested":0,"item_purchase_floors":[4,4],"current_hp_per_floor":[80,65,64,61,61,61,68,49,41,0,0,0],"gold":220,"neow_bonus":"THREE_SMALL_POTIONS","is_daily":false,"chose_seed":false,"campfire_upgraded":0,"win_rate":0.0,"timestamp":1613850211,"path_taken":["R","M","M","?","?","M","T","E","M","E"],"items_purchased_type":["Card","Card"],"build_version":"2020-12-22","purchased_purges":0,"victory":false,"max_hp_per_floor":[80,80,80,80,80,80,87,87,87,87,87,87],"relic_stats":{"counters":[7,36],"MawBank":24,"obtain_stats":[{"Strawberry":7,"Guardian:ModeShifter":0,"MawBank":8},{"Strawberry":4,"Guardian:ModeShifter":0,"MawBank":5},{"Strawberry":14,"Guardian:ModeShifter":0,"MawBank":26}]},"card_choices":[{"not_picked":["Guardian:WalkerClaw","Guardian:ChargeCore"],"picked":"Guardian:RollAttack","floor":2},{"not_picked":["Guardian:TemporalShield","Guardian:Planning"],"picked":"Guardian:PiercingHide","floor":3},{"not_picked":["Guardian:ArmoredProtocol","Guardian:RevengeProtocol"],"picked":"Guardian:Gem_Cyan","floor":4},{"not_picked":["Guardian:Planning","Guardian:Suspension"],"picked":"Guardian:DecasProtection","floor":6},{"not_picked":["Guardian:Gem_Cyan","Guardian:Gem_Green"],"picked":"Guardian:Gem_Purple","floor":8},{"not_picked":["Guardian:Gem_Cyan","Guardian:Incinerate"],"picked":"Guardian:Orbwalk","floor":9}],"player_experience":1036974,"relics_obtained":[{"floor":7,"key":"Strawberry"},{"floor":8,"key":"MawBank"}],"event_choices":[],"is_beta":false,"boss_relics":[],"items_purged_floors":[],"is_endless":false,"potions_floor_spawned":[2,8,9],"killed_by":"Gremlin Nob","ascension_level":3}}