{"host":"rmsq46plbpwfbxcc","time":1613841129,"event":{"mods":["AchievementEnabler","BaseMod","Colored Map","Colored Powertips","DeckTracker","KOR Keyword Fix","Minty Spire (QoL Compilation)","Permanent Neow","Quick Restart","SuperFastMode"],"gold_per_floor":[109,126,126,8,25,25,43,74,125,125,159,159,84,84,84,158,158,178,198,44,44,59,59,70,70,119,137,163,194,219,233,233,306,306,325,325,325,337,350,350,381,400,400,400,400,135,165,182,182,182,182,182,23,54,54,54],"floor_reached":55,"language":"KOR","playtime":1766,"items_purged":["Defend_G","Sucker Punch"],"score":1469,"play_id":"e0caab15-2cc6-4eae-af76-9af82e6d1837","local_time":"20210221021209","is_ascension_mode":true,"campfire_choices":[{"data":"Blade Dance","floor":6,"key":"SMITH"},{"data":"Accuracy","floor":10,"key":"SMITH"},{"data":"Neutralize","floor":15,"key":"SMITH"},{"data":"After Image","floor":23,"key":"SMITH"},{"data":"Cloak And Dagger","floor":25,"key":"SMITH"},{"data":"Accuracy","floor":32,"key":"SMITH"},{"data":"Burst","floor":40,"key":"SMITH"},{"data":"Glass Knife","floor":44,"key":"SMITH"},{"floor":49,"key":"RECALL"},{"data":"Blade Dance","floor":52,"key":"SMITH"}],"circlet_count":0,"master_deck":["AscendersBane","Survivor","Neutralize+1","Terror+1","Blade Dance+1","Accuracy+1","Backflip+1","PiercingWail","Cloak And Dagger+1","Slice","Glass Knife+1","Accuracy+1","PiercingWail","After Image+1","Acrobatics+1","Burst+1","CurseOfTheBell","Backflip+1","Secret Technique","Blade Dance+1"],"relics":["WristBlade","Pear","PreservedInsect","Orichalcum","Pandora\u0027s Box","Membership Card","Bottled Tornado","Red Mask","The Courier","Calling Bell","Akabeko","Shuriken","Lizard Tail","War Paint","Ancient Tea Set","Prayer Wheel","Pantograph","Pen Nib","Anchor","Boot","Bag of Preparation","Strawberry","Paper Crane"],"acts_visited":["Exordium","TheCity","TheBeyond","TheEnding"],"potions_floor_usage":[8,27,29,33,47,50,55,55,55,55],"damage_taken":[{"damage":5,"enemies":"Jaw Worm","floor":1,"turns":6},{"damage":0,"enemies":"Cultist","floor":2,"turns":4},{"damage":3,"enemies":"2 Louse","floor":5,"turns":2},{"damage":0,"enemies":"Large Slime","floor":7,"turns":3},{"damage":0,"enemies":"Gremlin Nob","floor":8,"turns":2},{"damage":10,"enemies":"3 Sentries","floor":11,"turns":5},{"damage":0,"enemies":"Hexaghost","floor":16,"turns":6},{"damage":0,"enemies":"3 Byrds","floor":18,"turns":4},{"damage":0,"enemies":"Chosen","floor":19,"turns":3},{"damage":6,"enemies":"Snake Plant","floor":22,"turns":4},{"damage":5,"enemies":"Chosen and Byrds","floor":24,"turns":4},{"damage":4,"enemies":"Centurion and Healer","floor":27,"turns":4},{"damage":1,"enemies":"Book of Stabbing","floor":28,"turns":3},{"damage":2,"enemies":"Masked Bandits","floor":29,"turns":3},{"damage":13,"enemies":"Slavers","floor":30,"turns":3},{"damage":0,"enemies":"3 Cultists","floor":31,"turns":4},{"damage":24,"enemies":"Automaton","floor":33,"turns":7},{"damage":9,"enemies":"Orb Walker","floor":35,"turns":3},{"damage":0,"enemies":"3 Shapes","floor":38,"turns":4},{"damage":23,"enemies":"Transient","floor":39,"turns":5},{"damage":1,"enemies":"Giant Head","floor":41,"turns":5},{"damage":4,"enemies":"Maw","floor":42,"turns":5},{"damage":3,"enemies":"Nemesis","floor":47,"turns":3},{"damage":4,"enemies":"4 Shapes","floor":48,"turns":5},{"damage":0,"enemies":"Donu and Deca","floor":50,"turns":4},{"damage":0,"enemies":"Shield and Spear","floor":54,"turns":3},{"damage":144,"enemies":"The Heart","floor":55,"turns":6}],"seed_played":"-8701388560858233480","potions_obtained":[{"floor":2,"key":"Weak Potion"},{"floor":5,"key":"SteroidPotion"},{"floor":14,"key":"GhostInAJar"},{"floor":14,"key":"Fire Potion"},{"floor":18,"key":"Weak Potion"},{"floor":22,"key":"Regen Potion"},{"floor":28,"key":"Regen Potion"},{"floor":29,"key":"BlessingOfTheForge"},{"floor":31,"key":"CultistPotion"},{"floor":35,"key":"LiquidBronze"},{"floor":39,"key":"AttackPotion"},{"floor":47,"key":"Energy Potion"}],"is_trial":false,"path_per_floor":["M","M","?","$","M","R","M","E","T","R","E","?","$","?","R","B",null,"M","M","$","?","M","R","M","R","T","M","E","?","E","M","R","B",null,"M","?","?","M","M","R","E","M","T","R","?","$","E","M","R","B",null,"R","$","E","B"],"character_chosen":"THE_SILENT","items_purchased":["Blade Dance","Accuracy","Membership Card","Pantograph","Pen Nib","Anchor","Bag of Preparation","Strawberry","EntropicBrew"],"campfire_rested":0,"item_purchase_floors":[4,4,20,46,46,46,53,53,53],"current_hp_per_floor":[58,58,58,58,55,55,55,65,65,65,55,55,55,55,55,55,74,74,74,74,74,68,68,63,63,63,68,67,74,61,61,61,37,69,60,60,60,60,37,37,36,32,32,32,32,32,29,25,25,50,73,73,80,80,0,0],"gold":54,"neow_bonus":"BOSS_RELIC","is_daily":false,"chose_seed":false,"campfire_upgraded":9,"win_rate":0.0,"timestamp":1613841129,"path_taken":["M","M","?","?","M","R","M","E","T","R","E","?","$","?","R","BOSS","M","?","$","?","M","R","M","R","T","M","E","?","E","M","R","BOSS","M","?","?","?","M","R","E","M","T","R","?","$","E","M","R","BOSS","R","$","E","BOSS"],"items_purchased_type":["Card","Card","Relic","Relic","Relic","Relic","Relic","Relic","Potion"],"build_version":"2020-12-22","purchased_purges":2,"victory":false,"max_hp_per_floor":[70,70,70,70,70,70,70,80,80,80,80,80,80,80,80,80,80,80,80,80,80,80,80,80,80,80,80,80,80,80,80,80,80,80,80,80,80,80,80,80,80,80,80,80,80,80,80,80,80,80,80,80,87,87,87,87],"card_choices":[{"not_picked":["Deadly Poison","Infinite Blades","Reflex"],"picked":"SKIP","floor":1},{"not_picked":["Dagger Spray","Dash"],"picked":"Terror","floor":2},{"not_picked":["Dagger Spray","Poisoned Stab"],"picked":"Backflip","floor":5},{"not_picked":["Flying Knee","Deadly Poison","Poisoned Stab"],"picked":"SKIP","floor":7},{"not_picked":["Unload","All Out Attack","Deadly Poison"],"picked":"SKIP","floor":8},{"not_picked":["Blade Dance","Predator"],"picked":"PiercingWail","floor":11},{"not_picked":["Accuracy","Crippling Poison","Dagger Spray"],"picked":"SKIP","floor":18},{"not_picked":["Masterful Stab","Skewer+1","Flechettes"],"picked":"SKIP","floor":19},{"not_picked":["Bane+1","Quick Slash"],"picked":"Acrobatics","floor":22},{"not_picked":["Deflect","Dagger Spray","Underhanded Strike"],"picked":"SKIP","floor":24},{"not_picked":["Deadly Poison","Acrobatics","Slice"],"picked":"SKIP","floor":27},{"not_picked":["Underhanded Strike","Masterful Stab","Dagger Spray"],"picked":"SKIP","floor":28},{"not_picked":["Malaise","Outmaneuver","Quick Slash"],"picked":"SKIP","floor":30},{"not_picked":["Deflect","PiercingWail","Dagger Throw+1"],"picked":"SKIP","floor":31},{"not_picked":["Die Die Die","A Thousand Cuts"],"picked":"Burst","floor":33},{"not_picked":["Deadly Poison","Bouncing Flask","Choke"],"picked":"SKIP","floor":35},{"not_picked":["PiercingWail","Quick Slash"],"picked":"Backflip+1","floor":38},{"not_picked":["Dodge and Roll","Flechettes","Infinite Blades"],"picked":"SKIP","floor":39},{"not_picked":["Acrobatics+1","Blade Dance","Cloak And Dagger"],"picked":"SKIP","floor":41},{"not_picked":["PiercingWail","A Thousand Cuts","Bouncing Flask+1"],"picked":"SKIP","floor":42},{"not_picked":["Panacea","Blind"],"picked":"Secret Technique","floor":45},{"not_picked":["Backflip","Poisoned Stab+1","Storm of Steel"],"picked":"SKIP","floor":47},{"not_picked":["Backflip+1","Backstab"],"picked":"Blade Dance","floor":48},{"not_picked":["Acrobatics","Backflip","Backstab"],"picked":"SKIP","floor":48},{"not_picked":["Acrobatics","Predator","All Out Attack"],"picked":"SKIP","floor":54}],"player_experience":659909,"relics_obtained":[{"floor":8,"key":"Pear"},{"floor":9,"key":"PreservedInsect"},{"floor":11,"key":"Orichalcum"},{"floor":28,"key":"Bottled Tornado"},{"floor":29,"key":"Red Mask"},{"floor":30,"key":"The Courier"},{"floor":34,"key":"Akabeko"},{"floor":34,"key":"Shuriken"},{"floor":34,"key":"Lizard Tail"},{"floor":41,"key":"Ancient Tea Set"},{"floor":43,"key":"Prayer Wheel"},{"floor":47,"key":"Boot"},{"floor":54,"key":"Paper Crane"}],"event_choices":[{"damage_healed":0,"gold_gain":0,"player_choice":"Upgraded","damage_taken":0,"max_hp_gain":0,"max_hp_loss":0,"event_name":"Upgrade Shrine","floor":3,"gold_loss":0,"cards_upgraded":["Terror"]},{"damage_healed":0,"gold_gain":0,"player_choice":"Ignored","damage_taken":0,"max_hp_gain":0,"max_hp_loss":0,"event_name":"Liars Game","floor":12,"gold_loss":0},{"damage_healed":0,"gold_gain":0,"player_choice":"Got Potions","damage_taken":0,"max_hp_gain":0,"max_hp_loss":0,"event_name":"Lab","floor":14,"gold_loss":0},{"damage_healed":0,"gold_gain":0,"player_choice":"Ignored","damage_taken":0,"max_hp_gain":0,"max_hp_loss":0,"event_name":"Ghosts","floor":21,"gold_loss":0},{"damage_healed":0,"gold_gain":0,"player_choice":"Fought Bandits","damage_taken":0,"max_hp_gain":0,"max_hp_loss":0,"event_name":"Masked Bandits","floor":29,"gold_loss":0},{"cards_removed":["Choke"],"damage_healed":0,"gold_gain":0,"player_choice":"Removed Attack","damage_taken":0,"max_hp_gain":0,"max_hp_loss":0,"event_name":"Falling","floor":36,"gold_loss":0},{"cards_removed":["Doppelganger"],"damage_healed":0,"gold_gain":0,"player_choice":"Gave Card","damage_taken":0,"relics_obtained":["War Paint"],"max_hp_gain":0,"max_hp_loss":0,"event_name":"WeMeetAgain","floor":37,"gold_loss":0},{"damage_healed":0,"gold_gain":0,"player_choice":"Memory 1","damage_taken":0,"max_hp_gain":0,"max_hp_loss":0,"event_name":"SensoryStone","floor":45,"gold_loss":0}],"is_beta":false,"boss_relics":[{"not_picked":["Cursed Key","Sozu"],"picked":"Pandora\u0027s Box"},{"not_picked":["SacredBark","HoveringKite"],"picked":"Calling Bell"}],"items_purged_floors":[13,46],"is_endless":false,"potions_floor_spawned":[2,5,18,22,28,29,31,35,39,47,48,54],"killed_by":"The Heart","ascension_level":13}}