{"host":"f76wcztdlwlduum6","time":1613863370,"event":{"mods":["BaseMod","BetterRewards","Colored Powertips","Minty Spire (QoL Compilation)","Quick Restart","Rare Cards Sparkle","Relic Stats","StSLib","SuperFastMode","everything is the same but u backflip on backflip"],"gold_per_floor":[119,135,135,160,174,202,202,202,256,272,347,382,444,473,485,573,585,614,516,545,42,42,73,73,91,114,29,43,43,58,69,69,146,146,157,205,205,205,205,219,245,245,245,277,291,310,310,326,326,326,326,326],"floor_reached":51,"language":"ENG","playtime":1691,"items_purged":["Strike_R"],"score":1449,"play_id":"0c837b74-4012-4475-8eed-886437c3b6ef","local_time":"20210220172250","is_ascension_mode":true,"campfire_choices":[{"data":"Inflame","floor":7,"key":"SMITH"},{"floor":15,"key":"REST"},{"data":"Battle Trance","floor":24,"key":"SMITH"},{"floor":32,"key":"REST"},{"floor":42,"key":"REST"},{"data":"True Grit","floor":49,"key":"SMITH"}],"circlet_count":0,"master_deck":["AscendersBane","Strike_R","Strike_R","Defend_R","Defend_R","Defend_R+1","Bash","Sword Boomerang","Clothesline","Inflame+1","Hemokinesis+1","Battle Trance+1","Feel No Pain","Limit Break+1","Heavy Blade+1","Seeing Red","Reaper","Evolve+1","Flame Barrier","True Grit+1","Inflame+1","Limit Break","Feel No Pain+1","Dual Wield+1","Shrug It Off"],"relics":["Burning Blood","NeowsBlessing","Akabeko","HornCleat","Happy Flower","MawBank","Sozu","Frozen Egg 2","Shuriken","Anchor","Lantern","Busted Crown","Ice Cream","Omamori","Self Forming Clay","Mercury Hourglass"],"acts_visited":["Exordium","TheCity","TheBeyond"],"potions_floor_usage":[10,12,33],"damage_taken":[{"damage":0,"enemies":"Jaw Worm","floor":1,"turns":1},{"damage":0,"enemies":"Cultist","floor":2,"turns":1},{"damage":0,"enemies":"2 Louse","floor":5,"turns":1},{"damage":24,"enemies":"Gremlin Nob","floor":6,"turns":4},{"damage":0,"enemies":"Looter","floor":10,"turns":1},{"damage":23,"enemies":"Lagavulin","floor":12,"turns":4},{"damage":0,"enemies":"Large Slime","floor":14,"turns":4},{"damage":34,"enemies":"Slime Boss","floor":16,"turns":8},{"damage":4,"enemies":"Spheric Guardian","floor":18,"turns":3},{"damage":30,"enemies":"3 Byrds","floor":20,"turns":6},{"damage":22,"enemies":"Gremlin Leader","floor":23,"turns":5},{"damage":34,"enemies":"Cultist and Chosen","floor":25,"turns":5},{"damage":32,"enemies":"3 Cultists","floor":28,"turns":5},{"damage":2,"enemies":"Centurion and Healer","floor":30,"turns":3},{"damage":8,"enemies":"Shelled Parasite and Fungi","floor":31,"turns":4},{"damage":67,"enemies":"Collector","floor":33,"turns":9},{"damage":25,"enemies":"3 Shapes","floor":35,"turns":4},{"damage":36,"enemies":"2 Orb Walkers","floor":36,"turns":4},{"damage":7,"enemies":"3 Darklings","floor":40,"turns":3},{"damage":67,"enemies":"Reptomancer","floor":41,"turns":5},{"damage":5,"enemies":"Giant Head","floor":44,"turns":4},{"damage":13,"enemies":"Writhing Mass","floor":45,"turns":4},{"damage":17,"enemies":"Spire Growth","floor":46,"turns":5},{"damage":59,"enemies":"3 Darklings","floor":48,"turns":7},{"damage":54,"enemies":"Donu and Deca","floor":50,"turns":8},{"damage":21,"enemies":"Time Eater","floor":51,"turns":2}],"seed_played":"2990769150056150193","potions_obtained":[{"floor":5,"key":"Dexterity Potion"},{"floor":6,"key":"LiquidMemories"},{"floor":10,"key":"BlessingOfTheForge"}],"is_trial":false,"path_per_floor":["M","M","?","T","M","E","R","?","T","M","?","E","?","M","R","B",null,"M","?","M","$","?","E","R","M","T","?","M","$","M","M","R","B",null,"M","?","?","T","?","M","E","R","T","E","M","M","?","M","R","B","B"],"character_chosen":"IRONCLAD","items_purchased":["Frozen Egg 2","Reaper","Evolve+1"],"campfire_rested":3,"item_purchase_floors":[21,21,21],"current_hp_per_floor":[74,75,75,75,75,57,57,34,34,40,29,12,12,18,40,12,59,61,61,37,37,37,59,59,38,38,38,29,29,33,31,53,13,60,70,62,62,62,62,61,10,31,31,32,25,30,30,40,40,20,0,0],"gold":326,"neow_bonus":"THREE_ENEMY_KILL","is_daily":false,"chose_seed":false,"campfire_upgraded":3,"win_rate":0.0,"timestamp":1613863370,"path_taken":["M","M","?","?","?","E","R","?","T","M","?","E","?","?","R","BOSS","M","?","?","$","?","E","R","M","T","?","M","$","M","M","R","BOSS","M","?","?","?","?","M","E","R","T","E","M","M","?","M","R","BOSS","BOSS"],"items_purchased_type":["Relic","Card","Card"],"build_version":"2020-12-22","purchased_purges":1,"victory":false,"max_hp_per_floor":[75,75,75,75,75,75,75,75,75,75,75,75,75,75,75,75,75,75,75,75,75,75,75,75,75,75,75,75,75,75,75,75,75,75,75,75,75,75,71,71,71,71,71,71,71,71,71,71,71,71,71,71],"relic_stats":{"Sozu":6,"Busted Crown":18,"Happy Flower":[34],"counters":[26,110],"Shuriken":[9],"Self Forming Clay":[51],"MawBank":108,"obtain_stats":[{"Ice Cream":36,"Lantern":27,"NeowsBlessing":0,"Happy Flower":9,"Self Forming Clay":43,"Omamori":41,"Frozen Egg 2":21,"MawBank":12,"Burning Blood":0,"Akabeko":4,"Mercury Hourglass":44,"Sozu":17,"Anchor":26,"HornCleat":6,"Busted Crown":34,"Shuriken":23},{"Ice Cream":18,"Lantern":12,"NeowsBlessing":0,"Happy Flower":4,"Self Forming Clay":20,"Omamori":20,"Frozen Egg 2":10,"MawBank":6,"Burning Blood":0,"Akabeko":2,"Mercury Hourglass":21,"Sozu":8,"Anchor":12,"HornCleat":4,"Busted Crown":16,"Shuriken":11},{"Ice Cream":72,"Lantern":43,"NeowsBlessing":0,"Happy Flower":7,"Self Forming Clay":80,"Omamori":80,"Frozen Egg 2":33,"MawBank":12,"Burning Blood":0,"Akabeko":2,"Mercury Hourglass":84,"Sozu":24,"Anchor":43,"HornCleat":7,"Busted Crown":64,"Shuriken":38}],"Burning Blood":139,"Mercury Hourglass":[85]},"card_choices":[{"not_picked":["Rupture","Perfected Strike"],"picked":"Sword Boomerang","floor":1},{"not_picked":["Warcry","Perfected Strike"],"picked":"Clothesline","floor":2},{"not_picked":["Headbutt","Uppercut"],"picked":"Inflame","floor":5},{"not_picked":["Clash","Seeing Red"],"picked":"Hemokinesis","floor":6},{"not_picked":["Searing Blow","Clothesline","Headbutt"],"picked":"SKIP","floor":10},{"not_picked":["Anger","Iron Wave"],"picked":"Battle Trance","floor":12},{"not_picked":["Anger","Thunderclap"],"picked":"Feel No Pain","floor":14},{"not_picked":["Fiend Fire","Impervious"],"picked":"Limit Break","floor":16},{"not_picked":["Sword Boomerang","Armaments"],"picked":"Heavy Blade+1","floor":18},{"not_picked":["Sword Boomerang","Wild Strike"],"picked":"Seeing Red","floor":20},{"not_picked":["Seeing Red","Anger+1"],"picked":"Flame Barrier","floor":23},{"not_picked":["Anger","Iron Wave","Hemokinesis"],"picked":"SKIP","floor":25},{"not_picked":["Anger","Iron Wave"],"picked":"True Grit","floor":28},{"not_picked":["Cleave","Wild Strike","Dropkick"],"picked":"SKIP","floor":30},{"not_picked":["Wild Strike","Burning Pact"],"picked":"Inflame+1","floor":31},{"not_picked":["Impervious","Demon Form+1"],"picked":"Limit Break","floor":33},{"not_picked":["Sword Boomerang"],"picked":"SKIP","floor":35},{"not_picked":[],"picked":"Feel No Pain+1","floor":40},{"not_picked":[],"picked":"Dual Wield+1","floor":41},{"not_picked":[],"picked":"Shrug It Off","floor":44},{"not_picked":["Entrench"],"picked":"SKIP","floor":45},{"not_picked":["Havoc"],"picked":"SKIP","floor":46},{"not_picked":["Perfected Strike"],"picked":"SKIP","floor":48}],"player_experience":365141,"relics_obtained":[{"floor":4,"key":"Akabeko"},{"floor":6,"key":"HornCleat"},{"floor":9,"key":"Happy Flower"},{"floor":12,"key":"MawBank"},{"floor":23,"key":"Shuriken"},{"floor":26,"key":"Anchor"},{"floor":36,"key":"Ice Cream"},{"floor":41,"key":"Omamori"},{"floor":43,"key":"Self Forming Clay"},{"floor":44,"key":"Mercury Hourglass"}],"event_choices":[{"cards_removed":["Strike_R"],"damage_healed":0,"gold_gain":0,"player_choice":"Forget","damage_taken":0,"max_hp_gain":0,"max_hp_loss":0,"event_name":"Living Wall","floor":3,"gold_loss":0},{"damage_healed":0,"gold_gain":0,"player_choice":"Entered Light","damage_taken":23,"max_hp_gain":0,"max_hp_loss":0,"event_name":"Shining Light","floor":8,"gold_loss":0,"cards_upgraded":["Defend_R","Hemokinesis"]},{"damage_healed":0,"gold_gain":75,"player_choice":"Gather Gold","damage_taken":11,"max_hp_gain":0,"max_hp_loss":0,"event_name":"World of Goop","floor":11,"gold_loss":0},{"damage_healed":0,"gold_gain":50,"player_choice":"Pray","damage_taken":0,"max_hp_gain":0,"max_hp_loss":0,"event_name":"Golden Shrine","floor":13,"gold_loss":0},{"cards_removed":["Strike_R"],"damage_healed":0,"gold_gain":0,"player_choice":"Upgrade and Remove","damage_taken":0,"max_hp_gain":0,"max_hp_loss":0,"event_name":"Designer","floor":19,"gold_loss":110,"cards_upgraded":["Limit Break"]},{"damage_healed":0,"gold_gain":0,"player_choice":"Ignored","damage_taken":0,"max_hp_gain":0,"max_hp_loss":0,"event_name":"Vampires","floor":22,"gold_loss":0},{"damage_healed":0,"gold_gain":0,"player_choice":"Obtained Relic","damage_taken":0,"relics_obtained":["Lantern"],"max_hp_gain":0,"max_hp_loss":0,"event_name":"Addict","floor":27,"gold_loss":85},{"damage_healed":0,"gold_gain":0,"player_choice":"Fight","damage_taken":0,"max_hp_gain":0,"max_hp_loss":0,"event_name":"Mysterious Sphere","floor":36,"gold_loss":0},{"cards_removed":["Defend_R"],"damage_healed":0,"gold_gain":0,"player_choice":"Removed Skill","damage_taken":0,"max_hp_gain":0,"max_hp_loss":0,"event_name":"Falling","floor":37,"gold_loss":0},{"damage_healed":0,"gold_gain":0,"player_choice":"Max HP","damage_taken":0,"max_hp_gain":0,"max_hp_loss":4,"event_name":"Winding Halls","floor":39,"gold_loss":0},{"damage_healed":0,"gold_gain":0,"player_choice":"Memory 1","damage_taken":0,"max_hp_gain":0,"max_hp_loss":0,"event_name":"SensoryStone","floor":47,"gold_loss":0}],"is_beta":false,"boss_relics":[{"not_picked":["Fusion Hammer","Black Blood"],"picked":"Sozu"},{"not_picked":["SacredBark","Velvet Choker"],"picked":"Busted Crown"}],"items_purged_floors":[21],"is_endless":false,"potions_floor_spawned":[5,6,10,18,20,28,33,44,45],"killed_by":"Time Eater","ascension_level":20}}