{"host":"hnflc3t7qut4yf6t","time":1613823447,"event":{"mods":["BaseMod","Minty Spire (QoL Compilation)","Random Character Button","Relic Stats","Slay-I"],"gold_per_floor":[109,37,54,129,140,168,214,214,214,214,214,228,228,263,263,362,362,377,138,154,154,154,187,187,200,226,226,259,259,259,279,279,381,381,394,56,71,119,119,119,148,148,148,162,162,37,37,47,47,47],"floor_reached":51,"language":"ENG","playtime":2506,"items_purged":["Strike_B","Strike_B","Strike_B"],"score":794,"play_id":"3cb2fecb-1b5d-45e2-b51c-5a4647c525b8","local_time":"20210220131727","is_ascension_mode":false,"campfire_choices":[{"floor":11,"key":"REST"},{"data":"Gash","floor":15,"key":"SMITH"},{"data":"Buffer","floor":29,"key":"SMITH"},{"data":"Go for the Eyes","floor":32,"key":"SMITH"},{"data":"Double Energy","floor":40,"key":"SMITH"},{"data":"Defend_B","floor":42,"key":"SMITH"},{"data":"Compile Driver","floor":45,"key":"SMITH"},{"data":"Defend_B","floor":47,"key":"SMITH"},{"data":"Chill","floor":49,"key":"SMITH"}],"circlet_count":0,"master_deck":["Strike_B","Defend_B+1","Defend_B","Defend_B","Defend_B+1","Zap+1","Compile Driver+1","Chill+1","Go for the Eyes","Tempest","Go for the Eyes","Gash+1","Conserve Battery","Coolheaded","Rainbow","CurseOfTheBell","Conserve Battery","Buffer+1","Cold Snap","Defragment+1","Go for the Eyes+1","Double Energy+1","Go for the Eyes","Electrodynamics","Cold Snap+1","Impatience","Conserve Battery","Undo","Cold Snap"],"relics":["Inserter","Juzu Bracelet","Ancient Tea Set","Eternal Feather","Ornamental Fan","Toy Ornithopter","Calling Bell","Boot","Meat on the Bone","Ice Cream","Pear","Bottled Tornado","Kunai","MealTicket","Blood Vial","Velvet Choker","PreservedInsect","Bird Faced Urn","Letter Opener","Happy Flower"],"acts_visited":["Exordium","TheCity","TheBeyond"],"potions_floor_usage":[16,33,38,50,50,50],"damage_taken":[{"damage":2,"enemies":"Cultist","floor":1,"turns":5},{"damage":0,"enemies":"Small Slimes","floor":3,"turns":3},{"damage":0,"enemies":"Jaw Worm","floor":5,"turns":4},{"damage":49,"enemies":"Gremlin Nob","floor":6,"turns":6},{"damage":17,"enemies":"Exordium Thugs","floor":12,"turns":4},{"damage":8,"enemies":"3 Sentries","floor":14,"turns":8},{"damage":10,"enemies":"Hexaghost","floor":16,"turns":14},{"damage":7,"enemies":"Chosen","floor":18,"turns":5},{"damage":5,"enemies":"3 Byrds","floor":20,"turns":5},{"damage":0,"enemies":"Book of Stabbing","floor":23,"turns":8},{"damage":12,"enemies":"Snake Plant","floor":25,"turns":6},{"damage":42,"enemies":"Gremlin Leader","floor":28,"turns":9},{"damage":0,"enemies":"Snecko","floor":31,"turns":5},{"damage":8,"enemies":"Collector","floor":33,"turns":10},{"damage":0,"enemies":"3 Shapes","floor":35,"turns":7},{"damage":5,"enemies":"3 Darklings","floor":37,"turns":4},{"damage":42,"enemies":"2 Orb Walkers","floor":38,"turns":7},{"damage":4,"enemies":"Nemesis","floor":41,"turns":7},{"damage":4,"enemies":"Transient","floor":44,"turns":5},{"damage":3,"enemies":"Sphere and 2 Shapes","floor":48,"turns":5},{"damage":18,"enemies":"Awakened One","floor":50,"turns":15}],"seed_played":"-8393524362658999365","potions_obtained":[{"floor":5,"key":"ColorlessPotion"},{"floor":14,"key":"Dexterity Potion"},{"floor":16,"key":"Dexterity Potion"},{"floor":20,"key":"ColorlessPotion"},{"floor":28,"key":"Explosive Potion"},{"floor":35,"key":"Regen Potion"},{"floor":38,"key":"Swift Potion"}],"is_trial":false,"path_per_floor":["M","$","M","?","M","E","T","?","T","?","R","M","?","E","R","B",null,"M","$","M","?","?","E","T","M","T","?","E","R","?","M","R","B",null,"M","$","M","?","?","R","E","R","T","M","R","$","R","M","R","B",null],"character_chosen":"DEFECT","items_purchased":["Chill","Buffer","Cold Snap","Go for the Eyes","PreservedInsect","Impatience"],"campfire_rested":1,"item_purchase_floors":[2,19,19,19,36,36],"current_hp_per_floor":[73,73,73,62,62,13,13,13,13,13,44,27,27,19,28,23,75,68,68,63,73,73,73,73,61,61,61,31,46,46,48,63,62,85,85,85,80,43,43,58,62,77,77,81,85,85,85,84,85,85],"gold":47,"neow_bonus":"BOSS_RELIC","is_daily":false,"chose_seed":false,"campfire_upgraded":8,"win_rate":0.0,"timestamp":1613823447,"path_taken":["M","$","?","?","M","E","?","?","T","?","R","M","?","E","R","BOSS","M","?","M","?","?","E","?","M","T","?","E","R","?","M","R","BOSS","M","?","M","?","?","R","E","R","T","M","R","$","R","M","R","BOSS"],"items_purchased_type":["Card","Card","Card","Card","Relic","Card"],"build_version":"2020-12-22","purchased_purges":3,"victory":true,"max_hp_per_floor":[75,75,75,75,75,75,75,75,75,75,75,75,75,75,75,75,75,75,75,75,85,85,85,85,85,85,85,85,85,85,85,85,85,85,85,85,85,85,85,85,85,85,85,85,85,85,85,85,85,85],"relic_stats":{"Inserter":[70],"Happy Flower":[8],"counters":[21,142],"Eternal Feather":83,"PreservedInsect":47,"Juzu Bracelet":4,"Letter Opener":[75],"Boot":[207],"Blood Vial":10,"Ornamental Fan":[156],"Bird Faced Urn":[14],"MealTicket":0,"Kunai":[30],"obtain_stats":[{"Ice Cream":17,"Inserter":0,"Pear":21,"Happy Flower":43,"Velvet Choker":34,"Eternal Feather":9,"PreservedInsect":36,"Juzu Bracelet":6,"Letter Opener":41,"Bottled Tornado":23,"Ancient Tea Set":7,"Boot":17,"Calling Bell":17,"Blood Vial":28,"Ornamental Fan":13,"Bird Faced Urn":38,"MealTicket":26,"Kunai":24,"Cracked Core":0,"Toy Ornithopter":14,"Meat on the Bone":17},{"Ice Cream":7,"Inserter":0,"Pear":9,"Happy Flower":18,"Velvet Choker":14,"Eternal Feather":4,"PreservedInsect":15,"Juzu Bracelet":4,"Letter Opener":18,"Bottled Tornado":10,"Ancient Tea Set":4,"Boot":7,"Calling Bell":7,"Blood Vial":12,"Ornamental Fan":5,"Bird Faced Urn":17,"MealTicket":11,"Kunai":10,"Cracked Core":0,"Toy Ornithopter":6,"Meat on the Bone":7},{"Ice Cream":44,"Inserter":0,"Pear":54,"Happy Flower":117,"Velvet Choker":92,"Eternal Feather":18,"PreservedInsect":99,"Juzu Bracelet":18,"Letter Opener":117,"Bottled Tornado":62,"Ancient Tea Set":18,"Boot":44,"Calling Bell":44,"Blood Vial":77,"Ornamental Fan":22,"Bird Faced Urn":110,"MealTicket":68,"Kunai":62,"Cracked Core":0,"Toy Ornithopter":30,"Meat on the Bone":44}],"Toy Ornithopter":28,"Meat on the Bone":12},"card_choices":[{"not_picked":["Sweeping Beam","Redo"],"picked":"Compile Driver","floor":1},{"not_picked":["Streamline","Darkness"],"picked":"Go for the Eyes","floor":3},{"not_picked":["Beam Cell","Double Energy"],"picked":"Tempest","floor":5},{"not_picked":["Hello World","Sweeping Beam"],"picked":"Go for the Eyes","floor":6},{"not_picked":["Capacitor","Darkness"],"picked":"Conserve Battery","floor":12},{"not_picked":["Gash","Machine Learning"],"picked":"Coolheaded","floor":14},{"not_picked":["Seek","Multi-Cast"],"picked":"Rainbow","floor":16},{"not_picked":["Reprogram","Gash"],"picked":"Conserve Battery","floor":18},{"not_picked":["Blizzard+1","Streamline"],"picked":"Defragment+1","floor":20},{"not_picked":["Blizzard","Aggregate","Glacier+1"],"picked":"SKIP","floor":23},{"not_picked":["Cold Snap","Auto Shields"],"picked":"Go for the Eyes","floor":25},{"not_picked":["Streamline","Static Discharge","Force Field+1"],"picked":"SKIP","floor":28},{"not_picked":["Cold Snap","Scrape"],"picked":"Go for the Eyes","floor":31},{"not_picked":["Creative AI","Thunder Strike"],"picked":"Electrodynamics","floor":33},{"not_picked":["Compile Driver+1","Static Discharge"],"picked":"Cold Snap+1","floor":35},{"not_picked":["Leap","Stack+1","Fusion+1"],"picked":"SKIP","floor":37},{"not_picked":["Compile Driver","Steam"],"picked":"Conserve Battery","floor":41},{"not_picked":["Hologram","Double Energy"],"picked":"Undo","floor":44},{"not_picked":["Static Discharge+1","Beam Cell+1"],"picked":"Cold Snap","floor":48}],"player_experience":7517,"relics_obtained":[{"floor":6,"key":"Juzu Bracelet"},{"floor":7,"key":"Ancient Tea Set"},{"floor":9,"key":"Eternal Feather"},{"floor":13,"key":"Ornamental Fan"},{"floor":14,"key":"Toy Ornithopter"},{"floor":17,"key":"Boot"},{"floor":17,"key":"Meat on the Bone"},{"floor":17,"key":"Ice Cream"},{"floor":23,"key":"Bottled Tornado"},{"floor":24,"key":"Kunai"},{"floor":26,"key":"MealTicket"},{"floor":28,"key":"Blood Vial"},{"floor":38,"key":"Bird Faced Urn"},{"floor":41,"key":"Letter Opener"},{"floor":43,"key":"Happy Flower"}],"event_choices":[{"damage_healed":0,"gold_gain":75,"player_choice":"Gather Gold","damage_taken":11,"max_hp_gain":0,"max_hp_loss":0,"event_name":"World of Goop","floor":4,"gold_loss":0},{"damage_healed":0,"gold_gain":0,"player_choice":"Grow","damage_taken":0,"max_hp_gain":0,"max_hp_loss":0,"event_name":"Living Wall","floor":8,"gold_loss":0,"cards_upgraded":["Zap"]},{"damage_healed":0,"gold_gain":0,"player_choice":"1 cards matched","damage_taken":0,"max_hp_gain":0,"max_hp_loss":0,"event_name":"Match and Keep!","floor":10,"gold_loss":0,"cards_obtained":["Gash"]},{"damage_healed":0,"gold_gain":0,"player_choice":"Relic","damage_taken":0,"max_hp_gain":0,"max_hp_loss":0,"event_name":"Wheel of Change","floor":13,"gold_loss":0},{"damage_healed":0,"gold_gain":0,"player_choice":"Opened","damage_taken":0,"relics_obtained":["Pear"],"max_hp_gain":0,"max_hp_loss":0,"event_name":"The Mausoleum","floor":21,"gold_loss":0,"cards_obtained":["Writhe"]},{"damage_healed":0,"gold_gain":0,"player_choice":"Ignored","damage_taken":0,"max_hp_gain":0,"max_hp_loss":0,"event_name":"Vampires","floor":22,"gold_loss":0},{"damage_healed":0,"gold_gain":0,"cards_transformed":["Dualcast"],"player_choice":"Transformed","damage_taken":0,"max_hp_gain":0,"max_hp_loss":0,"event_name":"Transmorgrifier","floor":27,"gold_loss":0,"cards_obtained":["Double Energy"]},{"cards_removed":["Writhe"],"damage_healed":0,"gold_gain":0,"player_choice":"Removed Curses","damage_taken":0,"max_hp_gain":0,"max_hp_loss":0,"event_name":"Fountain of Cleansing","floor":30,"gold_loss":0},{"damage_healed":0,"gold_gain":0,"player_choice":"Fight","damage_taken":0,"max_hp_gain":0,"max_hp_loss":0,"event_name":"Mysterious Sphere","floor":38,"gold_loss":0},{"cards_removed":["Go for the Eyes"],"damage_healed":0,"gold_gain":0,"player_choice":"Removed Attack","damage_taken":0,"max_hp_gain":0,"max_hp_loss":0,"event_name":"Falling","floor":39,"gold_loss":0}],"is_beta":false,"boss_relics":[{"not_picked":["Busted Crown","SacredBark"],"picked":"Calling Bell"},{"not_picked":["Cursed Key","Empty Cage"],"picked":"Velvet Choker"}],"items_purged_floors":[19,36,46],"is_endless":false,"potions_floor_spawned":[5,14,16,20,25,28,35,38],"ascension_level":0}}