{"host":"b9id4afcchnn1rfb","time":1613861059,"event":{"mods":["Act Like it!","BaseMod","Better Note","Colored Map","Colored Powertips","Hallownest","Hermit","Infinite Spire","Minty Spire (QoL Compilation)","StSLib","SuperFastMode","The Death Knight","The Necromancer"],"gold_per_floor":[110,110,110,127,142,174,174,205,205],"floor_reached":8,"language":"ENG","playtime":193,"items_purged":[],"score":89,"play_id":"1a481b1a-c079-4d11-b8ad-f7f9005cb7de","local_time":"20210220234419","is_ascension_mode":true,"campfire_choices":[{"data":"Beam Cell","floor":7,"key":"SMITH"}],"circlet_count":0,"master_deck":["AscendersBane","Strike_B","Strike_B","Strike_B","Defend_B","Defend_B","Defend_B","Defend_B","Zap","Dualcast","Ball Lightning","Doom and Gloom","Beam Cell+1","BootSequence","Double Energy"],"relics":["Cracked Core","Hallownest:DreamNailRelic","Bag of Marbles","Centennial Puzzle"],"acts_visited":["Exordium"],"potions_floor_usage":[],"damage_taken":[{"damage":12,"enemies":"Hallownest:2_Tiktiks_and_1_Crawlid","floor":1,"turns":4},{"damage":14,"enemies":"2_ Uuma","floor":4,"turns":6},{"damage":7,"enemies":"Hallownest:monsterHuskGuard","floor":5,"turns":3},{"damage":2,"enemies":"Hallownest:eliteVengeflyKing","floor":6,"turns":7},{"damage":22,"enemies":"Hallownest:eliteMossKnight","floor":8,"turns":6}],"seed_played":"-4929468961017196362","potions_obtained":[{"floor":4,"key":"LiquidBronze"},{"floor":5,"key":"GamblersBrew"},{"floor":6,"key":"SteroidPotion"}],"is_trial":false,"path_per_floor":["M","?","?","M","M","E","R","E"],"character_chosen":"DEFECT","items_purchased":[],"campfire_rested":0,"item_purchase_floors":[],"current_hp_per_floor":[63,63,63,49,42,40,40,18,18],"gold":205,"neow_bonus":"TEN_PERCENT_HP_BONUS","is_daily":false,"chose_seed":false,"campfire_upgraded":1,"win_rate":0.0,"timestamp":1613861059,"path_taken":["M","?","?","M","M","E","R","E"],"items_purchased_type":[],"build_version":"2020-12-22","purchased_purges":0,"victory":false,"max_hp_per_floor":[82,82,82,82,82,82,82,82,82],"card_choices":[{"not_picked":["Steam","Streamline"],"picked":"Ball Lightning","floor":1},{"not_picked":["Hologram","Cold Snap"],"picked":"Beam Cell","floor":4},{"not_picked":["Hologram","Streamline"],"picked":"BootSequence","floor":5},{"not_picked":["Hologram","Compile Driver"],"picked":"Double Energy","floor":6}],"player_experience":494397,"relics_obtained":[{"floor":6,"key":"Bag of Marbles"},{"floor":8,"key":"Centennial Puzzle"}],"event_choices":[],"is_beta":false,"boss_relics":[],"items_purged_floors":[],"is_endless":false,"potions_floor_spawned":[4,5,6,8],"killed_by":"Hallownest:eliteMossKnight","ascension_level":10}}