{"host":"i0avyit1s6jb1siw","time":1613782110,"event":{"mods":["BaseMod","DeckTracker","Dota2Spire","Minty Spire (QoL Compilation)","Quick Restart","StSLib","SuperFastMode"],"gold_per_floor":[149,187,187,219,219,219,103,178,232,232,232,285,285,316,385,385,385,488,488,523,448,448,448,82,82,95,124,124,147,171,181,222,222,281,321,321,398,398,410,465,465,501,538,566,566,594,641,673,685,114,148,164,164,164,164,164,164,6,40,40],"floor_reached":61,"language":"ENG","playtime":1804,"items_purged":["Strike_G","Decay","Dagger Spray"],"score":3201,"play_id":"c63efed4-e499-4627-9ec1-072f20d799de","local_time":"20210220014830","is_ascension_mode":true,"campfire_choices":[{"floor":6.0,"key":"REST"},{"data":"Terror","floor":11.0,"key":"SMITH"},{"data":"HandOfGreed","floor":13.0,"key":"SMITH"},{"data":"Crippling Poison","floor":16.0,"key":"SMITH"},{"data":"Blade Dance","floor":17.0,"key":"SMITH"},{"data":"Neutralize","floor":25.0,"key":"SMITH"},{"floor":28.0,"key":"REST"},{"data":"Accuracy","floor":33.0,"key":"SMITH"},{"floor":36.0,"key":"REST"},{"floor":45.0,"key":"RECALL"},{"data":"Burst","floor":53,"key":"SMITH"},{"data":"Acrobatics","floor":57,"key":"SMITH"}],"circlet_count":0,"master_deck":["AscendersBane","Defend_G","Defend_G","Defend_G","Defend_G","Defend_G","Survivor","Neutralize+1","HandOfGreed+1","Flying Knee","Poisoned Stab+1","Terror+1","Dash+1","Blade Dance+1","Crippling Poison+1","Corpse Explosion","Backflip","PiercingWail","Sucker Punch","Accuracy+1","Malaise","PiercingWail","Burst+1","Acrobatics+1","Dodge and Roll+1","Acrobatics","After Image+1","Blade Dance","Well Laid Plans+1","PiercingWail"],"relics":["Ring of the Snake","Dota2Spire:UrnOfShadows","Dream Catcher","Dota2Spire:CrimsonGuard","InkBottle","TungstenRod","Dota2Spire:RefresherOrb","Paper Crane","Blood Vial","Whetstone","Vajra","Happy Flower","Empty Cage","Ice Cream","Meat on the Bone","Ornamental Fan","Frozen Egg 2","Dota2Spire:PowerTreads","Lantern","Dota2Spire:BlackKingBar","Oddly Smooth Stone","Medical Kit","Akabeko"],"acts_visited":["Exordium","TheCity","TheBeyond","TheEnding"],"potions_floor_usage":[60,60],"damage_taken":[{"damage":6.0,"enemies":"Small Slimes","floor":1.0,"turns":3.0},{"damage":1.0,"enemies":"Cultist","floor":2.0,"turns":3.0},{"damage":0.0,"enemies":"2 Louse","floor":4.0,"turns":3.0},{"damage":8.0,"enemies":"Gremlin Nob","floor":12.0,"turns":3.0},{"damage":0.0,"enemies":"Lagavulin","floor":14.0,"turns":7.0},{"damage":0.0,"enemies":"2 Fungi Beasts","floor":15.0,"turns":6.0},{"damage":6.0,"enemies":"Hexaghost","floor":18.0,"turns":9.0},{"damage":5.0,"enemies":"2 Thieves","floor":20.0,"turns":3.0},{"damage":0.0,"enemies":"Spheric Guardian","floor":26.0,"turns":4.0},{"damage":14.0,"enemies":"Book of Stabbing","floor":27.0,"turns":6.0},{"damage":5.0,"enemies":"Snecko","floor":31.0,"turns":3.0},{"damage":0.0,"enemies":"3 Cultists","floor":32.0,"turns":3.0},{"damage":0.0,"enemies":"Slavers","floor":34.0,"turns":2.0},{"damage":16.0,"enemies":"Shelled Parasite and Fungi","floor":35.0,"turns":4.0},{"damage":10.0,"enemies":"Automaton","floor":37.0,"turns":8.0},{"damage":0.0,"enemies":"Orb Walker","floor":39.0,"turns":3.0},{"damage":0.0,"enemies":"2 Orb Walkers","floor":40.0,"turns":1.0},{"damage":10.0,"enemies":"3 Shapes","floor":42.0,"turns":4.0},{"damage":9.0,"enemies":"Sphere and 2 Shapes","floor":43.0,"turns":4.0},{"damage":17.0,"enemies":"Nemesis","floor":44.0,"turns":9.0},{"damage":20.0,"enemies":"Reptomancer","floor":46.0,"turns":6.0},{"damage":13,"enemies":"Nemesis","floor":48,"turns":7},{"damage":0,"enemies":"Spire Growth","floor":49,"turns":5},{"damage":0,"enemies":"Reptomancer","floor":51,"turns":5},{"damage":0,"enemies":"Writhing Mass","floor":52,"turns":6},{"damage":3,"enemies":"Donu and Deca","floor":54,"turns":7},{"damage":0,"enemies":"Awakened One","floor":55,"turns":15},{"damage":6,"enemies":"Shield and Spear","floor":59,"turns":4},{"damage":29,"enemies":"The Heart","floor":60,"turns":12}],"seed_played":"-4088324097160543007","potions_obtained":[{"floor":4.0,"key":"DistilledChaos"},{"floor":12.0,"key":"EntropicBrew"},{"floor":15.0,"key":"SkillPotion"},{"floor":26.0,"key":"Weak Potion"}],"is_trial":false,"path_per_floor":["M","M","?","M","?","R","$","?","T","T","R","E","R","E","M","R","R","B",null,"M","?","?","?","$","R","M","E","R","T","T","M","M","R","E","M","R","B",null,"M","?","T","M","M","E","R","E","T","E","M","$","E","M","R","B","B",null,"R","$","E","B",null],"character_chosen":"THE_SILENT","items_purchased":["Terror","Paper Crane","Lantern","Dota2Spire:BlackKingBar","Medical Kit"],"campfire_rested":3,"item_purchase_floors":[7,24,50,50,58],"current_hp_per_floor":[38,37,37,37,11,30,30,19,19,19,19,17,17,17,17,17,17,11,52,47,47,30,30,30,30,30,16,37,37,37,34,36,36,41,30,51,49,66,68,70,70,61,54,45,45,45,45,46,48,48,50,52,52,57,59,68,68,68,64,40],"gold":40,"neow_bonus":"RANDOM_COLORLESS_2","is_daily":false,"chose_seed":false,"campfire_upgraded":8,"win_rate":0.0,"timestamp":1613782110,"path_taken":["M","M","?","?","?","R","$","?","T","T","R","E","R","E","M","R","R","BOSS","M","?","?","?","$","R","?","E","R","T","T","M","M","R","E","M","R","BOSS","M","?","?","M","M","E","R","E","T","E","M","$","E","M","R","BOSS","BOSS","R","$","E","BOSS"],"items_purchased_type":["Card","Relic","Relic","Relic","Relic"],"build_version":"2020-12-22","purchased_purges":3,"victory":true,"max_hp_per_floor":[66,66,66,66,66,66,66,66,66,66,66,66,66,66,66,66,66,66,66,66,66,71,71,71,71,71,71,71,71,71,71,71,71,71,71,71,71,71,71,71,71,71,71,71,71,71,71,71,71,71,71,71,71,71,71,71,71,71,71,71],"card_choices":[{"not_picked":["Master of Strategy","Magnetism"],"picked":"HandOfGreed","floor":0.0},{"not_picked":["Dagger Spray","Deflect"],"picked":"Flying Knee","floor":1.0},{"not_picked":["Flechettes","Bane"],"picked":"Poisoned Stab","floor":2.0},{"not_picked":["Endless Agony","Underhanded Strike"],"picked":"Dagger Spray","floor":4.0},{"not_picked":["Dagger Throw","All Out Attack"],"picked":"Dash","floor":12.0},{"not_picked":["Dagger Throw","Unload"],"picked":"Blade Dance","floor":14.0},{"not_picked":["Backflip","Deflect"],"picked":"Crippling Poison","floor":15.0},{"not_picked":["Bullet Time","A Thousand Cuts"],"picked":"Corpse Explosion","floor":18.0},{"not_picked":["Dodge and Roll","Outmaneuver"],"picked":"Backflip","floor":20.0},{"not_picked":["Backflip","Dodge and Roll"],"picked":"PiercingWail","floor":26.0},{"not_picked":["A Thousand Cuts","PiercingWail+1"],"picked":"Sucker Punch","floor":27.0},{"not_picked":["Outmaneuver","Prepared"],"picked":"Accuracy","floor":28.0},{"not_picked":["Choke","Prepared","Concentrate"],"picked":"SKIP","floor":31.0},{"not_picked":["Dagger Spray","Setup"],"picked":"Malaise","floor":32.0},{"not_picked":["Expertise","Dagger Spray"],"picked":"PiercingWail","floor":34.0},{"not_picked":["Outmaneuver","Deadly Poison","Terror"],"picked":"SKIP","floor":35.0},{"not_picked":["Storm of Steel","Grand Finale"],"picked":"Burst","floor":37.0},{"not_picked":["Slice","Sucker Punch"],"picked":"Acrobatics","floor":39.0},{"not_picked":["Dagger Spray","Outmaneuver","Reflex"],"picked":"SKIP","floor":42.0},{"not_picked":["Deflect","Bouncing Flask"],"picked":"Dodge and Roll+1","floor":43.0},{"not_picked":["Doppelganger","Deflect"],"picked":"Acrobatics","floor":44.0},{"not_picked":["Blade Dance","Dagger Throw"],"picked":"After Image+1","floor":46.0},{"not_picked":["Concentrate","Dodge and Roll+1"],"picked":"Blade Dance","floor":48},{"not_picked":["Deflect","Concentrate"],"picked":"Well Laid Plans+1","floor":49},{"not_picked":["Calculated Gamble","Underhanded Strike+1","Poisoned Stab"],"picked":"SKIP","floor":51},{"not_picked":["PiercingWail","Sucker Punch","Choke"],"picked":"SKIP","floor":52},{"not_picked":["Dagger Throw+1","Skewer"],"picked":"PiercingWail","floor":59}],"player_experience":2476727,"relics_obtained":[{"floor":9.0,"key":"Dream Catcher"},{"floor":10.0,"key":"Dota2Spire:CrimsonGuard"},{"floor":12.0,"key":"InkBottle"},{"floor":14.0,"key":"TungstenRod"},{"floor":27.0,"key":"Blood Vial"},{"floor":29.0,"key":"Whetstone"},{"floor":30.0,"key":"Vajra"},{"floor":34.0,"key":"Happy Flower"},{"floor":40.0,"key":"Ice Cream"},{"floor":41.0,"key":"Meat on the Bone"},{"floor":44.0,"key":"Ornamental Fan"},{"floor":46.0,"key":"Frozen Egg 2"},{"floor":48,"key":"Dota2Spire:PowerTreads"},{"floor":51,"key":"Oddly Smooth Stone"},{"floor":59,"key":"Akabeko"}],"event_choices":[{"cards_removed":["Strike_G"],"damage_healed":0.0,"max_hp_gain":0.0,"max_hp_loss":0.0,"gold_gain":0.0,"event_name":"Purifier","player_choice":"Purged","floor":3.0,"gold_loss":0.0,"damage_taken":0.0},{"damage_healed":0.0,"max_hp_gain":0.0,"max_hp_loss":0.0,"gold_gain":0.0,"event_name":"Scrap Ooze","player_choice":"Success","floor":5.0,"gold_loss":0.0,"damage_taken":26.0,"relics_obtained":["Dota2Spire:UrnOfShadows"]},{"damage_healed":0.0,"max_hp_gain":0.0,"max_hp_loss":0.0,"gold_gain":75.0,"event_name":"World of Goop","player_choice":"Gather Gold","floor":8.0,"gold_loss":0.0,"damage_taken":11.0},{"cards_removed":["Strike_G"],"damage_healed":0.0,"max_hp_gain":0.0,"max_hp_loss":0.0,"gold_gain":0.0,"event_name":"Beggar","player_choice":"Gave Gold","floor":21.0,"gold_loss":75.0,"damage_taken":0.0},{"damage_healed":0.0,"max_hp_gain":5.0,"max_hp_loss":0.0,"gold_gain":0.0,"event_name":"Forgotten Altar","player_choice":"Shed Blood","floor":22.0,"gold_loss":0.0,"damage_taken":23.0},{"damage_healed":0.0,"max_hp_gain":0.0,"max_hp_loss":0.0,"gold_gain":0.0,"event_name":"Wheel of Change","player_choice":"Cursed","floor":23.0,"gold_loss":0.0,"damage_taken":0.0,"cards_obtained":["Decay"]},{"damage_healed":0.0,"max_hp_gain":0.0,"max_hp_loss":0.0,"gold_gain":0.0,"event_name":"Mysterious Sphere","player_choice":"Fight","floor":40.0,"gold_loss":0.0,"damage_taken":0.0}],"is_beta":false,"boss_relics":[{"not_picked":["Pandora\u0027s Box","Runic Pyramid"],"picked":"Dota2Spire:RefresherOrb"},{"not_picked":["SacredBark","Busted Crown"],"picked":"Empty Cage"}],"items_purged_floors":[7,24,50],"is_endless":false,"potions_floor_spawned":[4,12,15,26,27,34,39,43,51,52],"ascension_level":20}}