{"host":"jjunaul04msmo6r1","time":1613840509,"event":{"mods":["BaseMod","Better Third Choice","Booster Modes","Colored Map","Downfall","Minty Spire (QoL Compilation)","Relic Stats","StSLib","UnlockEverythingMod","everything is the same but u backflip on backflip"],"gold_per_floor":[99,111,121,138,152,180,180,200,200,226,26,43,77,98,121,235,235,135,161,261,17,36,76,102,102,126,143,165,165,192,41,58,172,172,172,194,206,206,267,267,294,333,392,430,93,93,104,141,158,158,158,192,38,38,38,38],"floor_reached":57,"language":"ENG","playtime":10430,"items_purged":["bronze:Strike","bronze:Strike","bronze:Strike"],"score":1389,"play_id":"eb0ffccb-28d0-4530-b58f-4047fba73e98","local_time":"20210220100149","is_ascension_mode":true,"campfire_choices":[{"data":"bronze:Goto","floor":1,"key":"SMITH"},{"floor":11,"key":"RECALL"},{"data":"bronze:InfiniteBeams","floor":18,"key":"SMITH"},{"data":"Apotheosis","floor":29,"key":"SMITH"},{"data":"bronze:Assembly","floor":35,"key":"SMITH"},{"data":"bronze:BronzeOrb","floor":40,"key":"SMITH"},{"data":"bronze:Philosophize","floor":46,"key":"SMITH"},{"data":"bronze:Replicate","floor":54,"key":"SMITH"}],"circlet_count":0,"master_deck":["bronze:Strike","bronze:Defend","bronze:Defend","bronze:Defend+1","bronze:Replicate+1","bronze:Goto+1","bronze:MaxOutput","bronze:InfiniteBeams+1","bronze:Philosophize+1","bronze:ChosenStrike+1","bronze:Iterate","bronze:Constructor","bronze:ForceShield+1","bronze:Return","bronze:ForceShield","bronze:Assembly+1","bronze:Invalidate+1","bronze:Shell+1","Apotheosis+1","bronze:Iterate","bronze:Deprecate","bronze:FineTuning","bronze:ClassDefault+1","bronze:BronzeOrb+1","bronze:Repair","expansioncontent:Chronoboost","bronze:FineTuning+1","bronze:MaxOutput+1","bronze:ItsAFeature","bronze:InfiniteBeams+1","bronze:DelayedGuard+1","bronze:Repulsor+1","bronze:BronzeOrb+1","bronze:Deprecate+1"],"relics":["bronze:BronzeCore","Pear","downfall:ShatteredFragment","Ginger","downfall:HeartBlessingGreen","downfall:HeartBlessingBlue","CeramicFish","Coffee Dripper","downfall:HeartBlessingRed","downfall:GremlinWheel","MealTicket","Omamori","champ:Barbells","Blood Vial","bronze:ElectromagneticCoil","Mango","bronze:ProtectiveGoggles","Dream Catcher","TungstenRod","Anchor","Nunchaku","Ornamental Fan","bronze:Timepiece","hexamod:BolsterEngine"],"acts_visited":["Exordium","TheCity","TheBeyond","TheEnding"],"potions_floor_usage":[5,10,14,20,30,36,39,42,42,42,43,48,56,56],"damage_taken":[{"damage":0,"enemies":"2 Louse","floor":2,"turns":3},{"damage":0,"enemies":"Cultist","floor":3,"turns":4},{"damage":1,"enemies":"Jaw Worm","floor":4,"turns":4},{"damage":0,"enemies":"2 Fungi Beasts","floor":5,"turns":4},{"damage":16,"enemies":"Gremlin Nob","floor":6,"turns":3},{"damage":9,"enemies":"Blue Slaver","floor":8,"turns":4},{"damage":12,"enemies":"3 Sentries","floor":10,"turns":3},{"damage":2,"enemies":"Gremlin Gang","floor":12,"turns":4},{"damage":20,"enemies":"Lagavulin","floor":13,"turns":5},{"damage":7,"enemies":"Lots of Slimes","floor":14,"turns":3},{"damage":0,"enemies":"downfall:LooterAlt","floor":15,"turns":2},{"damage":1,"enemies":"SI_SHIV_ARCHETYPE","floor":16,"turns":8},{"damage":0,"enemies":"3 Byrds","floor":19,"turns":3},{"damage":0,"enemies":"3 Byrds","floor":20,"turns":3},{"damage":19,"enemies":"downfall:FleeingMerchant","floor":21,"turns":4},{"damage":5,"enemies":"Shell Parasite","floor":22,"turns":5},{"damage":5,"enemies":"Slavers","floor":23,"turns":4},{"damage":5,"enemies":"Shelled Parasite and Fungi","floor":26,"turns":3},{"damage":0,"enemies":"3 Cultists","floor":27,"turns":4},{"damage":8,"enemies":"Cultist and Chosen","floor":28,"turns":3},{"damage":0,"enemies":"Snake Plant","floor":30,"turns":2},{"damage":13,"enemies":"downfall:FleeingMerchant","floor":31,"turns":3},{"damage":8,"enemies":"Shelled Parasite and Fungi","floor":32,"turns":5},{"damage":0,"enemies":"WA_ARCHETYPE_CALM","floor":33,"turns":7},{"damage":22,"enemies":"3 Shapes","floor":36,"turns":4},{"damage":0,"enemies":"3 Darklings","floor":37,"turns":7},{"damage":27,"enemies":"2 Orb Walkers","floor":39,"turns":4},{"damage":20,"enemies":"Nemesis","floor":42,"turns":5},{"damage":8,"enemies":"Nemesis","floor":43,"turns":6},{"damage":7,"enemies":"Giant Head","floor":44,"turns":5},{"damage":9,"enemies":"4 Shapes","floor":47,"turns":5},{"damage":24,"enemies":"Reptomancer","floor":48,"turns":4},{"damage":0,"enemies":"Transient","floor":49,"turns":5},{"damage":12,"enemies":"IC_BLOCK_ARCHETYPE","floor":50,"turns":5},{"damage":35,"enemies":"downfall:CharBossMerchant","floor":52,"turns":7},{"damage":0,"enemies":"downfall:NeowBoss","floor":55,"turns":8},{"damage":8,"enemies":"downfall:NeowBossFinal","floor":56,"turns":7}],"seed_played":"8729165522903735143","potions_obtained":[{"floor":2,"key":"Fire Potion"},{"floor":3,"key":"Strength Potion"},{"floor":13,"key":"Energy Potion"},{"floor":14,"key":"hexamod:SoulburnPotion"},{"floor":15,"key":"DistilledChaos"},{"floor":20,"key":"AttackPotion"},{"floor":26,"key":"bronze:CleanCodePotion"},{"floor":32,"key":"BlessingOfTheForge"},{"floor":33,"key":"EntropicBrew"},{"floor":37,"key":"BlessingOfTheForge"},{"floor":39,"key":"Swift Potion"},{"floor":47,"key":"Guardian:BlockOnCardUsePotion"},{"floor":48,"key":"sneckomod:MuddlingPotion"},{"floor":49,"key":"AttackPotion"},{"floor":52,"key":"Strength Potion"}],"is_trial":false,"path_per_floor":["R","M","M","M","M","E","T","M","?","E","R","M","E","M","M","B",null,"R","M","?","$","M","E","T","?","M","M","M","R","M","$","M","B",null,"R","M","M","?","?","R","T","E","?","E","$","R","M","E","M","B",null,"E","$","R","B","B",null],"character_chosen":"THE_AUTOMATON","items_purchased":["Apotheosis","champ:Barbells","Blood Vial","expansioncontent:Chronoboost","bronze:Repulsor","Nunchaku","hexamod:BolsterEngine"],"campfire_rested":0,"item_purchase_floors":[21,31,31,31,45,45,53],"current_hp_per_floor":[77,77,77,76,76,70,70,61,40,28,38,36,16,9,9,8,97,97,97,97,78,73,68,68,97,92,92,84,84,84,84,85,97,97,97,82,93,93,93,93,93,86,91,93,108,108,102,80,92,92,111,88,103,103,111,103],"gold":38,"neow_bonus":"TEN_PERCENT_HP_BONUS","is_daily":false,"chose_seed":false,"campfire_upgraded":7,"win_rate":0.0,"timestamp":1613840509,"path_taken":["R","M","M","M","M","E","T","M","?","E","R","M","E","M","M","BOSS","R","M","?","$","?","E","T","?","M","M","M","R","?","$","M","BOSS","R","M","M","?","?","R","T","E","?","E","?","R","M","E","M","BOSS","E","$","R","BOSS","BOSS"],"items_purchased_type":["Card","Relic","Relic","Card","Card","Relic","Relic"],"build_version":"2020-12-22","purchased_purges":3,"victory":true,"max_hp_per_floor":[77,77,77,77,77,87,87,87,87,87,97,97,97,97,97,97,97,97,97,97,97,97,97,97,97,97,97,97,97,97,97,97,97,97,97,97,97,97,111,111,111,111,111,111,111,111,111,111,111,111,111,111,111,111,111,111],"relic_stats":{"Blood Vial":24,"Dream Catcher":0,"Nunchaku":[14],"counters":[37,165],"Ornamental Fan":[116],"CeramicFish":207,"MealTicket":43,"Ginger":[57],"obtain_stats":[{"champ:Barbells":31,"bronze:ElectromagneticCoil":34,"bronze:BronzeCore":0,"Pear":6,"downfall:ShatteredFragment":9,"downfall:HeartBlessingRed":18,"CeramicFish":13,"downfall:HeartBlessingGreen":11,"Mango":39,"Omamori":24,"Ginger":10,"Blood Vial":31,"Dream Catcher":42,"Anchor":44,"Nunchaku":45,"downfall:GremlinWheel":20,"bronze:ProtectiveGoggles":41,"downfall:HeartBlessingBlue":11,"Ornamental Fan":48,"bronze:Timepiece":52,"MealTicket":23,"Coffee Dripper":17,"hexamod:BolsterEngine":53,"TungstenRod":43},{"champ:Barbells":22,"bronze:ElectromagneticCoil":24,"bronze:BronzeCore":0,"Pear":5,"downfall:ShatteredFragment":6,"downfall:HeartBlessingRed":12,"CeramicFish":9,"downfall:HeartBlessingGreen":7,"Mango":27,"Omamori":17,"Ginger":7,"Blood Vial":22,"Dream Catcher":28,"Anchor":30,"Nunchaku":30,"downfall:GremlinWheel":14,"bronze:ProtectiveGoggles":27,"downfall:HeartBlessingBlue":7,"Ornamental Fan":32,"bronze:Timepiece":35,"MealTicket":17,"Coffee Dripper":12,"hexamod:BolsterEngine":35,"TungstenRod":29},{"champ:Barbells":81,"bronze:ElectromagneticCoil":93,"bronze:BronzeCore":0,"Pear":18,"downfall:ShatteredFragment":22,"downfall:HeartBlessingRed":47,"CeramicFish":34,"downfall:HeartBlessingGreen":25,"Mango":108,"Omamori":66,"Ginger":25,"Blood Vial":81,"Dream Catcher":113,"Anchor":124,"Nunchaku":124,"downfall:GremlinWheel":53,"bronze:ProtectiveGoggles":108,"downfall:HeartBlessingBlue":25,"Ornamental Fan":133,"bronze:Timepiece":150,"MealTicket":66,"Coffee Dripper":47,"hexamod:BolsterEngine":150,"TungstenRod":119}],"TungstenRod":17},"card_choices":[{"not_picked":["bronze:BugBarrage","bronze:ForceShield"],"picked":"bronze:MaxOutput","floor":2},{"not_picked":["bronze:BitShift","bronze:Iterate"],"picked":"bronze:InfiniteBeams","floor":3},{"not_picked":["bronze:ChildClass","bronze:WildBeam"],"picked":"bronze:ForLoop","floor":4},{"not_picked":["bronze:DigitalCarnage","bronze:BronzeArmor"],"picked":"bronze:Philosophize","floor":5},{"not_picked":["bronze:Deprecate","bronze:DelayedSlice"],"picked":"bronze:ChosenStrike","floor":6},{"not_picked":["bronze:Boost","bronze:BuggyMess"],"picked":"bronze:Iterate","floor":8},{"not_picked":["bronze:WhirlingStrike","bronze:Assembly"],"picked":"bronze:Constructor","floor":10},{"not_picked":["bronze:WildBeam","bronze:DelayedSlice","bronze:BronzeArmor"],"picked":"SKIP","floor":12},{"not_picked":["bronze:CutThrough","bronze:Allocate"],"picked":"bronze:ForceShield","floor":13},{"not_picked":["bronze:Frontload","bronze:OilSpill"],"picked":"bronze:Return","floor":14},{"not_picked":["bronze:Shell","bronze:GetLatest"],"picked":"bronze:ForceShield","floor":15},{"not_picked":["bronze:Library","bronze:SpaghettiCode"],"picked":"bronze:Assembly","floor":16},{"not_picked":["bronze:DelayedSlice+1","bronze:FollowUp"],"picked":"bronze:Invalidate+1","floor":19},{"not_picked":["bronze:FindAndReplace","bronze:DelayedSlice"],"picked":"bronze:Shell+1","floor":21},{"not_picked":["bronze:WhirlingStrike+1","bronze:Flail"],"picked":"bronze:Iterate","floor":22},{"not_picked":["bronze:Shield","bronze:Break"],"picked":"bronze:Deprecate","floor":23},{"not_picked":["bronze:Fortify","bronze:Iterate"],"picked":"bronze:FineTuning","floor":26},{"not_picked":["bronze:WhirlingStrike","bronze:ChildClass","bronze:Shield"],"picked":"SKIP","floor":27},{"not_picked":["bronze:BuggyMess","bronze:Branch"],"picked":"bronze:ClassDefault+1","floor":28},{"not_picked":["bronze:ChosenStrike+1","bronze:DigitalCarnage"],"picked":"bronze:BronzeOrb","floor":30},{"not_picked":["bronze:Branch","bronze:Shield"],"picked":"bronze:Repair","floor":31},{"not_picked":["bronze:BitShift","bronze:Overload","bronze:WildBeam"],"picked":"SKIP","floor":32},{"not_picked":["bronze:AlphaBuild","bronze:RecursiveStrike"],"picked":"bronze:ThunderWave","floor":33},{"not_picked":["bronze:Optimize+1","bronze:Boost"],"picked":"bronze:FineTuning+1","floor":36},{"not_picked":["bronze:Shield","bronze:Overload","bronze:OilSpill+1"],"picked":"SKIP","floor":37},{"not_picked":["bronze:BugBarrage","bronze:Allocate+1"],"picked":"bronze:MaxOutput+1","floor":39},{"not_picked":["bronze:BronzeArmor+1","bronze:Frontload+1"],"picked":"bronze:ItsAFeature","floor":42},{"not_picked":["bronze:OilSpill","bronze:Separator"],"picked":"bronze:InfiniteBeams+1","floor":43},{"not_picked":["bronze:NullPointer","bronze:SpaghettiCode"],"picked":"bronze:DelayedGuard+1","floor":44},{"not_picked":["bronze:BugBarrage","bronze:Invalidate","bronze:Overload"],"picked":"SKIP","floor":47},{"not_picked":["bronze:WildBeam","bronze:Return+1"],"picked":"bronze:BronzeOrb+1","floor":48},{"not_picked":["bronze:OilSpill+1","bronze:Invalidate","bronze:Deprecate"],"picked":"SKIP","floor":49},{"not_picked":["bronze:Safeguard+1","bronze:Frontload"],"picked":"bronze:Deprecate+1","floor":52}],"player_experience":592861,"relics_obtained":[{"floor":6,"key":"Pear"},{"floor":10,"key":"Ginger"},{"floor":13,"key":"CeramicFish"},{"floor":20,"key":"downfall:GremlinWheel"},{"floor":23,"key":"MealTicket"},{"floor":24,"key":"Omamori"},{"floor":39,"key":"Mango"},{"floor":41,"key":"bronze:ProtectiveGoggles"},{"floor":42,"key":"Dream Catcher"},{"floor":43,"key":"TungstenRod"},{"floor":44,"key":"Anchor"},{"floor":48,"key":"Ornamental Fan"},{"floor":52,"key":"bronze:Timepiece"}],"event_choices":[{"cards_removed":["bronze:ForLoop"],"damage_healed":29,"gold_gain":0,"player_choice":"Offered Uncommon","damage_taken":0,"max_hp_gain":0,"max_hp_loss":0,"event_name":"Bonfire Elementals","floor":25,"gold_loss":0},{"cards_removed":["bronze:ThunderWave"],"damage_healed":0,"gold_gain":0,"player_choice":"Removed Attack","damage_taken":0,"max_hp_gain":0,"max_hp_loss":0,"event_name":"Falling","floor":38,"gold_loss":0},{"damage_healed":0,"gold_gain":0,"player_choice":"Fight","damage_taken":0,"max_hp_gain":0,"max_hp_loss":0,"event_name":"Mysterious Sphere","floor":39,"gold_loss":0},{"cards_removed":["bronze:Defend"],"damage_healed":0,"gold_gain":0,"player_choice":"Card Removal","damage_taken":0,"max_hp_gain":0,"max_hp_loss":0,"event_name":"Wheel of Change","floor":40,"gold_loss":0}],"is_beta":false,"boss_relics":[{"not_picked":["Busted Crown","Tiny House"],"picked":"Coffee Dripper"},{"not_picked":["SacredBark","Runic Dome"],"picked":"bronze:ElectromagneticCoil"}],"items_purged_floors":[21,31,45],"is_endless":false,"potions_floor_spawned":[2,3,13,14,15,20,26,32,33,37,39,47,48,49,52],"ascension_level":1}}