{"host":"fbdlh90rovbiajun","time":1613795950,"event":{"mods":["AchievementEnabler","BaseMod","Colored Map","Keyboard Shortcuts","Minty Spire (QoL Compilation)","SuperFastMode"],"gold_per_floor":[115,132,152,152,152,152,183,183,234,249,249,279,298,4,4,4,4],"floor_reached":16,"language":"KOR","playtime":310,"items_purged":[],"score":115,"play_id":"272b799e-c3b1-440f-af39-4df1120299a7","local_time":"20210220133910","is_ascension_mode":true,"campfire_choices":[{"data":"Eruption","floor":6.0,"key":"SMITH"},{"floor":8.0,"key":"REST"},{"floor":11.0,"key":"RECALL"},{"data":"TalkToTheHand","floor":15,"key":"SMITH"}],"circlet_count":0,"master_deck":["Strike_P","Strike_P","Strike_P","Strike_P","Defend_P","Defend_P+1","Defend_P","Eruption+1","Vigilance+1","TalkToTheHand+1","MentalFortress"],"relics":["PureWater","NeowsBlessing","War Paint","Potion Belt","Matryoshka"],"acts_visited":["Exordium"],"potions_floor_usage":[],"damage_taken":[{"damage":0.0,"enemies":"Jaw Worm","floor":1.0,"turns":1.0},{"damage":0.0,"enemies":"Small Slimes","floor":2.0,"turns":1.0},{"damage":0.0,"enemies":"Cultist","floor":3.0,"turns":1.0},{"damage":42.0,"enemies":"Lagavulin","floor":7.0,"turns":7.0},{"damage":2.0,"enemies":"2 Fungi Beasts","floor":10.0,"turns":3.0},{"damage":5.0,"enemies":"Looter","floor":13.0,"turns":2.0},{"damage":47,"enemies":"Slime Boss","floor":16,"turns":9}],"seed_played":"451842180766484979","potions_obtained":[{"floor":1.0,"key":"LiquidBronze"},{"floor":7.0,"key":"BlessingOfTheForge"}],"is_trial":false,"path_per_floor":["M","M","M","?","?","R","E","R","T","M","R","?","M","$","R","B"],"character_chosen":"WATCHER","items_purchased":["MentalFortress","Matryoshka"],"campfire_rested":1,"item_purchase_floors":[14,14],"current_hp_per_floor":[72,72,72,65,65,65,23,44,44,42,42,42,37,37,37,0,0],"gold":4,"neow_bonus":"THREE_ENEMY_KILL","is_daily":false,"chose_seed":false,"campfire_upgraded":2,"win_rate":0.0,"timestamp":1613795950,"path_taken":["M","M","M","?","?","R","E","R","T","?","R","?","M","$","R","BOSS"],"items_purchased_type":["Card","Relic"],"build_version":"2020-12-22","purchased_purges":0,"victory":false,"max_hp_per_floor":[72,72,72,72,72,72,72,72,72,72,72,72,72,72,72,72,72],"card_choices":[{"not_picked":["WreathOfFlame","Crescendo","SashWhip"],"picked":"SKIP","floor":1.0},{"not_picked":["Prostrate","ThirdEye","Vengeance"],"picked":"SKIP","floor":2.0},{"not_picked":["Crescendo","Halt","FollowUp"],"picked":"SKIP","floor":3.0},{"not_picked":["FlyingSleeves","Fasting2","ThirdEye"],"picked":"SKIP","floor":7.0},{"not_picked":["Weave","Vengeance","ClearTheMind"],"picked":"SKIP","floor":10.0},{"not_picked":["Weave","Vengeance","ClearTheMind"],"picked":"SKIP","floor":10.0},{"not_picked":["JustLucky","FlurryOfBlows"],"picked":"TalkToTheHand","floor":13.0}],"player_experience":104686,"relics_obtained":[{"floor":7.0,"key":"War Paint"},{"floor":9.0,"key":"Potion Belt"}],"event_choices":[{"cards_removed":["Defend_P"],"damage_healed":0.0,"max_hp_gain":0.0,"max_hp_loss":0.0,"gold_gain":0.0,"event_name":"Golden Wing","player_choice":"Card Removal","floor":4.0,"gold_loss":0.0,"damage_taken":7.0},{"damage_healed":0.0,"max_hp_gain":0.0,"max_hp_loss":0.0,"gold_gain":0.0,"event_name":"The Woman in Blue","player_choice":"Bought 0 Potions","floor":5.0,"gold_loss":0.0,"damage_taken":0.0},{"damage_healed":0.0,"max_hp_gain":0.0,"max_hp_loss":0.0,"gold_gain":30.0,"event_name":"Dead Adventurer","player_choice":"Searched \u00271\u0027 times","floor":12.0,"gold_loss":0.0,"damage_taken":0.0}],"is_beta":false,"boss_relics":[],"items_purged_floors":[],"is_endless":false,"potions_floor_spawned":[1,7],"killed_by":"Slime Boss","ascension_level":3}}