{"host":"poshtwjux72eqzmy","time":1613787103,"event":{"mods":["BaseMod","Bestiary","Block Reminder","Highlight Path","Minty Spire (QoL Compilation)","Quick Restart","Relic Stats","StSLib","ojb\u0027s Info Mod"],"gold_per_floor":[115,115,190,209,233,233,268,284,284,284,284,284,12,52,52,145,145,160,176,194,194,28,61,61,82,82,100,121,121,36,61,61,159,159,183,183,37,37,37,75,75,116,198,198,85,85,109,125,125,125,125,125,125,50,85,85],"floor_reached":57,"language":"ENG","playtime":5916,"items_purged":[],"score":2801,"play_id":"55a81f1d-fa0a-4fd4-a8f7-31dd540f28a0","local_time":"20210220041143","is_ascension_mode":true,"campfire_choices":[{"data":"JustLucky","floor":6.0,"key":"SMITH"},{"floor":11.0,"key":"REST"},{"data":"Fasting2","floor":15.0,"key":"SMITH"},{"data":"Vault","floor":24.0,"key":"SMITH"},{"floor":29.0,"key":"REST"},{"floor":32.0,"key":"REST"},{"data":"Meditate","floor":41.0,"key":"SMITH"},{"data":"Tantrum","floor":44.0,"key":"SMITH"},{"floor":49.0,"key":"RECALL"},{"data":"Panacea","floor":53.0,"key":"SMITH"}],"circlet_count":0,"master_deck":["AscendersBane","Defend_P","Defend_P","Eruption","Vigilance","TalkToTheHand+1","Swivel+1","Weave+1","JustLucky+1","CrushJoints","Fasting2+1","FlurryOfBlows","TalkToTheHand","FlurryOfBlows","DeceiveReality","Vault+1","Tantrum+1","JustLucky+1","RitualDagger","Meditate+1","Weave","Wireheading+1","Establishment","EmptyBody+1","Panacea+1","Thinking Ahead","ThirdEye","Finesse","Protect+1","CutThroughFate+1","FearNoEvil+1","Scrawl","CutThroughFate+1"],"relics":["Astrolabe","Golden Idol","Centennial Puzzle","Dream Catcher","Strange Spoon","Matryoshka","Empty Cage","Sling","Anchor","Orichalcum","Omamori","Coffee Dripper","WingedGreaves","Ornamental Fan","Nunchaku","Molten Egg 2","Pear","TungstenRod"],"acts_visited":["Exordium","TheCity","TheBeyond","TheEnding"],"potions_floor_usage":[56,56],"damage_taken":[{"damage":3.0,"enemies":"2 Louse","floor":1.0,"turns":2.0},{"damage":4.0,"enemies":"Jaw Worm","floor":4.0,"turns":4.0},{"damage":0.0,"enemies":"Cultist","floor":5.0,"turns":3.0},{"damage":24.0,"enemies":"3 Sentries","floor":7.0,"turns":8.0},{"damage":7.0,"enemies":"Blue Slaver","floor":8.0,"turns":2.0},{"damage":0.0,"enemies":"Lagavulin","floor":14.0,"turns":4.0},{"damage":24.0,"enemies":"Slime Boss","floor":16.0,"turns":6.0},{"damage":9.0,"enemies":"3 Byrds","floor":18.0,"turns":7.0},{"damage":5.0,"enemies":"Shell Parasite","floor":19.0,"turns":8.0},{"damage":6.0,"enemies":"Chosen and Byrds","floor":20.0,"turns":8.0},{"damage":0.0,"enemies":"Book of Stabbing","floor":23.0,"turns":6.0},{"damage":2.0,"enemies":"Snake Plant","floor":25.0,"turns":5.0},{"damage":6.0,"enemies":"Shelled Parasite and Fungi","floor":27.0,"turns":3.0},{"damage":6.0,"enemies":"Snecko","floor":28.0,"turns":6.0},{"damage":2.0,"enemies":"Centurion and Healer","floor":31.0,"turns":4.0},{"damage":42.0,"enemies":"Collector","floor":33.0,"turns":7.0},{"damage":1.0,"enemies":"Orb Walker","floor":35.0,"turns":5.0},{"damage":1.0,"enemies":"Giant Head","floor":40.0,"turns":5.0},{"damage":22.0,"enemies":"Nemesis","floor":42.0,"turns":5.0},{"damage":0.0,"enemies":"3 Shapes","floor":47.0,"turns":4.0},{"damage":0.0,"enemies":"Sphere and 2 Shapes","floor":48.0,"turns":7.0},{"damage":2.0,"enemies":"Awakened One","floor":50.0,"turns":13.0},{"damage":13.0,"enemies":"Donu and Deca","floor":51.0,"turns":9.0},{"damage":18.0,"enemies":"Shield and Spear","floor":55.0,"turns":6.0},{"damage":35,"enemies":"The Heart","floor":56,"turns":10}],"seed_played":"-8320889150346177027","potions_obtained":[{"floor":4.0,"key":"PowerPotion"},{"floor":7.0,"key":"BlessingOfTheForge"},{"floor":14.0,"key":"FairyPotion"},{"floor":23.0,"key":"LiquidMemories"},{"floor":31.0,"key":"PowerPotion"},{"floor":33.0,"key":"Fire Potion"},{"floor":48.0,"key":"AttackPotion"}],"is_trial":false,"path_per_floor":["M","?","?","M","M","R","E","M","T","?","R","?","$","E","R","B",null,"M","M","M","?","$","E","R","M","T","M","M","R","?","M","R","B",null,"M","?","$","?","$","E","R","E","T","R","$","T","M","M","R","B","B",null,"R","$","E","B",null],"character_chosen":"WATCHER","items_purchased":["TalkToTheHand","FlurryOfBlows","Strange Spoon","Sling","ThirdEye","Finesse","SteroidPotion","CutThroughFate+1","Scrawl"],"campfire_rested":3,"item_purchase_floors":[13,13,13,22,37,37,45,45,54],"current_hp_per_floor":[58,58,47,43,43,43,19,12,12,5,23,23,23,23,23,18,51,42,37,31,25,25,25,25,23,23,17,11,29,29,27,45,3,47,46,41,41,41,41,40,40,18,18,18,18,28,28,28,28,26,13,57,57,57,39,4],"gold":85,"neow_bonus":"BOSS_RELIC","is_daily":false,"chose_seed":false,"campfire_upgraded":6,"win_rate":0.0,"timestamp":1613787103,"path_taken":["M","?","?","M","?","R","E","M","T","?","R","?","?","E","R","BOSS","M","M","?","?","?","E","R","M","T","?","M","R","?","M","R","BOSS","M","?","$","?","?","E","R","E","T","R","$","?","?","?","R","BOSS","BOSS","R","$","E","BOSS"],"items_purchased_type":["Card","Card","Relic","Relic","Card","Card","Potion","Card","Card"],"build_version":"2020-12-22","purchased_purges":0,"victory":true,"max_hp_per_floor":[68,62,62,62,62,62,62,62,62,62,62,62,62,62,62,62,62,62,62,62,62,62,62,62,62,62,62,62,62,62,62,62,62,62,62,62,62,62,62,62,62,62,62,62,62,72,72,72,72,72,72,72,72,72,72,72],"relic_stats":{"Strange Spoon":[63],"Centennial Puzzle":[51],"Dream Catcher":3,"Nunchaku":[23],"counters":[25,147],"Golden Idol":193,"Ornamental Fan":[224],"Astrolabe":["TalkToTheHand","Swivel","Weave"],"Orichalcum":[18],"obtain_stats":[{"Pear":46,"Golden Idol":2,"Astrolabe":0,"Omamori":30,"Orichalcum":26,"Empty Cage":17,"Sling":22,"Strange Spoon":13,"Centennial Puzzle":7,"Dream Catcher":9,"Anchor":23,"Nunchaku":43,"Matryoshka":14,"Ornamental Fan":42,"Molten Egg 2":43,"WingedGreaves":40,"Coffee Dripper":34,"PureWater":0,"TungstenRod":55},{"Pear":19,"Golden Idol":1,"Astrolabe":0,"Omamori":14,"Orichalcum":12,"Empty Cage":7,"Sling":10,"Strange Spoon":5,"Centennial Puzzle":4,"Dream Catcher":5,"Anchor":11,"Nunchaku":19,"Matryoshka":6,"Ornamental Fan":19,"Molten Egg 2":19,"WingedGreaves":18,"Coffee Dripper":16,"PureWater":0,"TungstenRod":24},{"Pear":98,"Golden Idol":2,"Astrolabe":0,"Omamori":72,"Orichalcum":63,"Empty Cage":29,"Sling":52,"Strange Spoon":19,"Centennial Puzzle":17,"Dream Catcher":19,"Anchor":58,"Nunchaku":98,"Matryoshka":23,"Ornamental Fan":98,"Molten Egg 2":98,"WingedGreaves":93,"Coffee Dripper":83,"PureWater":0,"TungstenRod":137}],"TungstenRod":2},"card_choices":[{"not_picked":["Halt","FollowUp"],"picked":"JustLucky","floor":1.0},{"not_picked":["ConjureBlade","FlyingSleeves","SashWhip"],"picked":"SKIP","floor":4.0},{"not_picked":["ClearTheMind","Swivel","Prostrate"],"picked":"SKIP","floor":5.0},{"not_picked":["Protect","WreathOfFlame"],"picked":"CrushJoints","floor":7.0},{"not_picked":["Wireheading","WindmillStrike"],"picked":"Fasting2","floor":8.0},{"not_picked":["EmptyFist","ClearTheMind"],"picked":"FlurryOfBlows","floor":11.0},{"not_picked":["Consecrate","Study"],"picked":"DeceiveReality","floor":14.0},{"not_picked":["SpiritShield","DeusExMachina"],"picked":"Vault","floor":16.0},{"not_picked":["Swivel","Pray"],"picked":"Tantrum","floor":18.0},{"not_picked":["Crescendo","Fasting2"],"picked":"JustLucky+1","floor":19.0},{"not_picked":["Crescendo","PathToVictory","Prostrate"],"picked":"SKIP","floor":20.0},{"not_picked":["FlurryOfBlows","BattleHymn","Swivel"],"picked":"SKIP","floor":23.0},{"not_picked":["Protect","Prostrate"],"picked":"Meditate","floor":25.0},{"not_picked":["BowlingBash","Crescendo"],"picked":"Weave","floor":27.0},{"not_picked":["Fasting2","Worship","BowlingBash"],"picked":"SKIP","floor":28.0},{"not_picked":["CarveReality","Halt"],"picked":"LikeWater","floor":29.0},{"not_picked":["ForeignInfluence","Crescendo"],"picked":"Wireheading+1","floor":31.0},{"not_picked":["Alpha","SpiritShield"],"picked":"Establishment","floor":33.0},{"not_picked":["WheelKick","FollowUp"],"picked":"EmptyBody+1","floor":35.0},{"not_picked":["Dramatic Entrance","Secret Technique"],"picked":"Panacea","floor":36.0},{"not_picked":["Dramatic Entrance","Mind Blast"],"picked":"Thinking Ahead","floor":36.0},{"not_picked":["WindmillStrike","JustLucky","Crescendo"],"picked":"SKIP","floor":40.0},{"not_picked":["EmptyFist","Consecrate"],"picked":"Protect+1","floor":42.0},{"not_picked":["Meditate","SignatureMove+1","Evaluate+1"],"picked":"SKIP","floor":47.0},{"not_picked":["Evaluate","Halt"],"picked":"FearNoEvil+1","floor":48.0},{"not_picked":["Consecrate+1","EmptyBody"],"picked":"CutThroughFate+1","floor":55.0}],"player_experience":1145719,"relics_obtained":[{"floor":7.0,"key":"Centennial Puzzle"},{"floor":9.0,"key":"Dream Catcher"},{"floor":14.0,"key":"Matryoshka"},{"floor":23.0,"key":"Anchor"},{"floor":26.0,"key":"Orichalcum"},{"floor":40.0,"key":"WingedGreaves"},{"floor":42.0,"key":"Ornamental Fan"},{"floor":43.0,"key":"Nunchaku"},{"floor":43.0,"key":"Molten Egg 2"},{"floor":46.0,"key":"Pear"},{"floor":55.0,"key":"TungstenRod"}],"event_choices":[{"damage_healed":0.0,"max_hp_gain":0.0,"max_hp_loss":6.0,"gold_gain":0.0,"event_name":"Golden Idol","player_choice":"Lose Max HP","floor":2.0,"gold_loss":0.0,"damage_taken":0.0,"relics_obtained":["Golden Idol"]},{"damage_healed":0.0,"max_hp_gain":0.0,"max_hp_loss":0.0,"gold_gain":75.0,"event_name":"World of Goop","player_choice":"Gather Gold","floor":3.0,"gold_loss":0.0,"damage_taken":11.0},{"cards_removed":["Strike_P"],"damage_healed":0.0,"max_hp_gain":0.0,"max_hp_loss":0.0,"gold_gain":0.0,"event_name":"Golden Wing","player_choice":"Card Removal","floor":10.0,"gold_loss":0.0,"damage_taken":7.0},{"damage_healed":0.0,"max_hp_gain":0.0,"max_hp_loss":0.0,"gold_gain":0.0,"event_name":"Shining Light","player_choice":"Ignored","floor":12.0,"gold_loss":0.0,"damage_taken":0.0},{"damage_healed":0.0,"max_hp_gain":0.0,"max_hp_loss":0.0,"gold_gain":0.0,"event_name":"Nest","player_choice":"Joined the Cult","floor":21.0,"gold_loss":0.0,"damage_taken":6.0,"cards_obtained":["RitualDagger"]},{"damage_healed":0.0,"max_hp_gain":0.0,"max_hp_loss":0.0,"gold_gain":0.0,"event_name":"Addict","player_choice":"Obtained Relic","floor":30.0,"gold_loss":85.0,"damage_taken":0.0,"relics_obtained":["Omamori"]},{"damage_healed":0.0,"max_hp_gain":0.0,"max_hp_loss":0.0,"gold_gain":0.0,"event_name":"SensoryStone","player_choice":"Memory 2","floor":36.0,"gold_loss":0.0,"damage_taken":5.0},{"cards_removed":["LikeWater"],"damage_healed":0.0,"max_hp_gain":0.0,"max_hp_loss":0.0,"gold_gain":0.0,"event_name":"Falling","player_choice":"Removed Power","floor":38.0,"gold_loss":0.0,"damage_taken":0.0}],"is_beta":false,"boss_relics":[{"not_picked":["Fusion Hammer","Pandora\u0027s Box"],"picked":"Empty Cage"},{"not_picked":["Snecko Eye","Runic Pyramid"],"picked":"Coffee Dripper"}],"items_purged_floors":[],"is_endless":false,"potions_floor_spawned":[4,7,14,23,31,33,48],"ascension_level":20}}