{"host":"w11d5xug8ost5klq","time":1613848041,"event":{"mods":["100% Spire Juice","2.2 Compatiblity","BaseMod","Better Third Choice","Emptier Cage","Highlight Path","KinomotoSakuraMod(????)","Minty Spire (QoL Compilation)","Quick Restart","Reliquary","Shapeshifter Mod","Spicy Shops","StSLib","The Alterego","WarShipGirlsR/????R mod"],"gold_per_floor":[111,11,24,36,49,49,68,68,92,118,193,207,207,217,217,317,317,332,34,53,69,79,79,79,110,110,110,110],"floor_reached":27,"language":"ENG","playtime":1672,"items_purged":[],"score":237,"play_id":"230b28b3-7ebe-4761-8459-991c0c3b0a51","local_time":"20210220130721","is_ascension_mode":false,"campfire_choices":[{"data":"rmod:chargemoney","floor":6,"key":"SMITH"},{"data":"rmod:basicallowance","floor":8,"key":"SMITH"},{"floor":15,"key":"REST"},{"floor":23,"key":"REST"}],"circlet_count":0,"master_deck":["rmod:strick","rmod:strick","rmod:strick+1","rmod:strick","rmod:defend","rmod:defend","rmod:defend","rmod:defend","rmod:basicallowance+1","rmod:maingunfire+1","rmod:chargemoney+1","rmod:circuitoustactics","rmod:supriseattacks","rmod:firesupport","rmod:aviationdawn","rmod:steelsupply","rmod:maingunfire","rmod:smokecover","rmod:windflower","rmod:salvage","rmod:goodsister","rmod:fletcher","rmod:fletcherpendant","rmod:unsinkable+1"],"relics":["rmod:firstchargereward","NeowsBlessing","reliquary:RedPaperclip","Membership Card","Whetstone","Dream Catcher","reliquary:OuijaBoard"],"acts_visited":["Exordium","TheCity"],"potions_floor_usage":[2,21,27],"damage_taken":[{"damage":0,"enemies":"Cultist","floor":1,"turns":1},{"damage":0,"enemies":"2 Louse","floor":3,"turns":1},{"damage":0,"enemies":"Jaw Worm","floor":4,"turns":1},{"damage":9,"enemies":"2 Fungi Beasts","floor":5,"turns":4},{"damage":13,"enemies":"Large Slime","floor":7,"turns":6},{"damage":20,"enemies":"Lagavulin","floor":10,"turns":7},{"damage":1,"enemies":"3 Louse","floor":12,"turns":3},{"damage":1,"enemies":"Red Slaver","floor":14,"turns":2},{"damage":12,"enemies":"Hexaghost","floor":16,"turns":11},{"damage":20,"enemies":"Shell Parasite","floor":18,"turns":8},{"damage":2,"enemies":"3 Byrds","floor":20,"turns":7},{"damage":18,"enemies":"Snake Plant","floor":21,"turns":6},{"damage":31,"enemies":"Cultist and Chosen","floor":22,"turns":10},{"damage":49,"enemies":"Slavers","floor":25,"turns":9},{"damage":16,"enemies":"Book of Stabbing","floor":27,"turns":3}],"seed_played":"-117132519243137167","potions_obtained":[{"floor":1,"key":"Strength Potion"},{"floor":7,"key":"Strength Potion"},{"floor":10,"key":"AttackPotion"},{"floor":16,"key":"FairyPotion"},{"floor":20,"key":"Block Potion"}],"is_trial":false,"path_per_floor":["M","$","M","M","M","R","M","R","T","E","?","M","?","M","R","B",null,"M","$","M","M","M","R","?","E","T","E"],"character_chosen":"PRAEFECT","items_purchased":["Fruit Juice","Membership Card","rmod:salvage","rmod:goodsister","Whetstone"],"campfire_rested":2,"item_purchase_floors":[2,19,19,19,19],"current_hp_per_floor":[75,80,80,80,71,71,58,58,65,45,34,33,33,32,58,46,87,67,67,65,47,16,42,36,15,15,0,0],"gold":110,"neow_bonus":"THREE_ENEMY_KILL","is_daily":false,"chose_seed":false,"campfire_upgraded":2,"win_rate":0.0,"timestamp":1613848041,"path_taken":["M","$","?","M","M","R","M","R","T","E","?","M","?","?","R","BOSS","M","$","?","M","M","R","?","E","T","E"],"items_purchased_type":["Potion","Relic","Card","Card","Relic"],"build_version":"2020-12-22","purchased_purges":0,"victory":false,"max_hp_per_floor":[75,80,80,80,80,80,80,80,87,87,87,87,87,87,87,87,87,87,87,87,87,87,87,87,87,87,87,87],"card_choices":[{"not_picked":["rmod:heivgo","rmod:fletcherpendant"],"picked":"rmod:chargemoney","floor":1},{"not_picked":["rmod:luckystar","rmod:mineteam"],"picked":"rmod:circuitoustactics","floor":3},{"not_picked":["rmod:intelligenceanalysis","rmod:diamondstrike","rmod:aviationdawn"],"picked":"SKIP","floor":4},{"not_picked":["rmod:ring","rmod:fletcherpendant"],"picked":"rmod:supriseattacks","floor":5},{"not_picked":["rmod:victimresponsibility","rmod:luckystar"],"picked":"rmod:firesupport","floor":7},{"not_picked":["rmod:firesupport","rmod:slowdown"],"picked":"rmod:aviationdawn","floor":10},{"not_picked":["rmod:capitalist","rmod:tearstotiara"],"picked":"rmod:steelsupply","floor":12},{"not_picked":["rmod:fletcherpendant","rmod:bulid"],"picked":"rmod:smokecover","floor":14},{"not_picked":["rmod:seals","rmod:timeschanged"],"picked":"rmod:windflower","floor":16},{"not_picked":["rmod:supportescort","rmod:wolves","rmod:diamondstrike"],"picked":"SKIP","floor":18},{"not_picked":["rmod:ammunitionsupply","rmod:intelligenceanalysis","rmod:garrisonisland+1"],"picked":"SKIP","floor":20},{"not_picked":["rmod:circuitoustactics","rmod:intelligenceanalysis"],"picked":"rmod:fletcherpendant","floor":21},{"not_picked":["rmod:selfconfidence+1","rmod:smokecover+1"],"picked":"rmod:unsinkable+1","floor":22},{"not_picked":["rmod:victimresponsibility+1","rmod:unsinkable","rmod:circuitoustactics"],"picked":"SKIP","floor":25}],"player_experience":121880,"relics_obtained":[{"floor":9,"key":"Strawberry"},{"floor":10,"key":"Tiny Chest"},{"floor":25,"key":"Dream Catcher"},{"floor":26,"key":"reliquary:OuijaBoard"}],"event_choices":[{"damage_healed":0,"gold_gain":75,"player_choice":"Gold","damage_taken":11,"max_hp_gain":0,"max_hp_loss":0,"event_name":"betterThird:BetterGoop","floor":11,"gold_loss":0},{"damage_healed":0,"gold_gain":0,"player_choice":"1 cards matched","damage_taken":0,"max_hp_gain":0,"max_hp_loss":0,"event_name":"Match and Keep!","floor":13,"gold_loss":0,"cards_obtained":["rmod:maingunfire"]},{"damage_healed":0,"gold_gain":0,"player_choice":"","damage_taken":6,"max_hp_gain":0,"max_hp_loss":0,"event_name":"Knowing Skull","floor":24,"potions_obtained":[],"gold_loss":0,"cards_obtained":[]}],"is_beta":false,"boss_relics":[{"not_picked":["Snecko Eye","reliquary:WritOfMandamus"],"picked":"reliquary:RedPaperclip"}],"items_purged_floors":[],"is_endless":false,"potions_floor_spawned":[1,7,10,12,16,18,20],"killed_by":"Book of Stabbing","ascension_level":0}}