{"host":"ppiucu9uavkq1hgp","time":1613819169,"event":{"mods":["Act Like it!","BaseMod","CapriCore","Gensokyo","Minty Spire (QoL Compilation)","Quick Restart","Reimu£¨²©ÀöÁéÃÎ£©","Relic Stats","Replay The Spire","RumiaBox-Â¶Ã×æ«µÄÉñÃØºÐ×Ó","StSLib","SuperFastMode","TestMod","The Alterego","The Immortal","Yakumo Yukari mod","noobMod","¡¾¹¦ÄÜMod¡¿»ìãçÖ®»·ÐÞ¸´²¹¶¡","¡¾ÒÅÎï¿¨ÅÆ¡¿REMEMod"],"gold_per_floor":[133,133,143,162,237,237,237],"floor_reached":6,"language":"ZHS","playtime":222,"items_purged":[],"score":38,"play_id":"6354f82f-0961-46e3-bfe7-b4b101e7d080","local_time":"20210220190609","is_ascension_mode":false,"campfire_choices":[],"circlet_count":0,"master_deck":["AT_purpleEX","AT_purpleEX","Defend_purpleEX","Defend_purpleEX","Defend_purpleEX","Observe_purple_1","Observe_purple_2","Charmbait_purple","MetroBOOM_purple"],"relics":["Boundary_crack","Memoryfragments_purpleEX","testmod-TestBox","ice","REME_ComplimentaryCards","NeowsBlessing","testmod-KeyOfTheVoid"],"acts_visited":["Exordium"],"potions_floor_usage":[],"damage_taken":[{"damage":0,"enemies":"Cultist","floor":1,"turns":1},{"damage":0,"enemies":"2 Louse","floor":2,"turns":1},{"damage":0,"enemies":"Small Slimes","floor":3,"turns":1},{"damage":0,"enemies":"Blue Slaver","floor":4,"turns":3},{"damage":18,"enemies":"Lagavulin","floor":6,"turns":4}],"seed_played":"4538206777378518622","potions_obtained":[{"floor":4,"key":"CultistPotion"}],"is_trial":false,"path_per_floor":["M","M","M","M","?","E"],"character_chosen":"Youkari","items_purchased":[],"campfire_rested":0,"item_purchase_floors":[],"current_hp_per_floor":[70,70,70,70,59,41,41],"gold":237,"neow_bonus":"THREE_ENEMY_KILL","is_daily":false,"chose_seed":false,"campfire_upgraded":0,"win_rate":0.0,"timestamp":1613819169,"path_taken":["M","?","M","?","?","E"],"items_purchased_type":[],"build_version":"2020-12-22","purchased_purges":0,"victory":false,"max_hp_per_floor":[70,70,70,70,70,70,70],"relic_stats":{"counters":[5,10],"obtain_stats":[{"testmod-TestBox":0,"NeowsBlessing":0,"ice":0,"testmod-KeyOfTheVoid":0,"Boundary_crack":0,"Memoryfragments_purpleEX":0,"REME_ComplimentaryCards":0},{"testmod-TestBox":0,"NeowsBlessing":0,"ice":0,"testmod-KeyOfTheVoid":0,"Boundary_crack":0,"Memoryfragments_purpleEX":0,"REME_ComplimentaryCards":0},{"testmod-TestBox":0,"NeowsBlessing":0,"ice":0,"testmod-KeyOfTheVoid":0,"Boundary_crack":0,"Memoryfragments_purpleEX":0,"REME_ComplimentaryCards":0}]},"card_choices":[{"not_picked":["Mirror_FormAndEmptin_purple","DimensionStaggered_purple"],"picked":"Worldmountain_purple","floor":1},{"not_picked":["RuptureOfTimeAndSpace_purple","ExistenceContinue_purple","DarkRealmRedLine_purple"],"picked":"SKIP","floor":2},{"not_picked":["RuleDissolution_purple","Boundary_of_Extermination_purpleEX"],"picked":"Charmbait_purple","floor":3},{"not_picked":["RuleDissolution_purple","DimensionStaggered_purple"],"picked":"MetroBOOM_purple","floor":4}],"player_experience":17831,"relics_obtained":[],"event_choices":[{"damage_healed":0,"gold_gain":75,"player_choice":"Gather Gold","damage_taken":11,"max_hp_gain":0,"max_hp_loss":0,"event_name":"World of Goop","floor":5,"gold_loss":0}],"is_beta":false,"boss_relics":[],"items_purged_floors":[],"is_endless":false,"potions_floor_spawned":[4],"killed_by":"Lagavulin","ascension_level":0}}