{"host":"u0qetpmu4y58k1tf","time":1613808682,"event":{"mods":["100% Spire Juice","AchievementEnabler","Act Like it!","BaseMod","CapriCore","Colored Map","Colored Powertips","Hermit","Koishi","Marisa£¨Ùöéë¡¡Øª×âÞÞ£©","Minty Spire (QoL Compilation)","Quick Restart","Reliquary","Replay The Spire","StSLib","Td1madao Mod","The Bug Knight","The Cursed","The Dragon Tamer","The Gatherer","The Hierophant","The Immortal","The Jungle","The Runesmith","WarShipGirlsR/??á´Ò³R mod"],"gold_per_floor":[112,122,136,136,61,61,80,114,114,145,209,229,229,24,24,24,24],"floor_reached":16,"language":"KOR","playtime":530,"items_purged":["Strike_R","Strike_R"],"score":169,"play_id":"c7f9fe99-20a9-4d0c-8423-c08f3a6eed8c","local_time":"20210220171122","is_ascension_mode":true,"campfire_choices":[{"data":"Havoc","floor":6,"key":"SMITH"},{"data":"ReplayTheSpireMod:Strike From Hell","floor":13,"key":"SMITH"},{"data":"Havoc","floor":15,"key":"SMITH"}],"circlet_count":0,"master_deck":["Strike_R","Strike_R","Strike_R","Defend_R","Defend_R","Defend_R","Bash","True Grit+1","ReplayTheSpireMod:Strike From Hell+1","Havoc+1","Havoc+1","Ghostly Armor","Dark Embrace","Sentinel","Shockwave"],"relics":["Burning Blood","NeowsBlessing","Replay:Wax Seal","PreservedInsect","reliquary:Vitrine","ReplayTheSpireMod:Spearhead","BargainBundle"],"acts_visited":["Exordium"],"potions_floor_usage":[8,14,16,16],"damage_taken":[{"damage":0,"enemies":"Cultist","floor":1,"turns":1},{"damage":0,"enemies":"2 Louse","floor":2,"turns":1},{"damage":0,"enemies":"Jaw Worm","floor":3,"turns":1},{"damage":6,"enemies":"Looter","floor":7,"turns":3},{"damage":29,"enemies":"Lagavulin","floor":8,"turns":7},{"damage":0,"enemies":"Gremlin Nob","floor":10,"turns":2},{"damage":15,"enemies":"Gremlin Nob","floor":11,"turns":3},{"damage":11,"enemies":"Blue Slaver","floor":12,"turns":4},{"damage":83,"enemies":"Fading Forest","floor":16,"turns":9}],"seed_played":"-6984894358625562741","potions_obtained":[{"floor":7,"key":"Toxic Potion"},{"floor":8,"key":"BloodPotion"},{"floor":10,"key":"GamblersBrew"},{"floor":12,"key":"SneckoOil"}],"is_trial":false,"path_per_floor":["M","M","M","?","$","R","M","E","T","E","?","M","R","$","R","B"],"character_chosen":"IRONCLAD","items_purchased":["BargainBundle","Dark Embrace","Sentinel","Block Potion","LiquidMemories","SkillPotion","Shockwave"],"campfire_rested":0,"item_purchase_floors":[14,14,14,14,14,14,14],"current_hp_per_floor":[80,80,80,80,80,80,80,57,57,63,54,49,49,65,65,0,0],"gold":24,"neow_bonus":"THREE_ENEMY_KILL","is_daily":false,"chose_seed":false,"campfire_upgraded":3,"win_rate":0.0,"timestamp":1613808682,"path_taken":["M","M","?","?","?","R","M","E","T","E","?","?","R","$","R","BOSS"],"items_purchased_type":["Relic","Card","Card","Potion","Potion","Potion","Card"],"build_version":"2020-12-22","purchased_purges":2,"victory":false,"max_hp_per_floor":[80,80,80,80,80,80,80,80,80,80,80,80,80,80,80,80,80],"card_choices":[{"not_picked":["Iron Wave","Cleave"],"picked":"True Grit","floor":1},{"not_picked":["Evolve","Sword Boomerang"],"picked":"ReplayTheSpireMod:Strike From Hell","floor":2},{"not_picked":["Blood for Blood","Anger"],"picked":"Havoc","floor":3},{"not_picked":["Blood for Blood","Thunderclap","Perfected Strike"],"picked":"SKIP","floor":7},{"not_picked":["Brutality","Second Wind"],"picked":"Havoc","floor":8},{"not_picked":["Run Through","Double Tap","Rampage"],"picked":"SKIP","floor":10},{"not_picked":["Replay:Undeath\u0027s Touch","Iron Wave"],"picked":"Ghostly Armor","floor":12}],"player_experience":185704,"relics_obtained":[{"floor":8,"key":"Replay:Wax Seal"},{"floor":9,"key":"PreservedInsect"},{"floor":10,"key":"reliquary:Vitrine"}],"event_choices":[{"damage_healed":0,"gold_gain":0,"player_choice":"Grow","damage_taken":0,"max_hp_gain":0,"max_hp_loss":0,"event_name":"Living Wall","floor":4,"gold_loss":0,"cards_upgraded":["True Grit"]},{"damage_healed":0,"gold_gain":0,"player_choice":"Searched \u00272\u0027 times","damage_taken":0,"relics_obtained":["ReplayTheSpireMod:Spearhead"],"max_hp_gain":0,"max_hp_loss":0,"event_name":"Dead Adventurer","floor":11,"gold_loss":0}],"is_beta":false,"boss_relics":[],"items_purged_floors":[5,14],"is_endless":false,"potions_floor_spawned":[7,8,10,12],"killed_by":"Fading Forest","ascension_level":5}}