{"host":"f5gffvlv6a66yqkd","time":1613827469,"event":{"mods":["2.2 Compatiblity","BaseMod","Colored Map","Custom Start","DeckTracker","Keyboard Shortcuts","Minty Spire (QoL Compilation)","Permanent Neow","Quick Restart","Relic Stats","StSLib","SuperFastMode"],"gold_per_floor":[114,125,141,151,151,151,151,151,176,191,191,206,39,63,63,154,154,174,89,139,152,77,77,77,77],"floor_reached":24,"language":"KOR","playtime":424,"items_purged":["Strike_B+1"],"score":376,"play_id":"6c77e492-6b67-4ef4-9de6-32a24c41b6a2","local_time":"20210220222429","is_ascension_mode":true,"campfire_choices":[{"data":"Darkness","floor":6.0,"key":"SMITH"},{"data":"Fusion","floor":8.0,"key":"SMITH"},{"data":"Dualcast","floor":11.0,"key":"SMITH"},{"data":"Defragment","floor":15.0,"key":"SMITH"},{"data":"Seek","floor":23,"key":"SMITH"}],"circlet_count":0,"master_deck":["AscendersBane","Defend_B","Defend_B","Defend_B+1","Zap","Dualcast+1","Fusion+1","FTL","Darkness+1","Rip and Tear","Ball Lightning","Reinforced Body","Glacier","Defragment+1","Conserve Battery","Seek+1","Redo","Compile Driver","Amplify","Gash+1","Darkness+1","Stack+1","Double Energy","Redo+1"],"relics":["Cracked Core","Golden Idol","Orrery","Astrolabe","Potion Belt"],"acts_visited":["Exordium","TheCity"],"potions_floor_usage":[21,24],"damage_taken":[{"damage":10.0,"enemies":"Small Slimes","floor":1.0,"turns":4.0},{"damage":2.0,"enemies":"Jaw Worm","floor":2.0,"turns":3.0},{"damage":1.0,"enemies":"Cultist","floor":3.0,"turns":3.0},{"damage":11.0,"enemies":"Looter","floor":4.0,"turns":4.0},{"damage":0.0,"enemies":"Exordium Thugs","floor":10.0,"turns":3.0},{"damage":3.0,"enemies":"2 Fungi Beasts","floor":12.0,"turns":3.0},{"damage":0.0,"enemies":"Large Slime","floor":14.0,"turns":4.0},{"damage":3.0,"enemies":"Hexaghost","floor":16.0,"turns":8.0},{"damage":11,"enemies":"Spheric Guardian","floor":18,"turns":4},{"damage":7,"enemies":"Chosen","floor":21,"turns":5},{"damage":33,"enemies":"Gremlin Leader","floor":24,"turns":2}],"seed_played":"9077768275908648832","potions_obtained":[{"floor":3.0,"key":"SkillPotion"},{"floor":14.0,"key":"FearPotion"},{"floor":16.0,"key":"SpeedPotion"},{"floor":21,"key":"Explosive Potion"}],"is_trial":false,"path_per_floor":["M","M","M","M","?","R","?","R","T","M","R","M","$","M","R","B",null,"M","?","?","M","$","R","E"],"character_chosen":"DEFECT","items_purchased":["Orrery"],"campfire_rested":0,"item_purchase_floors":[13],"current_hp_per_floor":[54,52,51,40,19,19,19,19,19,19,19,16,16,16,16,13,51,40,40,40,33,33,33,0,0],"gold":77,"neow_bonus":"TRANSFORM_CARD","is_daily":false,"chose_seed":false,"campfire_upgraded":5,"win_rate":0.0,"timestamp":1613827469,"path_taken":["M","M","M","M","?","R","?","R","T","M","R","M","?","M","R","BOSS","M","?","?","M","$","R","E"],"items_purchased_type":["Relic"],"build_version":"2020-12-22","purchased_purges":1,"victory":false,"max_hp_per_floor":[71,71,71,71,71,71,64,64,64,64,64,64,64,64,64,64,64,64,64,64,64,64,64,64,64],"relic_stats":{"counters":[11,43],"Golden Idol":36,"Astrolabe":["Gash","Darkness","Stack"],"obtain_stats":[{"Potion Belt":19,"Golden Idol":7,"Astrolabe":17,"Orrery":13,"Cracked Core":0},{"Potion Belt":9,"Golden Idol":4,"Astrolabe":8,"Orrery":6,"Cracked Core":0},{"Potion Belt":36,"Golden Idol":14,"Astrolabe":32,"Orrery":20,"Cracked Core":0}]},"card_choices":[{"not_picked":["Beam Cell","Double Energy"],"picked":"FTL","floor":1.0},{"not_picked":["Conserve Battery","Double Energy"],"picked":"Darkness","floor":2.0},{"not_picked":["Darkness","Sweeping Beam"],"picked":"Rip and Tear","floor":3.0},{"not_picked":["Go for the Eyes","Turbo"],"picked":"Ball Lightning","floor":4.0},{"not_picked":["Heatsinks","Reprogram"],"picked":"Reinforced Body","floor":10.0},{"not_picked":["Aggregate","Amplify"],"picked":"Glacier","floor":12.0},{"not_picked":["Lockon","Leap"],"picked":"Defragment","floor":13.0},{"not_picked":["Rip and Tear","Gash"],"picked":"Conserve Battery","floor":13.0},{"not_picked":["Gash","Hologram"],"picked":"Seek","floor":13.0},{"not_picked":["BootSequence","Glacier"],"picked":"Redo","floor":13.0},{"not_picked":["Turbo","Stack"],"picked":"Compile Driver","floor":13.0},{"not_picked":["FTL","Heatsinks","Tempest"],"picked":"SKIP","floor":14.0},{"not_picked":["Echo Form","Machine Learning"],"picked":"Amplify","floor":16.0},{"not_picked":["Steam","Force Field"],"picked":"Double Energy","floor":18},{"not_picked":["Gash","Barrage"],"picked":"Redo+1","floor":21}],"player_experience":1538241,"relics_obtained":[],"event_choices":[{"damage_healed":0.0,"max_hp_gain":0.0,"max_hp_loss":0.0,"gold_gain":0.0,"event_name":"Shining Light","player_choice":"Entered Light","floor":5.0,"gold_loss":0.0,"damage_taken":21.0,"cards_upgraded":["Defend_B","Strike_B"]},{"damage_healed":0.0,"max_hp_gain":0.0,"max_hp_loss":7.0,"gold_gain":0.0,"event_name":"Golden Idol","player_choice":"Lose Max HP","floor":7.0,"gold_loss":0.0,"damage_taken":0.0,"relics_obtained":["Golden Idol"]},{"damage_healed":0,"gold_gain":0,"player_choice":"Obtained Relic","damage_taken":0,"relics_obtained":["Potion Belt"],"max_hp_gain":0,"max_hp_loss":0,"event_name":"Addict","floor":19,"gold_loss":85},{"damage_healed":0,"gold_gain":50,"player_choice":"Pray","damage_taken":0,"max_hp_gain":0,"max_hp_loss":0,"event_name":"Golden Shrine","floor":20,"gold_loss":0}],"is_beta":false,"boss_relics":[{"not_picked":["Empty Cage","Busted Crown"],"picked":"Astrolabe"}],"items_purged_floors":[22],"is_endless":false,"potions_floor_spawned":[3,14,16,21],"killed_by":"Gremlin Leader","ascension_level":20}}