{"host":"ox77rn1xcurm2t5a","time":1613842015,"event":{"mods":["2.2 Compatiblity","AchievementEnabler","Act Like it!","Aspiration","BaseMod","Best Route Mod","Better Match","Better Note","Better Sensory Stone","Block Reminder","Colored Map","Colored Powertips","Conjunction","Conspire","Custom Start","Energized Spire","GifTheSpireLib","Gold Saver","Gremlin Skip","Halation","Highlight Path","Hubris","Infinite Spire","Minty Spire (QoL Compilation)","Pale of the Ancients","Quick Restart","Reliquary","Replay The Spire","Reworked Bosses","ShortenTheSpire","Spire Exporter","StSLib","Stuff the Spire","Wandering Minibosses"],"gold_per_floor":[170,188,188,188,200,200,230,247,247,247,247,276,276,73,73,176,176,194,194,212,224,23,55,55,55,55,73,102,115,142,159,159,258,258,285,320,320,320,420,64,64,64,64],"floor_reached":42,"language":"ENG","playtime":1125,"items_purged":[],"score":920,"play_id":"9ecb9712-e4a9-4874-b5b3-a835d379afe6","local_time":"20210220192655","is_ascension_mode":true,"campfire_choices":[{"data":"Clothesline","floor":6,"key":"SMITH"},{"floor":15,"key":"RECALL"},{"floor":25,"key":"REST"},{"floor":32,"key":"REST"},{"data":"Limit Break","floor":41,"key":"SMITH"}],"circlet_count":0,"master_deck":["Strike_R","Strike_R","Strike_R+1","Strike_R","Defend_R+1","Defend_R","Defend_R+1","Defend_R","Bash","Pommel Strike","Clothesline+1","Flex","Uppercut+1","Perfected Strike","Limit Break+1","Flex+1","infinitespire:NeuralNetwork","Flex","Anger","Pommel Strike","Headbutt+1","Flex+1","Limit Break","Panache","Swift Strike","ReplayTheSpireMod:Private Reserves","Clash"],"relics":["Burning Blood","Counterbalance","Garlic","Replay:Baseball","War Paint","Runic Dome","conspire:SlowCooker","conspire:TopHat","Whetstone","hubris:CuriousFeather","reliquary:PartyBalloon","infinitespire:Lucky Rock","StuffTheSpire:Barrel","infinitespire:Cupcake","infinitespire:EvilPickle","ReplayTheSpireMod:ShopPack","Toxic Egg 2"],"acts_visited":["TheCity","TheBeyond"],"potions_floor_usage":[7,7,16,18,23,28,29,30,36,42],"damage_taken":[{"damage":6,"enemies":"Cultist","floor":1,"turns":3},{"damage":9,"enemies":"Jaw Worm","floor":2,"turns":3},{"damage":2,"enemies":"Small Slimes","floor":5,"turns":4},{"damage":23,"enemies":"Gremlin Nob","floor":7,"turns":5},{"damage":2,"enemies":"2 Fungi Beasts","floor":8,"turns":3},{"damage":33,"enemies":"Lagavulin","floor":12,"turns":6},{"damage":54,"enemies":"Fading Forest","floor":16,"turns":11},{"damage":6,"enemies":"Shell Parasite","floor":18,"turns":4},{"damage":23,"enemies":"2 Thieves","floor":20,"turns":4},{"damage":20,"enemies":"Snake Plant","floor":21,"turns":4},{"damage":28,"enemies":"Replay:Snechameleon","floor":23,"turns":6},{"damage":3,"enemies":"Centurion and Healer","floor":27,"turns":4},{"damage":33,"enemies":"Slavers","floor":28,"turns":5},{"damage":6,"enemies":"Shelled Parasite and Fungi","floor":29,"turns":3},{"damage":0,"enemies":"conspire:SneckoGhost","floor":30,"turns":4},{"damage":8,"enemies":"Snecko","floor":31,"turns":5},{"damage":5,"enemies":"Pondfish","floor":33,"turns":7},{"damage":9,"enemies":"3 Darklings","floor":35,"turns":3},{"damage":17,"enemies":"3 Shapes","floor":36,"turns":3},{"damage":66,"enemies":"Reptomancer","floor":42,"turns":3}],"seed_played":"79360317529038193","potions_obtained":[{"floor":2,"key":"Milkshake"},{"floor":3,"key":"Venom Potion"},{"floor":3,"key":"LifebloodPotion"},{"floor":12,"key":"AttackPotion"},{"floor":16,"key":"Fire Potion"},{"floor":21,"key":"FearPotion"},{"floor":27,"key":"SteroidPotion"},{"floor":28,"key":"Weak Potion"},{"floor":29,"key":"LifebloodPotion"},{"floor":35,"key":"Explosive Potion"}],"is_trial":false,"path_per_floor":["M","M","?","$","M","R","E","M","T","?","?","E","T","$","R","B",null,"M","AVR","M","M","$","E","?","R","T","M","E","M","E","M","R","B",null,"M","M","AVR","?","?","$","R","E"],"character_chosen":"IRONCLAD","items_purchased":["Perfected Strike","War Paint","Whetstone","Anger","Toxic Egg 2","Clash","Fire Potion"],"campfire_rested":2,"item_purchase_floors":[14,14,22,22,40,40,40],"current_hp_per_floor":[72,69,69,69,73,73,56,60,60,60,75,48,48,48,48,18,65,65,65,48,34,34,12,12,36,36,39,12,12,18,16,40,41,70,67,56,56,56,56,56,56,0,0],"gold":64,"neow_bonus":"REMOVE_CARD","is_daily":false,"chose_seed":false,"campfire_upgraded":2,"win_rate":0.0,"timestamp":1613842015,"path_taken":["M","?","?","$","?","R","E","?","T","?","?","E","?","$","R","BOSS","M","AVR","M","?","$","E","?","R","T","M","E","M","E","M","R","BOSS","M","M","AVR","?","?","$","R","E"],"items_purchased_type":["Card","Relic","Relic","Card","Relic","Card","Potion"],"build_version":"2020-12-22","purchased_purges":0,"victory":false,"max_hp_per_floor":[80,80,80,80,80,80,80,80,80,80,80,80,80,80,80,80,80,80,80,80,80,80,80,80,80,80,80,80,80,80,80,80,80,80,80,80,80,76,76,76,76,76,76],"card_choices":[{"not_picked":["ReplayTheSpireMod:Corrosion Curse","Heavy Blade"],"picked":"Pommel Strike","floor":1},{"not_picked":["hubris:SharpeningStone","Wild Strike","StuffTheSpire:BloodClot"],"picked":"SKIP","floor":2},{"not_picked":["Battle Trance","Havoc"],"picked":"Clothesline","floor":5},{"not_picked":["Replay:Undeath\u0027s Touch","Seeing Red"],"picked":"Flex","floor":7},{"not_picked":["Iron Wave","Havoc"],"picked":"Uppercut","floor":8},{"not_picked":["Clothesline","conspire:Charge","StuffTheSpire:TitanForm"],"picked":"SKIP","floor":12},{"not_picked":["Offering","hubris:StunningStrike"],"picked":"Limit Break","floor":16},{"not_picked":["Battle Trance","ReplayTheSpireMod:Muscle Training"],"picked":"Flex+1","floor":18},{"not_picked":["Sword Boomerang","StuffTheSpire:RockThrow"],"picked":"Flex","floor":20},{"not_picked":["Havoc","Armaments","Feel No Pain"],"picked":"SKIP","floor":21},{"not_picked":["Double Tap","Life Link","Havoc"],"picked":"SKIP","floor":23},{"not_picked":["StuffTheSpire:Incineration","Feel No Pain"],"picked":"Pommel Strike","floor":27},{"not_picked":["Eclipse","ReplayReversal","Heavy Blade"],"picked":"SKIP","floor":28},{"not_picked":["Replay:Undeath\u0027s Touch","StuffTheSpire:RockThrow","Run Through"],"picked":"SKIP","floor":29},{"not_picked":["Whirlwind","Flex"],"picked":"Headbutt+1","floor":30},{"not_picked":["Power Through+1","Wild Strike"],"picked":"Flex+1","floor":31},{"not_picked":["Reaper","hubris:StunningStrike"],"picked":"Limit Break","floor":33},{"not_picked":["conspire:Charge+1","Power Through+1","Havoc"],"picked":"SKIP","floor":35},{"not_picked":["Ghostly Armor","Replay:Undeath\u0027s Touch","StuffTheSpire:Slingshot"],"picked":"SKIP","floor":36},{"not_picked":["Secret Weapon","Replay:Dark Deal"],"picked":"Panache","floor":37},{"not_picked":["Mind Blast","hubris:Insight"],"picked":"Swift Strike","floor":37},{"not_picked":["ReplayUltimateDefense","Blind"],"picked":"ReplayTheSpireMod:Private Reserves","floor":37}],"player_experience":3207654,"relics_obtained":[{"floor":7,"key":"Counterbalance"},{"floor":9,"key":"Garlic"},{"floor":12,"key":"Replay:Baseball"},{"floor":23,"key":"hubris:CuriousFeather"},{"floor":26,"key":"reliquary:PartyBalloon"},{"floor":28,"key":"infinitespire:Lucky Rock"},{"floor":30,"key":"StuffTheSpire:Barrel"}],"event_choices":[{"damage_healed":0,"gold_gain":0,"player_choice":"Got Potions","damage_taken":0,"max_hp_gain":0,"max_hp_loss":0,"event_name":"Lab","floor":3,"gold_loss":0},{"damage_healed":0,"gold_gain":0,"player_choice":"Ignored","damage_taken":0,"max_hp_gain":0,"max_hp_loss":0,"event_name":"Transmorgrifier","floor":24,"gold_loss":0},{"damage_healed":0,"gold_gain":0,"player_choice":"Max HP","damage_taken":0,"max_hp_gain":0,"max_hp_loss":4,"event_name":"Winding Halls","floor":38,"gold_loss":0},{"damage_healed":0,"gold_gain":100,"player_choice":"Pray","damage_taken":0,"max_hp_gain":0,"max_hp_loss":0,"event_name":"Golden Shrine","floor":39,"gold_loss":0}],"is_beta":false,"boss_relics":[{"not_picked":["halation:MonkeysPaw","energizedSpire:SpiderWeb"],"picked":"Runic Dome"},{"not_picked":["Ooze Armor","Runic Cube"],"picked":"infinitespire:Cupcake"}],"items_purged_floors":[],"is_endless":false,"potions_floor_spawned":[2,12,16,21,27,28,29,35],"killed_by":"Reptomancer","ascension_level":8}}