{"host":"pzgv5x4i9ftxktj0","time":1613844226,"event":{"mods":["Act Like it!","BaseMod","Colored Map","Colored Powertips","Downfall","Googly Eyes","Highlight Path","Minty Spire (QoL Compilation)","Replay The Spire","Robot Space Explorer","Ruina","Spire Arcade","StSLib","SuperFastMode","The Alterego","The Bug Knight","The Cursed","The Hierophant","The Marked","The Servant 0.9.4","WarShipGirlsR/????R mod"],"gold_per_floor":[113,113,126,126,126,126,156,156,156,169,119,145,164,11,11,106,106,122,122,107,107,107],"floor_reached":21,"language":"ENG","playtime":1684,"items_purged":[],"score":212,"play_id":"5087e04e-0ed2-4a7b-a6f0-6728639c8cff","local_time":"20210220130346","is_ascension_mode":false,"campfire_choices":[{"data":"HollowMod:MothsMistake","floor":6,"key":"SMITH"},{"data":"HollowMod:NewLittleFool","floor":8,"key":"SMITH"},{"data":"HollowMod:Grubsong","floor":15,"key":"SMITH"}],"circlet_count":0,"master_deck":["HollowMod:NailStrikeStart","HollowMod:NailStrikeStart","HollowMod:NailStrikeStart","HollowMod:NailStrikeStart","HollowMod:QuickDashStart+1","HollowMod:QuickDashStart","HollowMod:QuickDashStart","HollowMod:QuickDashStart","HollowMod:FocusHealStart","HollowMod:PogoStrike","HollowMod:NewLittleFool+1","HollowMod:SharpenedShadows","HollowMod:MantisMark","HollowMod:MothsMistake+1","HollowMod:SoulSplash","HollowMod:NewLittleFool","HollowMod:InfectedAttack","HollowMod:AbyssShriek","HollowMod:Grubsong+1","HollowMod:NewJinnsSoul","Pot Of Greed","Pot Of Greed","HollowMod:HornetsHelp","HollowMod:GoodIntentions+1","Shame","HollowMod:TaintedHusks+1","Pot Of Greed"],"relics":["HollowMod:VesselMask","NeowsBlessing","Pantograph","Darkstone Periapt","Bottled Lightning","Replay:WaspNest","Grinning Jar","Honey Jar","Strawberry"],"acts_visited":["Exordium","TheCity"],"potions_floor_usage":[18,21],"damage_taken":[{"damage":0,"enemies":"Jaw Worm","floor":1,"turns":1},{"damage":0,"enemies":"2 Louse","floor":3,"turns":1},{"damage":0,"enemies":"Lagavulin","floor":7,"turns":1},{"damage":11,"enemies":"Small Slimes","floor":10,"turns":4},{"damage":25,"enemies":"Gremlin Nob","floor":12,"turns":4},{"damage":8,"enemies":"Exordium Wildlife","floor":13,"turns":2},{"damage":50,"enemies":"Hexaghost","floor":16,"turns":7},{"damage":27,"enemies":"Shell Parasite","floor":18,"turns":5},{"damage":36,"enemies":"2 Thieves","floor":20,"turns":4},{"damage":38,"enemies":"Sentry and Sphere","floor":21,"turns":6}],"seed_played":"2966628847937268958","potions_obtained":[{"floor":3,"key":"SpeedPotion"},{"floor":13,"key":"PowerPotion"}],"is_trial":false,"path_per_floor":["M","?","M","T","?","R","E","R","T","M","?","E","M","$","R","B",null,"M","?","M","M"],"character_chosen":"THE_BUGKNIGHT","items_purchased":["Grinning Jar"],"campfire_rested":0,"item_purchase_floors":[14],"current_hp_per_floor":[75,75,75,75,75,75,75,75,75,70,70,45,37,37,37,18,75,48,61,31,0,0],"gold":107,"neow_bonus":"THREE_ENEMY_KILL","is_daily":false,"chose_seed":false,"campfire_upgraded":3,"win_rate":0.0,"timestamp":1613844226,"path_taken":["M","?","M","?","?","R","E","R","T","M","?","E","M","$","R","BOSS","M","?","M","M"],"items_purchased_type":["Relic"],"build_version":"2020-12-22","purchased_purges":0,"victory":false,"max_hp_per_floor":[75,75,75,75,75,75,75,75,75,75,75,75,75,75,75,75,75,75,88,88,88,88],"card_choices":[{"not_picked":["HollowMod:GoodIntentions","HollowMod:VengefulVoid"],"picked":"HollowMod:NewLittleFool","floor":1},{"not_picked":["HollowMod:GreatSlash","HollowMod:HowlingWraiths"],"picked":"HollowMod:NewLittleFool","floor":3},{"not_picked":["HollowMod:DashSlash","HollowMod:NewLittleFool"],"picked":"HollowMod:InfectedAttack","floor":7},{"not_picked":["HollowMod:AwokenDreamNail","HollowMod:SoulShaman"],"picked":"HollowMod:AbyssShriek","floor":10},{"not_picked":["HollowMod:SoulStrike","HollowMod:HowlingWraiths"],"picked":"HollowMod:Grubsong","floor":12},{"not_picked":["HollowMod:DashSlash","HollowMod:LifebloodCocoon"],"picked":"HollowMod:NewJinnsSoul","floor":13},{"not_picked":["HollowMod:MidwifesHunger","HollowMod:ZotesMagnificence"],"picked":"HollowMod:HornetsHelp","floor":16},{"not_picked":["HollowMod:FastStrike","HollowMod:NewJinnsSoul","HollowMod:DashSlash"],"picked":"HollowMod:GoodIntentions+1","floor":18},{"not_picked":["HollowMod:NewJinnsSoul","HollowMod:CrystalDash","HollowMod:SoulVessel"],"picked":"HollowMod:TaintedHusks+1","floor":20}],"player_experience":392139,"relics_obtained":[{"floor":4,"key":"Pantograph"},{"floor":7,"key":"Darkstone Periapt"},{"floor":9,"key":"Bottled Lightning"},{"floor":12,"key":"Replay:WaspNest"}],"event_choices":[{"cards_removed":["HollowMod:FallenFury"],"damage_healed":0,"gold_gain":0,"player_choice":"Card Removal","damage_taken":0,"max_hp_gain":0,"max_hp_loss":0,"event_name":"The Cleric","floor":11,"gold_loss":50},{"damage_healed":0,"gold_gain":0,"player_choice":"Stole Relic","damage_taken":0,"relics_obtained":["Strawberry"],"max_hp_gain":0,"max_hp_loss":0,"event_name":"Addict","floor":19,"gold_loss":0,"cards_obtained":["Shame"]}],"is_beta":false,"boss_relics":[{"not_picked":["SacredBark","Pandora\u0027s Box"],"picked":"Honey Jar"}],"items_purged_floors":[],"is_endless":false,"potions_floor_spawned":[3,13],"killed_by":"Sentry and Sphere","ascension_level":0}}