{"host":"0ueeacaatm8t6jyh","time":1613824029,"event":{"mods":["AchievementEnabler","BaseMod","Colored Powertips","Minty Spire (QoL Compilation)","Quick Restart","Rare Cards Sparkle","Shop Mod","StSLib"],"gold_per_floor":[110,110,126,126,144,177,177,327,327,351,351,118,130,130,130,130,130,130,130,130],"floor_reached":19,"language":"ZHS","playtime":325,"items_purged":["Doubt"],"score":209,"play_id":"d0caaa0f-bff5-4117-819a-ff0728c8b03f","local_time":"20210220202709","is_ascension_mode":true,"campfire_choices":[{"data":"Coolheaded","floor":7,"key":"SMITH"},{"data":"Dualcast","floor":11,"key":"SMITH"},{"floor":15,"key":"REST"},{"data":"Capacitor","floor":17,"key":"SMITH"},{"floor":18,"key":"REST"}],"circlet_count":0,"master_deck":["AscendersBane","Strike_B","Strike_B+1","Strike_B","Defend_B","Defend_B+1","Defend_B","Defend_B","Zap","Dualcast+1","Ball Lightning","Coolheaded+1","Capacitor+1","Coolheaded"],"relics":["Cracked Core","NeowsBlessing","Shuriken","Oddly Smooth Stone","Regal Pillow","Toy Ornithopter","OrangePellets","Dream Catcher"],"acts_visited":["Exordium"],"potions_floor_usage":[6,6],"damage_taken":[{"damage":0.0,"enemies":"Small Slimes","floor":1.0,"turns":1.0},{"damage":0.0,"enemies":"Jaw Worm","floor":3.0,"turns":1.0},{"damage":0.0,"enemies":"2 Louse","floor":5.0,"turns":1.0},{"damage":25,"enemies":"3 Sentries","floor":6,"turns":7},{"damage":6,"enemies":"Large Slime","floor":13,"turns":6},{"damage":67,"enemies":"Slime Boss","floor":19,"turns":10}],"seed_played":"2588342069859755670","potions_obtained":[{"floor":3.0,"key":"Explosive Potion"},{"floor":5.0,"key":"Dexterity Potion"}],"is_trial":false,"path_per_floor":["M","?","M","T","M","E","R","?","T","T","R","$","M","?","R","?","R","R","B"],"character_chosen":"DEFECT","items_purchased":["OrangePellets"],"campfire_rested":2,"item_purchase_floors":[12],"current_hp_per_floor":[64,57,57,57,57,32,32,32,32,32,32,32,26,5,41,30,30,66,0,0],"gold":130,"neow_bonus":"THREE_ENEMY_KILL","is_daily":false,"chose_seed":false,"campfire_upgraded":3,"win_rate":0.0,"timestamp":1613824029,"path_taken":["M","?","M","?","M","E","R","?","T","T","R","$","M","?","R","?","R","R","BOSS"],"items_purchased_type":["Relic"],"build_version":"2020-12-22","purchased_purges":1,"victory":false,"max_hp_per_floor":[71,71,71,71,71,71,71,71,71,71,71,71,71,71,71,71,71,71,71,71],"card_choices":[{"not_picked":["Rebound","Go for the Eyes","Auto Shields"],"picked":"SKIP","floor":1.0},{"not_picked":["Rip and Tear","Hello World","Rebound"],"picked":"SKIP","floor":3.0},{"not_picked":["Go for the Eyes","Barrage"],"picked":"Ball Lightning","floor":5.0},{"not_picked":["Gash","Static Discharge"],"picked":"Coolheaded","floor":6},{"not_picked":["Redo","Beam Cell"],"picked":"Capacitor","floor":13},{"not_picked":["Storm","Hologram"],"picked":"Coolheaded","floor":18}],"player_experience":567221,"relics_obtained":[{"floor":4.0,"key":"Shuriken"},{"floor":6,"key":"Oddly Smooth Stone"},{"floor":9,"key":"Regal Pillow"},{"floor":10,"key":"Toy Ornithopter"}],"event_choices":[{"cards_removed":["Strike_B"],"damage_healed":0.0,"max_hp_gain":0.0,"max_hp_loss":0.0,"gold_gain":0.0,"event_name":"Golden Wing","player_choice":"Card Removal","floor":2.0,"gold_loss":0.0,"damage_taken":7.0},{"damage_healed":0,"gold_gain":150,"player_choice":"AGREE","damage_taken":0,"max_hp_gain":0,"max_hp_loss":0,"event_name":"Liars Game","floor":8,"gold_loss":0,"cards_obtained":["Doubt"]},{"damage_healed":0,"gold_gain":0,"player_choice":"Entered Light","damage_taken":21,"max_hp_gain":0,"max_hp_loss":0,"event_name":"Shining Light","floor":14,"gold_loss":0,"cards_upgraded":["Strike_B","Defend_B"]},{"damage_healed":0,"gold_gain":0,"player_choice":"Success","damage_taken":11,"relics_obtained":["Dream Catcher"],"max_hp_gain":0,"max_hp_loss":0,"event_name":"Scrap Ooze","floor":16,"gold_loss":0}],"is_beta":false,"boss_relics":[],"items_purged_floors":[12],"is_endless":false,"potions_floor_spawned":[3,5],"killed_by":"Slime Boss","ascension_level":17}}