{"host":"ywif2ugnepgiw45s","time":1613837737,"event":{"mods":["Act Like it!","BaseMod","Better Skull","Bossed Relics","Downfall","GifTheSpireLib","Gremlin Mod","Hermit","Lobotomy","Mimic Mod","Minty Spire (QoL Compilation)","Quick Restart","READ ME - Guardian Mod","Replay The Spire","Shade Mod","Shapeshifter Mod","Shop Mod","StSLib","The Cursed","The Exalted","The Hierophant","The Jungle","The Necromancer","The Servant 0.9.4"],"gold_per_floor":[20,66,66,26,51,92,117,117,167,167,205,223,223,248,248,384,396,426,438,450,462,492,538,550,562,601,648,679,729,84,103,103,223,223,243,243,143,476,488,516,544,573,652,372,372,372,372,387,387,387,387,387,8,43,43],"floor_reached":56,"language":"ENG","playtime":2646,"items_purged":["Strike_W","Shame","Doubt","Injury"],"score":1374,"play_id":"b5a13e9b-9e69-4749-bc15-01ac71987bd1","local_time":"20210220111537","is_ascension_mode":false,"campfire_choices":[{"data":"Summon_Undead","floor":8,"key":"SMITH"},{"data":"Summon_Undead","floor":13,"key":"SMITH"},{"floor":15,"key":"DIG"},{"data":"Summon_Undead_Army","floor":24,"key":"SMITH"},{"floor":45,"key":"RECALL"},{"data":"Plague_Bolt","floor":47,"key":"SMITH"},{"data":"Madness","floor":47,"key":"SMITH"},{"floor":49,"key":"REST"},{"data":"Madness","floor":52,"key":"SMITH"},{"data":"Grasp_Heart","floor":52,"key":"SMITH"}],"circlet_count":0,"master_deck":["Strike_W","Strike_W","Defend_W","Defend_W","Defend_W","Defend_W","Negative_Energy_Arrows","Bone_Wall","Sadistic Nature","Vampiric_Strike","Summon_Undead+1","Consume_Illness","Summon_Undead_Army+1","Plague_Bolt+1","Necrotic_Claws","Spectral_Armor","Summon_Undead+1","Summon_Death_Knight","Negative_Energy_Sphere+1","Life_Drain+1","Shade_Step+1","Siphon_Strength+1","Summon_Lich+1","Negative_Energy_Shield+1","Grasp_Heart+1","Bone_Spikes","Madness+1","Madness+1","Uncharnel+1","ReplayTheSpireMod:Brewmster"],"relics":["Vampire_Amulet","Bromod:ArcaneAwakening","Ornamental Fan","Blue Doll","Blue Candle","MawBank","Bromod:ArcaneEnergize","theJungle:WildStrawberry","theJungle:BirthdayCakeSlice","theJungle:PaperFaux","Replay:Mystery Machine","Nunchaku","Juzu Bracelet","White Beast Statue","Guardian:PocketSentry","Replay:Arrowhead","Bird Faced Urn","SacredBark","Ring of Chaos","Ring of Fury","WingedGreaves","Replay:WaspNest","Omamori","Toolbox","Replay:Wax Seal"],"acts_visited":["Exordium","Exordium","TheBeyond","TheEnding"],"potions_floor_usage":[16,23,27,29,39,50,54,55,55,55,55],"damage_taken":[{"damage":2,"enemies":"Small Slimes","floor":1,"turns":3},{"damage":0,"enemies":"2 Louse","floor":5,"turns":3},{"damage":32,"enemies":"3 Sentries","floor":6,"turns":6},{"damage":11,"enemies":"Jaw Worm","floor":7,"turns":2},{"damage":0,"enemies":"3 Louse","floor":9,"turns":5},{"damage":12,"enemies":"Gremlin Nob","floor":11,"turns":4},{"damage":3,"enemies":"3 Louse","floor":12,"turns":3},{"damage":0,"enemies":"Blue Slaver","floor":14,"turns":4},{"damage":8,"enemies":"Slime Boss","floor":16,"turns":7},{"damage":7,"enemies":"theJungle:MUSHROOMGANG","floor":18,"turns":4},{"damage":15,"enemies":"theJungle:GiantWrat","floor":22,"turns":5},{"damage":23,"enemies":"theJungle:MamaSnecko","floor":23,"turns":7},{"damage":57,"enemies":"JungleHuntersEvent","floor":25,"turns":7},{"damage":13,"enemies":"theJungle:Cassacara","floor":27,"turns":5},{"damage":10,"enemies":"theJungle:JungleHuntersEncounter","floor":28,"turns":6},{"damage":52,"enemies":"theJungle:MamaSnecko","floor":29,"turns":7},{"damage":5,"enemies":"theJungle:SlimyTreeVines","floor":31,"turns":4},{"damage":30,"enemies":"theJungle:TotemBoss","floor":33,"turns":6},{"damage":6,"enemies":"3 Shapes","floor":35,"turns":4},{"damage":0,"enemies":"3 Darklings","floor":39,"turns":3},{"damage":23,"enemies":"R_Hoarder","floor":40,"turns":6},{"damage":53,"enemies":"Reptomancer","floor":41,"turns":6},{"damage":18,"enemies":"R_Hoarder","floor":42,"turns":6},{"damage":16,"enemies":"Writhing Mass","floor":48,"turns":6},{"damage":78,"enemies":"Donu and Deca","floor":50,"turns":7},{"damage":34,"enemies":"Shield and Spear","floor":54,"turns":5},{"damage":44,"enemies":"The Heart","floor":55,"turns":6}],"seed_played":"4186629020648922034","potions_obtained":[{"floor":7,"key":"Energy Potion"},{"floor":12,"key":"Regen Potion"},{"floor":16,"key":"LiquidMemories"},{"floor":22,"key":"DuplicationPotion"},{"floor":25,"key":"Venom Potion"},{"floor":27,"key":"AttackPotion"},{"floor":28,"key":"Regen Potion"},{"floor":29,"key":"Adrenaline Potion"},{"floor":33,"key":"Languid Potion"},{"floor":35,"key":"FairyPotion"},{"floor":39,"key":"Fruit Juice"},{"floor":40,"key":"champ:CounterPotion"},{"floor":54,"key":"hexamod:SoulburnPotion"}],"is_trial":false,"path_per_floor":["M","?","?","$","M","E","M","R","MIM","?","E","M","R","M","R","B",null,"M","?","?","?","M","E","R","?","T","E","M","E","$","M","R","B",null,"M","?","$","?","M","E","E","E","T","$","R","?","R","M","R","B",null,"R","$","E","B",null],"character_chosen":"NECROMANCER","items_purchased":["Summon_Undead_Army","Replay:Arrowhead","Bird Faced Urn","Toolbox","ReplayTheSpireMod:Brewmster","Fire Potion"],"campfire_rested":1,"item_purchase_floors":[4,30,30,44,53,53],"current_hp_per_floor":[75,57,57,57,63,39,33,33,35,35,27,32,32,35,35,64,75,75,68,73,73,66,83,83,53,53,56,68,58,58,72,87,87,87,87,87,87,87,97,79,48,55,55,55,55,43,43,41,70,41,97,97,97,73,50],"gold":43,"neow_bonus":"RANDOM_COLORLESS_2","is_daily":false,"chose_seed":false,"campfire_upgraded":7,"win_rate":0.0,"timestamp":1613837737,"path_taken":["M","?","?","$","M","E","M","R","MIM","?","E","M","R","M","R","BOSS","M","?","?","?","M","E","R","?","T","E","M","E","$","M","R","BOSS","M","?","$","?","M","E","E","E","T","?","R","?","R","M","R","BOSS","R","$","E","BOSS"],"items_purchased_type":["Card","Relic","Relic","Relic","Card","Potion"],"build_version":"2020-12-22","purchased_purges":4,"victory":true,"max_hp_per_floor":[75,75,75,75,75,75,75,75,75,75,75,75,75,75,75,75,75,75,82,87,87,87,87,87,87,87,87,87,87,87,87,87,87,87,87,87,87,87,97,97,97,97,97,97,97,97,97,97,97,97,97,97,97,97,97],"card_choices":[{"not_picked":["ReplayTheSpireMod:Brewmster","The Bomb"],"picked":"Sadistic Nature","floor":0},{"not_picked":["Scare","Acid_Javelin"],"picked":"Vampiric_Strike","floor":1},{"not_picked":["Strike_from_Beyond","Negative_Energy_Shield"],"picked":"Summon_Undead","floor":2},{"not_picked":["Negative_Energy_Javelin","Chill_Blood"],"picked":"Consume_Illness","floor":2},{"not_picked":["Death_Knell","Death_March_Dance","Chill_Blood"],"picked":"SKIP","floor":5},{"not_picked":["Flesh_Made_Foul","Negative_Energy_Mist","Bone_Shift"],"picked":"SKIP","floor":6},{"not_picked":["Bone_Shift","Negative_Energy_Bomb"],"picked":"Plague_Bolt","floor":7},{"not_picked":["Strike_from_Beyond","Blood_Shield"],"picked":"Necrotic_Claws","floor":9},{"not_picked":["Vampiric_Strike","Consume_Illness"],"picked":"Spectral_Armor","floor":11},{"not_picked":["Bone_Shift","Finger_Of_Death"],"picked":"Summon_Undead","floor":12},{"not_picked":["Bones_to_Steel","Violent_Necrosis","Spectral_Walk"],"picked":"SKIP","floor":14},{"not_picked":["Negative_Energy_Bomb","Cloudkill"],"picked":"Summon_Death_Knight","floor":16},{"not_picked":["Strike_from_Beyond","Death_March_Dance"],"picked":"Negative_Energy_Sphere","floor":18},{"not_picked":["Finger_Of_Death","Negative_Energy_Sphere+1"],"picked":"Life_Drain+1","floor":22},{"not_picked":["Slay_Living","Bones_to_Steel"],"picked":"Shade_Step+1","floor":23},{"not_picked":["Exploit","Blood_Curse+1"],"picked":"Siphon_Strength+1","floor":27},{"not_picked":["Scare","Chill_Blood","Necromantic_Selection"],"picked":"SKIP","floor":28},{"not_picked":["Blood_Curse","Requiem"],"picked":"Summon_Lich+1","floor":29},{"not_picked":["Blood_Whip+1","Whirlwind_of_Bones"],"picked":"Negative_Energy_Shield+1","floor":31},{"not_picked":["Cloudkill","Hellfire"],"picked":"Grasp_Heart","floor":33},{"not_picked":["Chill_Blood+1","Shackles_Of_Pain+1","Blood_Whip"],"picked":"SKIP","floor":35},{"not_picked":["Blood_Magic","Negative_Energy_Shield+1","Death_Knell"],"picked":"SKIP","floor":39},{"not_picked":["Scare+1","Exploit","Death_Coil"],"picked":"SKIP","floor":40},{"not_picked":["Life_Drain+1","Summon_Undead_Army"],"picked":"Bone_Spikes","floor":41},{"not_picked":["Death_March_Dance","Blood_Whip+1","Blood_Shield+1"],"picked":"SKIP","floor":42},{"not_picked":["Shade_Step","Finger_Of_Death+1"],"picked":"Uncharnel+1","floor":48},{"not_picked":["Requiem","Epidemic+1","Exploit"],"picked":"SKIP","floor":54}],"player_experience":1823504,"relics_obtained":[{"floor":2,"key":"Bromod:ArcaneAwakening"},{"floor":6,"key":"Ornamental Fan"},{"floor":9,"key":"Blue Doll"},{"floor":11,"key":"Blue Candle"},{"floor":15,"key":"MawBank"},{"floor":23,"key":"Replay:Mystery Machine"},{"floor":25,"key":"Nunchaku"},{"floor":26,"key":"Juzu Bracelet"},{"floor":27,"key":"White Beast Statue"},{"floor":29,"key":"Guardian:PocketSentry"},{"floor":36,"key":"Ring of Chaos"},{"floor":36,"key":"Ring of Fury"},{"floor":40,"key":"WingedGreaves"},{"floor":41,"key":"Replay:WaspNest"},{"floor":42,"key":"Omamori"},{"floor":54,"key":"Replay:Wax Seal"}],"event_choices":[{"damage_healed":0,"gold_gain":0,"player_choice":"Take Wound","damage_taken":0,"relics_obtained":["Golden Idol"],"max_hp_gain":0,"max_hp_loss":0,"event_name":"Golden Idol","floor":3,"gold_loss":0,"cards_obtained":["Injury"]},{"cards_removed":["Strike_W"],"damage_healed":0,"gold_gain":0,"player_choice":"Forget","damage_taken":0,"max_hp_gain":0,"max_hp_loss":0,"event_name":"Living Wall","floor":10,"gold_loss":0},{"damage_healed":0,"gold_gain":333,"player_choice":"Gave Idol","damage_taken":0,"max_hp_gain":0,"max_hp_loss":0,"event_name":"The Moai Head","floor":38,"relics_lost":["Golden Idol"],"gold_loss":0},{"damage_healed":0,"gold_gain":0,"player_choice":"Embrace Madness","damage_taken":12,"max_hp_gain":0,"max_hp_loss":0,"event_name":"Winding Halls","floor":46,"gold_loss":0,"cards_obtained":["Madness","Madness"]}],"is_beta":false,"boss_relics":[{"not_picked":["Fusion Hammer","Replay:Bronze Core"],"picked":"Bromod:ArcaneEnergize"},{"not_picked":["Empty Cage","Bromod:ArcaneBarrier"],"picked":"SacredBark"}],"items_purged_floors":[30,37,44,53],"is_endless":false,"potions_floor_spawned":[7,12,16,22,25,27,28,29,31,33,35,39,40,41,42,48,54],"ascension_level":0}}