{"host":"dvpvhz1t6etneyb3","time":1613797269,"event":{"mods":["AchievementEnabler","BaseMod","Colored Map","Highlight Path","Minty Spire (QoL Compilation)","Permanent Neow","Quick Restart"],"gold_per_floor":[119,130,130,142,153,181,181,199,268,268,280,300,300,325,325,396,396,407,64,84,84,94,127,127,127,127,152,152,165,192,202,202,280,280,293,293,218,440,450,483,533,560,560,560,571,585,635,665,665,665,665,665,665,10,40,40],"floor_reached":57,"language":"ENG","playtime":4274,"items_purged":["Strike_P","Strike_P"],"score":3434,"play_id":"f756e430-acaf-4732-beb3-c66d3dee8431","local_time":"20210220000109","is_ascension_mode":true,"campfire_choices":[{"data":"Meditate","floor":7.0,"key":"SMITH"},{"data":"Wallop","floor":13.0,"key":"SMITH"},{"data":"TalkToTheHand","floor":15.0,"key":"SMITH"},{"data":"MentalFortress","floor":25.0,"key":"SMITH"},{"data":"Wallop","floor":28.0,"key":"SMITH"},{"data":"Tantrum","floor":32.0,"key":"SMITH"},{"floor":49.0,"key":"RECALL"},{"data":"SashWhip","floor":53.0,"key":"SMITH"}],"circlet_count":0,"master_deck":["AscendersBane","Strike_P","Strike_P","Defend_P","Defend_P","Defend_P+1","Defend_P","Eruption","Vigilance","EmptyFist","BattleHymn+1","Meditate+1","FlurryOfBlows","SashWhip+1","Halt","Wallop+1","Protect","TalkToTheHand+1","Scrawl","Worship","Worship","Wallop+1","MentalFortress+1","Swivel","Tantrum+1","Omniscience","EmptyBody+1","Collect+1","CrushJoints+1","Tantrum+1","TalkToTheHand+1","BowlingBash+1","Brilliance+1","Vengeance","ThirdEye+1"],"relics":["PureWater","Bag of Preparation","Shuriken","FossilizedHelix","White Beast Statue","Damaru","Snecko Eye","Gambling Chip","Boot","HornCleat","Red Mask","Mango","Philosopher\u0027s Stone","Oddly Smooth Stone","Incense Burner","Molten Egg 2","Letter Opener","CaptainsWheel","Ice Cream","Bird Faced Urn"],"acts_visited":["Exordium","TheCity","TheBeyond","TheEnding"],"potions_floor_usage":[55],"damage_taken":[{"damage":0.0,"enemies":"Cultist","floor":1.0,"turns":2.0},{"damage":0.0,"enemies":"Small Slimes","floor":2.0,"turns":2.0},{"damage":4.0,"enemies":"Jaw Worm","floor":4.0,"turns":4.0},{"damage":1.0,"enemies":"Looter","floor":5.0,"turns":3.0},{"damage":6.0,"enemies":"Gremlin Nob","floor":6.0,"turns":3.0},{"damage":0.0,"enemies":"Blue Slaver","floor":8.0,"turns":3.0},{"damage":0.0,"enemies":"3 Louse","floor":11.0,"turns":2.0},{"damage":0.0,"enemies":"Large Slime","floor":12.0,"turns":3.0},{"damage":0.0,"enemies":"Lagavulin","floor":14.0,"turns":4.0},{"damage":8.0,"enemies":"The Guardian","floor":16.0,"turns":9.0},{"damage":0.0,"enemies":"Shell Parasite","floor":18.0,"turns":2.0},{"damage":0.0,"enemies":"2 Thieves","floor":20.0,"turns":4.0},{"damage":0.0,"enemies":"Centurion and Healer","floor":22.0,"turns":7.0},{"damage":0.0,"enemies":"Book of Stabbing","floor":23.0,"turns":5.0},{"damage":0.0,"enemies":"Masked Bandits","floor":27.0,"turns":2.0},{"damage":0.0,"enemies":"Snecko","floor":29.0,"turns":2.0},{"damage":0.0,"enemies":"Gremlin Leader","floor":30.0,"turns":6.0},{"damage":0.0,"enemies":"3 Cultists","floor":31.0,"turns":3.0},{"damage":0.0,"enemies":"Champ","floor":33.0,"turns":6.0},{"damage":0.0,"enemies":"3 Shapes","floor":35.0,"turns":3.0},{"damage":0.0,"enemies":"3 Darklings","floor":39.0,"turns":2.0},{"damage":0.0,"enemies":"Reptomancer","floor":40.0,"turns":5.0},{"damage":0.0,"enemies":"2 Orb Walkers","floor":41.0,"turns":4.0},{"damage":0.0,"enemies":"Nemesis","floor":42.0,"turns":5.0},{"damage":0.0,"enemies":"4 Shapes","floor":45.0,"turns":5.0},{"damage":0.0,"enemies":"Transient","floor":46.0,"turns":6.0},{"damage":0.0,"enemies":"Giant Head","floor":48.0,"turns":6.0},{"damage":0.0,"enemies":"Awakened One","floor":50.0,"turns":7.0},{"damage":0.0,"enemies":"Time Eater","floor":51.0,"turns":9.0},{"damage":22,"enemies":"Shield and Spear","floor":55,"turns":4},{"damage":37,"enemies":"The Heart","floor":56,"turns":9}],"seed_played":"-4856402796382902506","potions_obtained":[{"floor":2.0,"key":"PowerPotion"},{"floor":4.0,"key":"SneckoOil"},{"floor":5.0,"key":"Block Potion"},{"floor":11.0,"key":"Dexterity Potion"},{"floor":12.0,"key":"DuplicationPotion"},{"floor":14.0,"key":"BlessingOfTheForge"},{"floor":18.0,"key":"SkillPotion"},{"floor":20.0,"key":"Fruit Juice"},{"floor":23.0,"key":"PowerPotion"},{"floor":29.0,"key":"StancePotion"},{"floor":30.0,"key":"Regen Potion"},{"floor":55,"key":"Energy Potion"}],"is_trial":false,"path_per_floor":["M","M","T","M","M","E","R","M","T","?","M","M","R","E","R","B",null,"M","$","M","?","M","E","T","R","T","?","R","M","E","M","R","B",null,"M","?","$","?","M","E","?","E","T","?","M","M","?","E","R","B","B",null,"R","$","E","B",null],"character_chosen":"WATCHER","items_purchased":["Gambling Chip","Brilliance+1","Ice Cream","Swift Potion","Vengeance"],"campfire_rested":0,"item_purchase_floors":[19,54,54,54,54],"current_hp_per_floor":[61,61,61,57,56,50,50,50,50,30,30,30,30,30,30,22,57,57,57,57,57,57,62,62,62,62,62,62,62,76,76,76,76,84,84,79,79,79,79,79,79,79,79,79,79,79,79,79,79,79,79,82,82,82,60,27],"gold":40,"neow_bonus":"RANDOM_COMMON_RELIC","is_daily":false,"chose_seed":false,"campfire_upgraded":7,"win_rate":0.0,"timestamp":1613797269,"path_taken":["M","M","?","M","M","E","R","M","T","?","M","M","R","E","R","BOSS","M","$","M","?","M","E","?","R","T","?","R","M","E","M","R","BOSS","M","?","$","?","M","E","?","E","T","?","M","M","?","E","R","BOSS","BOSS","R","$","E","BOSS"],"items_purchased_type":["Relic","Card","Relic","Potion","Card"],"build_version":"2020-12-22","purchased_purges":2,"victory":true,"max_hp_per_floor":[68,68,68,68,68,68,68,68,68,68,68,68,68,68,68,68,68,68,68,68,68,68,73,73,73,73,73,73,73,87,87,87,87,87,87,87,87,87,87,87,87,87,87,83,83,83,83,83,83,83,83,83,83,83,83,83],"card_choices":[{"not_picked":["JustLucky","FollowUp"],"picked":"EmptyFist","floor":1.0},{"not_picked":["EmptyFist","Consecrate"],"picked":"BattleHymn","floor":2.0},{"not_picked":["Prostrate","Perseverance"],"picked":"Meditate","floor":4.0},{"not_picked":["FlyingSleeves","Prostrate"],"picked":"FlurryOfBlows","floor":5.0},{"not_picked":["CrushJoints","CutThroughFate"],"picked":"SashWhip","floor":6.0},{"not_picked":["ForeignInfluence","CutThroughFate"],"picked":"Halt","floor":8.0},{"not_picked":["PathToVictory","FlurryOfBlows"],"picked":"Wallop","floor":11.0},{"not_picked":["Scrawl","Consecrate"],"picked":"Protect","floor":12.0},{"not_picked":["PathToVictory","FollowUp"],"picked":"TalkToTheHand","floor":14.0},{"not_picked":["Omniscience","DeusExMachina"],"picked":"Scrawl","floor":16.0},{"not_picked":["Conclude","EmptyFist"],"picked":"Worship","floor":18.0},{"not_picked":["FollowUp","Collect","EmptyBody"],"picked":"SKIP","floor":20.0},{"not_picked":["CutThroughFate","Swivel"],"picked":"Wallop","floor":22.0},{"not_picked":["Prostrate","Vengeance"],"picked":"MentalFortress","floor":23.0},{"not_picked":["Sanctity","Evaluate"],"picked":"Swivel","floor":29.0},{"not_picked":["Evaluate","Perseverance"],"picked":"Tantrum","floor":30.0},{"not_picked":["Crescendo+1","ThirdEye","Weave"],"picked":"SKIP","floor":31.0},{"not_picked":["Alpha","LessonLearned"],"picked":"Omniscience","floor":33.0},{"not_picked":["SashWhip","Protect"],"picked":"EmptyBody+1","floor":35.0},{"not_picked":["Collect","Consecrate","EmptyMind"],"picked":"SKIP","floor":39.0},{"not_picked":["Establishment","CutThroughFate"],"picked":"Collect+1","floor":40.0},{"not_picked":["Fasting2+1","SashWhip+1"],"picked":"CrushJoints+1","floor":41.0},{"not_picked":["Pray","Prostrate+1"],"picked":"Tantrum+1","floor":42.0},{"not_picked":["FlurryOfBlows+1","ThirdEye","Swivel"],"picked":"SKIP","floor":45.0},{"not_picked":["EmptyFist+1","Establishment"],"picked":"TalkToTheHand+1","floor":46.0},{"not_picked":["ThirdEye","JustLucky+1"],"picked":"BowlingBash+1","floor":48.0},{"not_picked":["Pray+1","Evaluate"],"picked":"ThirdEye+1","floor":55}],"player_experience":2207520,"relics_obtained":[{"floor":3.0,"key":"Shuriken"},{"floor":6.0,"key":"FossilizedHelix"},{"floor":9.0,"key":"White Beast Statue"},{"floor":14.0,"key":"Damaru"},{"floor":23.0,"key":"Boot"},{"floor":26.0,"key":"HornCleat"},{"floor":27.0,"key":"Red Mask"},{"floor":30.0,"key":"Mango"},{"floor":40.0,"key":"Oddly Smooth Stone"},{"floor":41.0,"key":"Incense Burner"},{"floor":42.0,"key":"Molten Egg 2"},{"floor":43.0,"key":"Letter Opener"},{"floor":48.0,"key":"CaptainsWheel"},{"floor":55,"key":"Bird Faced Urn"}],"event_choices":[{"damage_healed":0.0,"max_hp_gain":0.0,"max_hp_loss":0.0,"gold_gain":0.0,"event_name":"Shining Light","player_choice":"Entered Light","floor":10.0,"gold_loss":0.0,"damage_taken":20.0,"cards_upgraded":["Defend_P","BattleHymn"]},{"damage_healed":0.0,"max_hp_gain":0.0,"max_hp_loss":0.0,"gold_gain":0.0,"event_name":"The Library","player_choice":"Read","floor":21.0,"gold_loss":0.0,"damage_taken":0.0,"cards_obtained":["Worship"]},{"damage_healed":0.0,"max_hp_gain":0.0,"max_hp_loss":0.0,"gold_gain":0.0,"event_name":"Masked Bandits","player_choice":"Fought Bandits","floor":27.0,"gold_loss":0.0,"damage_taken":0.0},{"damage_healed":0.0,"max_hp_gain":0.0,"max_hp_loss":0.0,"gold_gain":0.0,"event_name":"SensoryStone","player_choice":"Memory 2","floor":36.0,"gold_loss":0.0,"damage_taken":5.0},{"damage_healed":0.0,"max_hp_gain":0.0,"max_hp_loss":0.0,"gold_gain":222.0,"event_name":"Tomb of Lord Red Mask","player_choice":"Wore Mask","floor":38.0,"gold_loss":0.0,"damage_taken":0.0},{"damage_healed":0.0,"max_hp_gain":0.0,"max_hp_loss":0.0,"gold_gain":0.0,"event_name":"Mysterious Sphere","player_choice":"Fight","floor":41.0,"gold_loss":0.0,"damage_taken":0.0},{"damage_healed":0.0,"max_hp_gain":0.0,"max_hp_loss":4.0,"gold_gain":0.0,"event_name":"Winding Halls","player_choice":"Max HP","floor":44.0,"gold_loss":0.0,"damage_taken":0.0},{"damage_healed":0.0,"max_hp_gain":0.0,"max_hp_loss":0.0,"gold_gain":50.0,"event_name":"Golden Shrine","player_choice":"Pray","floor":47.0,"gold_loss":0.0,"damage_taken":0.0}],"is_beta":false,"boss_relics":[{"not_picked":["Cursed Key","HolyWater"],"picked":"Snecko Eye"},{"not_picked":["Runic Dome","Calling Bell"],"picked":"Philosopher\u0027s Stone"}],"items_purged_floors":[37,54],"is_endless":false,"potions_floor_spawned":[2,4,5,11,12,14,16,18,20,22,23,27,29,30,31,33,35,39,40,41,42,45,46,48,55],"ascension_level":20}}