{"host":"mnpd8gh7cwxsn5kh","time":1613841185,"event":{"mods":["BaseMod","Bestiary","Block Reminder","Colored Map","Colored Powertips","Highlight Path","Minty Spire (QoL Compilation)","Relic Sorter","Relic Stats"],"gold_per_floor":[367,347,365,41,61,61,86,98,98,61,61,61,61],"floor_reached":12,"language":"ENG","playtime":474,"items_purged":[],"score":156,"play_id":"1015cf75-0696-4c08-88ca-665b79d91faa","local_time":"20210220181305","is_ascension_mode":true,"campfire_choices":[{"data":"Dagger Spray","floor":6.0,"key":"SMITH"}],"circlet_count":0,"master_deck":["AscendersBane","Strike_G","Strike_G","Strike_G","Strike_G","Defend_G","Defend_G","Defend_G","Defend_G","Defend_G","Survivor","Neutralize","Flying Knee","Dagger Spray+1","Footwork","Bouncing Flask","Deflect","Noxious Fumes","Dodge and Roll"],"relics":["Ring of the Snake","Akabeko","TwistedFunnel","Paper Crane","Eternal Feather"],"acts_visited":["Exordium"],"potions_floor_usage":[12],"damage_taken":[{"damage":1.0,"enemies":"Small Slimes","floor":1.0,"turns":4.0},{"damage":0.0,"enemies":"Cultist","floor":3.0,"turns":2.0},{"damage":0.0,"enemies":"Jaw Worm","floor":5.0,"turns":2.0},{"damage":34.0,"enemies":"Gremlin Nob","floor":7.0,"turns":4.0},{"damage":0.0,"enemies":"Gremlin Gang","floor":8.0,"turns":1.0},{"damage":14,"enemies":"Lagavulin","floor":12,"turns":3}],"seed_played":"4479595578573474309","potions_obtained":[{"floor":1.0,"key":"FearPotion"},{"floor":2.0,"key":"SkillPotion"},{"floor":8.0,"key":"SkillPotion"}],"is_trial":false,"path_per_floor":["M","?","M","$","M","R","E","M","T","$","?","E"],"character_chosen":"THE_SILENT","items_purchased":["Akabeko","TwistedFunnel","Noxious Fumes"],"campfire_rested":0,"item_purchase_floors":[4,4,10],"current_hp_per_floor":[43,43,43,43,43,43,9,9,9,9,9,0,0],"gold":61,"neow_bonus":"TWO_FIFTY_GOLD","is_daily":false,"chose_seed":false,"campfire_upgraded":1,"win_rate":0.0,"timestamp":1613841185,"path_taken":["M","?","M","$","M","R","E","?","T","$","?","E"],"items_purchased_type":["Relic","Relic","Card"],"build_version":"2020-12-22","purchased_purges":0,"victory":false,"max_hp_per_floor":[66,66,66,66,66,66,66,66,66,66,66,66,66],"relic_stats":{"counters":[6,16],"Eternal Feather":0,"obtain_stats":[{"TwistedFunnel":4,"Eternal Feather":9,"Paper Crane":7,"Akabeko":4,"Ring of the Snake":0},{"TwistedFunnel":2,"Eternal Feather":5,"Paper Crane":4,"Akabeko":2,"Ring of the Snake":0},{"TwistedFunnel":6,"Eternal Feather":13,"Paper Crane":12,"Akabeko":6,"Ring of the Snake":0}],"Ring of the Snake":[12]},"card_choices":[{"not_picked":["Setup","Tactician"],"picked":"Flying Knee","floor":1.0},{"not_picked":["PiercingWail","Flying Knee"],"picked":"Dagger Spray","floor":3.0},{"not_picked":["Choke","Prepared"],"picked":"Footwork","floor":5.0},{"not_picked":["Dagger Spray","Endless Agony"],"picked":"Bouncing Flask","floor":7.0},{"not_picked":["Cloak And Dagger","Prepared"],"picked":"Deflect","floor":8.0}],"player_experience":642231,"relics_obtained":[{"floor":7.0,"key":"Paper Crane"},{"floor":9.0,"key":"Eternal Feather"}],"event_choices":[{"damage_healed":0.0,"max_hp_gain":0.0,"max_hp_loss":0.0,"gold_gain":0.0,"event_name":"The Woman in Blue","player_choice":"Bought 1 Potion","floor":2.0,"gold_loss":0.0,"damage_taken":0.0},{"damage_healed":0.0,"max_hp_gain":0.0,"max_hp_loss":0.0,"gold_gain":0.0,"cards_transformed":["Strike_G"],"event_name":"Transmorgrifier","player_choice":"Transformed","floor":11.0,"gold_loss":0.0,"damage_taken":0.0,"cards_obtained":["Dodge and Roll"]}],"is_beta":false,"boss_relics":[],"items_purged_floors":[],"is_endless":false,"potions_floor_spawned":[1,8],"killed_by":"Lagavulin","ascension_level":20}}