{"host":"zlryddw6xv0ljf8b","time":1613828389,"event":{"mods":["AchievementEnabler","BaseMod","Colored Map","Colored Powertips","Highlight Path","Minty Spire (QoL Compilation)","Permanent Neow","Quick Restart","StSLib"],"gold_per_floor":[117,117,132,151,167,194,194,194,220,220,220,261,261,176,176,302,302,322,347,347,367,388,388,60,60,85,85,103,119,159,339,339,339,339],"floor_reached":33,"language":"ENG","playtime":2052,"items_purged":[],"score":255,"play_id":"b2655c3e-9430-49d1-8b93-e27a9d0bc0ec","local_time":"20210220073949","is_ascension_mode":false,"campfire_choices":[{"data":"Reprogram","floor":8.0,"key":"SMITH"},{"data":"Go for the Eyes","floor":10.0,"key":"SMITH"},{"data":"Rebound","floor":13.0,"key":"SMITH"},{"data":"Barrage","floor":15.0,"key":"SMITH"},{"floor":23,"key":"REST"},{"data":"Zap","floor":25,"key":"SMITH"},{"floor":27,"key":"REST"},{"floor":32,"key":"REST"}],"circlet_count":0,"master_deck":["Strike_B","Strike_B","Defend_B","Defend_B","Defend_B","Zap+1","Dualcast","Leap","Self Repair","Reprogram+1","Rebound+1","Ball Lightning","Go for the Eyes+1","FTL","Barrage+1","Doom and Gloom+1","Machine Learning","CurseOfTheBell","Coolheaded","Coolheaded","Rebound+1","Go for the Eyes+1","Scrape+1","Fusion","Sweeping Beam+1"],"relics":["Empty Cage","PreservedInsect","Centennial Puzzle","Anchor","Golden Idol","Vajra","Calling Bell","DataDisk","Molten Egg 2","Torii","Bottled Lightning","Red Mask"],"acts_visited":["Exordium","TheCity"],"potions_floor_usage":[21,33,33,33],"damage_taken":[{"damage":2.0,"enemies":"Small Slimes","floor":1.0,"turns":4.0},{"damage":1.0,"enemies":"Cultist","floor":3.0,"turns":4.0},{"damage":6.0,"enemies":"2 Louse","floor":4.0,"turns":5.0},{"damage":12.0,"enemies":"Exordium Thugs","floor":5.0,"turns":8.0},{"damage":14.0,"enemies":"3 Sentries","floor":6.0,"turns":5.0},{"damage":6.0,"enemies":"Lagavulin","floor":12.0,"turns":7.0},{"damage":17.0,"enemies":"Slime Boss","floor":16.0,"turns":8.0},{"damage":20.0,"enemies":"2 Thieves","floor":18.0,"turns":3.0},{"damage":7.0,"enemies":"Shell Parasite","floor":19.0,"turns":6.0},{"damage":23,"enemies":"3 Cultists","floor":21,"turns":7},{"damage":25,"enemies":"Cultist and Chosen","floor":22,"turns":7},{"damage":11,"enemies":"Centurion and Healer","floor":28,"turns":5},{"damage":4,"enemies":"Snake Plant","floor":29,"turns":3},{"damage":30,"enemies":"Masked Bandits","floor":30,"turns":5},{"damage":41,"enemies":"Champ","floor":33,"turns":10}],"seed_played":"4902714427938765362","potions_obtained":[{"floor":1.0,"key":"Explosive Potion"},{"floor":5.0,"key":"Explosive Potion"},{"floor":12.0,"key":"Swift Potion"},{"floor":18.0,"key":"Block Potion"},{"floor":21,"key":"PotionOfCapacity"},{"floor":22,"key":"BlessingOfTheForge"},{"floor":30,"key":"DuplicationPotion"}],"is_trial":false,"path_per_floor":["M","?","M","M","M","E","?","R","T","R","?","E","R","$","R","B",null,"M","M","?","M","M","R","$","R","T","R","M","M","?","?","R","B"],"character_chosen":"DEFECT","items_purchased":["Barrage","Doom and Gloom","Bottled Lightning","Scrape+1"],"campfire_rested":3,"item_purchase_floors":[14,14,24,24],"current_hp_per_floor":[73,73,75,75,70,63,63,63,63,63,45,46,46,46,46,29,75,55,55,55,39,21,43,43,43,43,65,61,57,34,15,37,0,0],"gold":339,"neow_bonus":"BOSS_RELIC","is_daily":false,"chose_seed":false,"campfire_upgraded":5,"win_rate":0.0,"timestamp":1613828389,"path_taken":["M","?","?","M","M","E","?","R","T","R","?","E","R","$","R","BOSS","M","M","?","?","M","R","$","R","T","R","M","M","?","?","R","BOSS"],"items_purchased_type":["Card","Card","Relic","Card"],"build_version":"2020-12-22","purchased_purges":0,"victory":false,"max_hp_per_floor":[75,75,75,75,75,75,75,75,75,75,75,75,75,75,75,75,75,75,75,75,75,75,75,75,75,75,75,75,75,75,75,75,75,75],"card_choices":[{"not_picked":["Reinforced Body","Recycle"],"picked":"Leap","floor":1.0},{"not_picked":["Stack","Hologram"],"picked":"Reprogram","floor":3.0},{"not_picked":["Chill","Hologram"],"picked":"Rebound","floor":4.0},{"not_picked":["Skim","Defragment"],"picked":"Ball Lightning","floor":5.0},{"not_picked":["Compile Driver","Hello World"],"picked":"Go for the Eyes","floor":6.0},{"not_picked":["Hello World","Stack"],"picked":"FTL","floor":12.0},{"not_picked":["Rainbow","Multi-Cast"],"picked":"Machine Learning","floor":16.0},{"not_picked":["Leap","Heatsinks"],"picked":"Coolheaded","floor":18.0},{"not_picked":["Turbo","Double Energy"],"picked":"Coolheaded","floor":19},{"not_picked":["Steam","Leap"],"picked":"Rebound+1","floor":21},{"not_picked":["Rebound+1","Beam Cell+1"],"picked":"Go for the Eyes+1","floor":22},{"not_picked":["Conserve Battery+1","Sunder+1","Coolheaded"],"picked":"SKIP","floor":28},{"not_picked":["Storm+1","Force Field"],"picked":"Fusion","floor":29},{"not_picked":["Melter+1","Tempest"],"picked":"Sweeping Beam+1","floor":30}],"player_experience":100858,"relics_obtained":[{"floor":6.0,"key":"PreservedInsect"},{"floor":9.0,"key":"Anchor"},{"floor":12.0,"key":"Vajra"},{"floor":17.0,"key":"DataDisk"},{"floor":17.0,"key":"Molten Egg 2"},{"floor":17.0,"key":"Torii"},{"floor":30,"key":"Red Mask"}],"event_choices":[{"damage_healed":0.0,"max_hp_gain":0.0,"max_hp_loss":0.0,"gold_gain":0.0,"cards_transformed":["Strike_B"],"event_name":"Transmorgrifier","player_choice":"Transformed","floor":2.0,"gold_loss":0.0,"damage_taken":0.0,"cards_obtained":["Self Repair"]},{"damage_healed":0.0,"max_hp_gain":0.0,"max_hp_loss":0.0,"gold_gain":0.0,"event_name":"Dead Adventurer","player_choice":"Searched \u00271\u0027 times","floor":7.0,"gold_loss":0.0,"damage_taken":0.0,"relics_obtained":["Centennial Puzzle"]},{"damage_healed":0.0,"max_hp_gain":0.0,"max_hp_loss":0.0,"gold_gain":0.0,"event_name":"Golden Idol","player_choice":"Take Damage","floor":11.0,"gold_loss":0.0,"damage_taken":18.0,"relics_obtained":["Golden Idol"]},{"damage_healed":0,"gold_gain":0,"player_choice":"Upgraded","damage_taken":0,"max_hp_gain":0,"max_hp_loss":0,"event_name":"Upgrade Shrine","floor":20,"gold_loss":0,"cards_upgraded":["Doom and Gloom"]},{"damage_healed":0,"gold_gain":0,"player_choice":"Fought Bandits","damage_taken":0,"max_hp_gain":0,"max_hp_loss":0,"event_name":"Masked Bandits","floor":30,"gold_loss":0},{"damage_healed":0,"gold_gain":180,"player_choice":"GOLD GOLD ","damage_taken":19,"max_hp_gain":0,"max_hp_loss":0,"event_name":"Knowing Skull","floor":31,"potions_obtained":[],"gold_loss":0,"cards_obtained":[]}],"is_beta":false,"boss_relics":[{"not_picked":["Runic Dome","Snecko Eye"],"picked":"Calling Bell"}],"items_purged_floors":[],"is_endless":false,"potions_floor_spawned":[1,5,12,18,21,22,30],"killed_by":"Champ","ascension_level":0}}