{"host":"8u9gkmadxi1im6dj","time":1613779807,"event":{"mods":["Act Like it!","Bard","BaseMod","Block Reminder","Colored Map","Colored Powertips","DeckTracker","Downfall","Infinite Spire","Jorbs\u0027s Wanderer Trilogy","Marisa????????","Minty Spire (QoL Compilation)","Pale of the Ancients","Permanent Neow","Quick Restart","Random Character Button","Relic Sorter","Relic Stats","Replay The Spire","Shade Mod","StSLib","The Bug Knight","The Cursed","The IronCluck","The Necromancer","The Servant 0.9.4"],"gold_per_floor":[123,13,32,95,47,47,77,97,121,203,216,216,236,285,285,381,381,391,192,204,204,104,137,149,160,160,160,160,173,173,173,173,276,276,290,303,303,303,314,314,365,365,365],"floor_reached":42,"language":"ENG","playtime":1984,"items_purged":["Strike_R","Defend_R","Defend_R","Bash"],"score":437,"play_id":"6a034085-a770-44ce-bfa7-6b59320d68b1","local_time":"20210220011007","is_ascension_mode":true,"campfire_choices":[{"data":"Heavy Blade","floor":6,"key":"SMITH"},{"data":"Battle Trance","floor":12,"key":"SMITH"},{"floor":15,"key":"DIG"},{"floor":28,"key":"REST"},{"floor":30,"key":"RECALL"},{"data":"infinitespire:Collect","floor":32,"key":"SMITH"},{"data":"Defend_R","floor":40,"key":"PURGE"}],"circlet_count":0,"master_deck":["Strike_R","Strike_R","Defend_R","Burning Pact","Heavy Blade+1","Anger","Twin Strike","Twin Strike","Battle Trance+1","Flex","Reaper","Shockwave+1","Infernal Blade+1","Flame Barrier","Pommel Strike","Inflame","Shrug It Off","Inflame+1","infinitespire:Collect+1","Rampage","Metallicize","Heavy Blade"],"relics":["Burning Blood","MawBank","Omamori","Meat on the Bone","Bag of Preparation","Peace Pipe","Empty Cage","Membership Card","Blood Vial","Divine Protection","Medical Kit","ReplayTheSpireMod:Ring of Addiction","Chameleon Ring","White Beast Statue","Replay:Towering Pillar of Hats"],"acts_visited":["Exordium","TheCity","TheBeyond"],"potions_floor_usage":[7,16,21,23,29,36,41,41,42],"damage_taken":[{"damage":1,"enemies":"Cultist","floor":1,"turns":3},{"damage":6,"enemies":"Jaw Worm","floor":3,"turns":5},{"damage":56,"enemies":"Lagavulin","floor":7,"turns":7},{"damage":0,"enemies":"Small Slimes","floor":8,"turns":2},{"damage":5,"enemies":"2 Fungi Beasts","floor":11,"turns":3},{"damage":11,"enemies":"Large Slime","floor":13,"turns":6},{"damage":4,"enemies":"Slime Boss","floor":16,"turns":7},{"damage":22,"enemies":"3 Byrds","floor":18,"turns":5},{"damage":27,"enemies":"Spheric Guardian","floor":20,"turns":4},{"damage":31,"enemies":"Book of Stabbing","floor":23,"turns":5},{"damage":18,"enemies":"Snecko","floor":24,"turns":4},{"damage":30,"enemies":"Shelled Parasite and Fungi","floor":25,"turns":6},{"damage":13,"enemies":"Centurion and Healer","floor":29,"turns":5},{"damage":54,"enemies":"Automaton","floor":33,"turns":8},{"damage":1,"enemies":"3 Shapes","floor":35,"turns":5},{"damage":0,"enemies":"Orb Walker","floor":36,"turns":3},{"damage":0,"enemies":"Transient","floor":39,"turns":5},{"damage":77,"enemies":"2 Orb Walkers","floor":41,"turns":7},{"damage":42,"enemies":"4 Shapes","floor":42,"turns":6}],"seed_played":"-4282251244997074827","potions_obtained":[{"floor":3,"key":"Block Potion"},{"floor":8,"key":"Block Potion"},{"floor":16,"key":"AttackPotion"},{"floor":21,"key":"Toxic Potion"},{"floor":21,"key":"Fruit Juice"},{"floor":21,"key":"Ancient Potion"},{"floor":29,"key":"Block Potion"},{"floor":33,"key":"champ:CounterPotion"},{"floor":38,"key":"Adrenaline Potion"},{"floor":41,"key":"CultistPotion"}],"is_trial":false,"path_per_floor":["M","$","M","?","$","R","E","M","T","T","M","R","M","T","R_BF","B",null,"M","$","M","?","$","E","M","M","T","?","R","M","R","AVR","R","B",null,"M","M","?","?","M","R","?","M"],"character_chosen":"IRONCLAD","items_purchased":["Heavy Blade","Twin Strike","Membership Card","Flame Barrier"],"campfire_rested":1,"item_purchase_floors":[2,5,19,22],"current_hp_per_floor":[80,80,80,80,80,80,30,36,36,36,49,49,56,56,56,58,80,69,69,48,53,53,40,42,32,32,16,43,62,62,62,62,28,90,90,90,90,90,90,90,49,9,9],"gold":365,"neow_bonus":"RANDOM_COMMON_RELIC","is_daily":false,"chose_seed":false,"campfire_upgraded":3,"win_rate":0.0,"timestamp":1613779807,"path_taken":["M","$","M","?","$","R","E","M","T","?","M","R","?","?","R_BF","BOSS","M","$","?","?","?","E","M","M","T","?","R","M","R","AVR","R","BOSS","M","M","?","?","M","R","?","?"],"items_purchased_type":["Card","Card","Relic","Card"],"build_version":"2020-12-22","purchased_purges":4,"victory":false,"max_hp_per_floor":[80,80,80,80,80,80,80,80,80,80,80,80,80,80,80,80,80,80,80,80,85,85,85,85,85,85,90,90,90,90,90,90,90,90,90,90,90,90,90,90,90,90,90],"relic_stats":{"Peace Pipe":1,"Blood Vial":10,"counters":[19,96],"Bag of Preparation":[26],"MawBank":24,"Medical Kit":[24],"obtain_stats":[{"Divine Protection":26,"Replay:Towering Pillar of Hats":41,"ReplayTheSpireMod:Ring of Addiction":38,"Omamori":7,"Bag of Preparation":14,"MawBank":0,"Empty Cage":17,"Medical Kit":31,"Burning Blood":0,"White Beast Statue":38,"Peace Pipe":15,"Blood Vial":23,"Chameleon Ring":38,"Membership Card":19,"Meat on the Bone":10},{"Divine Protection":12,"Replay:Towering Pillar of Hats":18,"ReplayTheSpireMod:Ring of Addiction":16,"Omamori":3,"Bag of Preparation":6,"MawBank":0,"Empty Cage":7,"Medical Kit":13,"Burning Blood":0,"White Beast Statue":16,"Peace Pipe":6,"Blood Vial":10,"Chameleon Ring":16,"Membership Card":8,"Meat on the Bone":4},{"Divine Protection":57,"Replay:Towering Pillar of Hats":90,"ReplayTheSpireMod:Ring of Addiction":78,"Omamori":15,"Bag of Preparation":26,"MawBank":0,"Empty Cage":33,"Medical Kit":62,"Burning Blood":0,"White Beast Statue":78,"Peace Pipe":26,"Blood Vial":47,"Chameleon Ring":78,"Membership Card":38,"Meat on the Bone":17}],"Burning Blood":86,"Meat on the Bone":96},"card_choices":[{"not_picked":["Headbutt","Feel No Pain"],"picked":"Burning Pact","floor":1},{"not_picked":["Carnage","Replay:Undeath\u0027s Touch"],"picked":"Anger","floor":3},{"not_picked":["Burning Pact","Pummel"],"picked":"Twin Strike","floor":7},{"not_picked":["Wild Strike","Headbutt"],"picked":"Battle Trance","floor":8},{"not_picked":["Havoc","Dropkick","Sentinel"],"picked":"SKIP","floor":11},{"not_picked":["Iron Wave","Juggernaut"],"picked":"Flex","floor":13},{"not_picked":["Corruption","Eclipse"],"picked":"Reaper","floor":16},{"not_picked":["Twin Strike","Massacre+1"],"picked":"Shockwave+1","floor":18},{"not_picked":["Anger+1","True Grit"],"picked":"Infernal Blade+1","floor":20},{"not_picked":["Thunderclap","Sword Boomerang"],"picked":"Pommel Strike","floor":23},{"not_picked":["ReplayTheSpireMod:Strike From Hell","Perfected Strike"],"picked":"Inflame","floor":24},{"not_picked":["Perfected Strike","Reckless Charge+1"],"picked":"Shrug It Off","floor":25},{"not_picked":["Iron Wave","Feel No Pain"],"picked":"Inflame+1","floor":29},{"not_picked":["Second Wind","Headbutt","Sentinel"],"picked":"SKIP","floor":35},{"not_picked":["Body Slam+1","Power Through"],"picked":"Rampage","floor":36},{"not_picked":["Clothesline","Searing Blow"],"picked":"Metallicize","floor":39},{"not_picked":["Cleave+1","Clash+1"],"picked":"Heavy Blade","floor":41}],"player_experience":96296,"relics_obtained":[{"floor":7,"key":"Omamori"},{"floor":10,"key":"Meat on the Bone"},{"floor":14,"key":"Bag of Preparation"},{"floor":15,"key":"Peace Pipe"},{"floor":23,"key":"Blood Vial"},{"floor":26,"key":"Divine Protection"},{"floor":38,"key":"ReplayTheSpireMod:Ring of Addiction"},{"floor":38,"key":"Chameleon Ring"},{"floor":38,"key":"White Beast Statue"},{"floor":41,"key":"Replay:Towering Pillar of Hats"}],"event_choices":[{"damage_healed":0,"gold_gain":63,"player_choice":"Gained Gold","damage_taken":0,"max_hp_gain":0,"max_hp_loss":0,"event_name":"Golden Wing","floor":4,"gold_loss":0},{"damage_healed":0,"gold_gain":0,"player_choice":"Got Potions","damage_taken":0,"max_hp_gain":0,"max_hp_loss":0,"event_name":"Lab","floor":21,"gold_loss":0},{"damage_healed":0,"gold_gain":0,"player_choice":"Shed Blood","damage_taken":21,"max_hp_gain":5,"max_hp_loss":0,"event_name":"Forgotten Altar","floor":27,"gold_loss":0},{"damage_healed":0,"gold_gain":0,"player_choice":"Memory 1","damage_taken":0,"max_hp_gain":0,"max_hp_loss":0,"event_name":"SensoryStone","floor":37,"gold_loss":0},{"damage_healed":0,"gold_gain":0,"player_choice":"Fight","damage_taken":0,"max_hp_gain":0,"max_hp_loss":0,"event_name":"Mysterious Sphere","floor":41,"gold_loss":0}],"is_beta":false,"boss_relics":[{"not_picked":["Ooze Armor","Fusion Hammer"],"picked":"Empty Cage"},{"not_picked":["Replay:Drink Me","Runic Pyramid","ChewingGum"]}],"items_purged_floors":[2,19,22,31],"is_endless":false,"potions_floor_spawned":[3,8,16,29,33,39,41],"killed_by":"4 Shapes","ascension_level":1}}