{"host":"ul3z8ex5o8l5j7mh","time":1613834176,"event":{"mods":["AchievementEnabler","BaseMod","Bestiary","Colored Map","Colored Powertips","DeckTracker","Keyboard Shortcuts","Minty Spire (QoL Compilation)","Relic Sorter","Relic Stats","SuperFastMode"],"gold_per_floor":[109,120,132,307,324,324,2,32,56,67,77,100,118,138,138,138,138],"floor_reached":16,"language":"ENG","playtime":521,"items_purged":["Doubt"],"score":156,"play_id":"659cbcc6-8fc6-40ba-a010-8be237d0b7e4","local_time":"20210220161616","is_ascension_mode":false,"campfire_choices":[{"data":"Clothesline","floor":6,"key":"SMITH"},{"floor":15,"key":"RECALL"}],"circlet_count":0,"master_deck":["Strike_R","Strike_R","Strike_R","Strike_R","Strike_R","Defend_R","Defend_R","Defend_R","Defend_R","Bash","Clothesline+1","Anger","Blood for Blood","Shockwave","Thunderclap","Shrug It Off","Bludgeon"],"relics":["Burning Blood","Meat on the Bone","Centennial Puzzle","Pen Nib"],"acts_visited":["Exordium"],"potions_floor_usage":[11],"damage_taken":[{"damage":2,"enemies":"2 Louse","floor":1,"turns":4},{"damage":8,"enemies":"Jaw Worm","floor":2,"turns":3},{"damage":4,"enemies":"Cultist","floor":3,"turns":3},{"damage":15,"enemies":"2 Fungi Beasts","floor":5,"turns":3},{"damage":45,"enemies":"Lagavulin","floor":8,"turns":6},{"damage":13,"enemies":"Blue Slaver","floor":10,"turns":3},{"damage":14,"enemies":"Exordium Wildlife","floor":11,"turns":3},{"damage":6,"enemies":"3 Louse","floor":13,"turns":3},{"damage":5,"enemies":"Exordium Thugs","floor":14,"turns":3}],"seed_played":"3470108779985012233","potions_obtained":[{"floor":1,"key":"BlessingOfTheForge"},{"floor":5,"key":"BloodPotion"},{"floor":10,"key":"HeartOfIron"}],"is_trial":false,"path_per_floor":["M","M","M","?","M","R","$","E","T","M","M","T","M","M","R","B"],"character_chosen":"IRONCLAD","items_purchased":["Meat on the Bone"],"campfire_rested":0,"item_purchase_floors":[7],"current_hp_per_floor":[88,86,88,88,79,79,79,52,52,57,66,66,66,67,67,0,0],"gold":138,"neow_bonus":"TEN_PERCENT_HP_BONUS","is_daily":false,"chose_seed":false,"campfire_upgraded":1,"win_rate":0.0,"timestamp":1613834176,"path_taken":["M","M","M","?","M","R","$","E","T","M","M","?","M","M","R","BOSS"],"items_purchased_type":["Relic"],"build_version":"2020-12-22","purchased_purges":1,"victory":false,"max_hp_per_floor":[88,88,88,88,88,88,88,88,88,88,88,88,88,88,88,88,88],"relic_stats":{"Centennial Puzzle":[15],"counters":[10,42],"Pen Nib":[3],"obtain_stats":[{"Centennial Puzzle":8,"Pen Nib":12,"Burning Blood":0,"Meat on the Bone":7},{"Centennial Puzzle":5,"Pen Nib":7,"Burning Blood":0,"Meat on the Bone":4},{"Centennial Puzzle":19,"Pen Nib":25,"Burning Blood":0,"Meat on the Bone":13}],"Burning Blood":50,"Meat on the Bone":24},"card_choices":[{"not_picked":["Uppercut","Shrug It Off"],"picked":"Clothesline","floor":1},{"not_picked":["Clash","Perfected Strike"],"picked":"Anger","floor":2},{"not_picked":["Wild Strike","Cleave"],"picked":"Blood for Blood","floor":3},{"not_picked":["Body Slam","Perfected Strike","Wild Strike"],"picked":"SKIP","floor":5},{"not_picked":["Ghostly Armor","Heavy Blade"],"picked":"Shockwave","floor":8},{"not_picked":["Bloodletting","Sword Boomerang"],"picked":"Thunderclap","floor":10},{"not_picked":["Clash","Combust"],"picked":"Shrug It Off","floor":11},{"not_picked":["Inflame","Pommel Strike"],"picked":"Bludgeon","floor":13},{"not_picked":["Perfected Strike","Burning Pact","Wild Strike"],"picked":"SKIP","floor":14}],"player_experience":403940,"relics_obtained":[{"floor":8,"key":"Centennial Puzzle"},{"floor":12,"key":"Pen Nib"}],"event_choices":[{"damage_healed":0,"gold_gain":175,"player_choice":"AGREE","damage_taken":0,"max_hp_gain":0,"max_hp_loss":0,"event_name":"Liars Game","floor":4,"gold_loss":0,"cards_obtained":["Doubt"]}],"is_beta":false,"boss_relics":[],"items_purged_floors":[7],"is_endless":false,"potions_floor_spawned":[1,5,10],"killed_by":"The Guardian","ascension_level":0}}