{"host":"9rqk712yu6s3287p","time":1613821382,"event":{"mods":["ATMod(°¢èªMod)","Act Like it!","BaseMod","CapriCore","Chen","Gensokyo","Googly Eyes","Marisa£¨ìFÓê¡¡Ä§ÀíÉ³£©","Minty Spire (QoL Compilation)","MostiFishMod","Onozuka Komachi Mod","Reimu£¨²©ÀöÁéÃÎ£©","Remilia_Scarlet Moed£¨ÀÙÃ×ÀòÑÇ¡¤Ë¹¿¨À×ÌØ£©3.3.5","Remilia£¨ÀÙÃ×ÀòÑÇ£©","RumiaBox-Â¶Ã×æ«µÄÉñÃØºÐ×Ó","StSLib","The Administrix","The Immortal","The Servant 0.9.4","Yakumo Yukari mod","Youmu£¨»êÆÇÑýÃÎ£©","Yuyuko","[IsaacMod]ÒÔÈö¼âËþ","¡¾ÒÅÎï¿¨ÅÆ¡¿REMEMod"],"gold_per_floor":[112,49,124,141,155,185,247,266,289,321,321,353,371,403,403,476,476,491,546,546,276,280,312,338,373,373,56,72,100,126,156,156,227,227,267,287,303,315,335,363,389,417,417,545,602,519,626,531,531,568,729,769,879,914,998,1064,1124,1172,1089,1107,1161,1213,1328,1328,1453,1478,1478,1478,1478,1563,1588],"floor_reached":57,"language":"ZHS","playtime":3175,"items_purged":["Faramita\u0027s Temptation"],"score":5227,"play_id":"dc52e4b8-d15b-42ca-8591-6bce7a0c43c7","local_time":"20210220194302","daily_mods":["Vintage","Heirloom","Time Dilation","Flight","Elite Swarm","Lethality","Binary"],"is_ascension_mode":true,"campfire_choices":[{"data":"Scenery of Papilio","floor":15.0,"key":"SMITH"},{"data":"Unfulfilling Attachment","floor":32.0,"key":"SMITH"},{"floor":49.0,"key":"RECALL"},{"data":"Dreamy Sakura","floor":49.0,"key":"SMITH"},{"data":"Past Graveyard","floor":53.0,"key":"SMITH"}],"circlet_count":0,"master_deck":["AscendersBane","Fantasy Butterflies","Fantasy Butterflies","Fantasy Butterflies","Fantasy Butterflies","Fantasy Butterflies","Dreamy Sakura","Dreamy Sakura","Dreamy Sakura+1","Dreamy Sakura+1","Dreamy Sakura+1","Deathly Ground","Past Graveyard+1","Scenery of Papilio+1","Unfulfilling Attachment+1","Home of Suicide+1","Sakura Sakura+1","Sweet of Phantom+1","Ghastly Dream+1","Fondling of Papilio+1"],"relics":["Coronal","Yuyuko\u0027s fan","Busted Crown","AT_ATBox","DaveBox","REME_ComplimentaryCards","HushsDoor","D6","ShadowXiaoBlade","BionicSphere","MawBank","SynthV:TestCard","REME_PuzzleBoxRelic","Ghost Lamp","Blood Vial","Regal Pillow","Tiny Chest","AT_RabadonDeathcap","ScarletDevilRocket","Bird Faced Urn","AT_ChloranthyRing","RhineCircuit","AT_BellDemon","GodSword7","Kunai","DeathBook","TuHaoJin","War Paint","Toxic Egg 2","SteamSale","Unceasing Top","BelialBook","Bag of Marbles","REME_LimitBreaker","BookOfRevelations","AT_BladeRuinedKing","GodSword3","AddBug","CeramicFish","D6","CeramicFish","D6","ThornShield","GodSword1","Omamori","MoreBug","AT_GuinsooRageblade","CaptainsWheel","Ancient Tea Set","BookofShadows","HornCleat","Vajra","RuthlessExorcism:ReiMu","Potion Belt","AT_MibuBalloonWealth","Gambling Chip","Thread and Needle","Trap Lamp","Trip to Hell","Gremlin Horn","HowToJump","SSSystem","Oddly Smooth Stone","Anchor","MagicDraw3","Lantern","LastBattle","AT_SpeedBoots","Bag of Preparation","Toy Ornithopter","SalivaCoin","Bottled Lightning","DoctorsRemote","StoneCalendar","GodSword5","InkBottle","Orichalcum","Nunchaku","Membership Card","PureWhite:ReiMu","Boot","Pen Nib","Akabeko","Cauldron","HollowDreamFlower","HandDrill","Sundial","Obi","Frozen Egg 2","REME_HandOfSuture","AT_SunfireAegis","ClockworkSouvenir","Sling","AT_TimeSand","Trip to Hell","BFFS","PokeGo","Pantograph","SynthV:C4","ChaoDraw","Pocketwatch"],"acts_visited":["Exordium","TheCity","TheBeyond","TheEnding"],"potions_floor_usage":[56],"damage_taken":[{"damage":1.0,"enemies":"2 Louse","floor":1.0,"turns":1.0},{"damage":1.0,"enemies":"Jaw Worm","floor":4.0,"turns":1.0},{"damage":1.0,"enemies":"Cultist","floor":5.0,"turns":1.0},{"damage":3.0,"enemies":"3 Sentries","floor":6.0,"turns":3.0},{"damage":2.0,"enemies":"Gremlin Nob","floor":7.0,"turns":2.0},{"damage":1.0,"enemies":"3 Louse","floor":8.0,"turns":1.0},{"damage":10.0,"enemies":"Lagavulin","floor":10.0,"turns":3.0},{"damage":3.0,"enemies":"3 Sentries","floor":12.0,"turns":3.0},{"damage":2.0,"enemies":"Exordium Wildlife","floor":13.0,"turns":2.0},{"damage":1.0,"enemies":"Lagavulin","floor":14.0,"turns":1.0},{"damage":2.0,"enemies":"Slime Boss","floor":16.0,"turns":2.0},{"damage":4.0,"enemies":"2 Thieves","floor":18.0,"turns":2.0},{"damage":31.0,"enemies":"3 Byrds","floor":22.0,"turns":3.0},{"damage":2.0,"enemies":"Book of Stabbing","floor":23.0,"turns":2.0},{"damage":14.0,"enemies":"Slavers","floor":24.0,"turns":2.0},{"damage":2.0,"enemies":"Gremlin Leader","floor":25.0,"turns":2.0},{"damage":2.0,"enemies":"Shelled Parasite and Fungi","floor":28.0,"turns":2.0},{"damage":2.0,"enemies":"Book of Stabbing","floor":29.0,"turns":2.0},{"damage":1.0,"enemies":"Slavers","floor":30.0,"turns":1.0},{"damage":2.0,"enemies":"REME_1_Revenger","floor":31.0,"turns":2.0},{"damage":1.0,"enemies":"Collector","floor":33.0,"turns":1.0},{"damage":1.0,"enemies":"3 Darklings","floor":35.0,"turns":1.0},{"damage":1.0,"enemies":"Orb Walker","floor":36.0,"turns":1.0},{"damage":2.0,"enemies":"Maw","floor":37.0,"turns":2.0},{"damage":2.0,"enemies":"3 Darklings","floor":38.0,"turns":2.0},{"damage":1.0,"enemies":"Sphere and 2 Shapes","floor":39.0,"turns":1.0},{"damage":2.0,"enemies":"Giant Head","floor":40.0,"turns":2.0},{"damage":1.0,"enemies":"Reptomancer","floor":41.0,"turns":1.0},{"damage":1.0,"enemies":"Nemesis","floor":42.0,"turns":1.0},{"damage":1.0,"enemies":"Reptomancer","floor":44.0,"turns":1.0},{"damage":2.0,"enemies":"Giant Head","floor":45.0,"turns":2.0},{"damage":1.0,"enemies":"Reptomancer","floor":47.0,"turns":1.0},{"damage":1.0,"enemies":"Orb Walker","floor":35.0,"turns":1.0},{"damage":1.0,"enemies":"3 Darklings","floor":36.0,"turns":1.0},{"damage":1.0,"enemies":"Writhing Mass","floor":37.0,"turns":1.0},{"damage":1.0,"enemies":"4 Shapes","floor":38.0,"turns":1.0},{"damage":1.0,"enemies":"Transient","floor":39.0,"turns":1.0},{"damage":1.0,"enemies":"Nemesis","floor":40.0,"turns":1.0},{"damage":1.0,"enemies":"Giant Head","floor":41.0,"turns":1.0},{"damage":1.0,"enemies":"Nemesis","floor":42.0,"turns":1.0},{"damage":0.0,"enemies":"Giant Head","floor":46.0,"turns":1.0},{"damage":0.0,"enemies":"Nemesis","floor":47.0,"turns":1.0},{"damage":1.0,"enemies":"Reptomancer","floor":48.0,"turns":1.0},{"damage":0.0,"enemies":"Awakened One","floor":50.0,"turns":2.0},{"damage":0.0,"enemies":"Time Eater","floor":51.0,"turns":2.0},{"damage":1.0,"enemies":"Shield and Spear","floor":55.0,"turns":1.0},{"damage":0,"enemies":"The Heart","floor":56,"turns":2}],"seed_played":"6897058171614869360","potions_obtained":[{"floor":4.0,"key":"Energy Potion"},{"floor":5.0,"key":"REME_GoldPotion"},{"floor":6.0,"key":"BlessingOfTheForge"},{"floor":23.0,"key":"Pckles"},{"floor":24.0,"key":"Pckles"},{"floor":25.0,"key":"Pckles"},{"floor":47.0,"key":"DistilledChaos"},{"floor":36.0,"key":"Swift Potion"},{"floor":40.0,"key":"SpeedPotion"},{"floor":44.0,"key":"Energy Potion"}],"is_trial":true,"path_per_floor":["M","$","?","M","M","E","E","M","T","E","$","E","M","E","R","B",null,"M","?","$","$","M","E","E","E","T","$","M","E","E","E","R","B",null,"M","M","M","M","M","E","E","E","T","E","E","$","E","$","R","M","M","M","M","M","E","E","E","T","$","$","E","E","E","R","B","B",null,"R","$","E","B",null],"character_chosen":"YUYOKO","items_purchased":["GodSword7","SteamSale","Unceasing Top","Fruit Juice","REME_GoldPotion","Sweet of Phantom+1","HowToJump","Membership Card","PureWhite:ReiMu","Boot","Pen Nib","Akabeko","Cauldron","DuplicationPotion","HollowDreamFlower","HandDrill","Fruit Juice","Block Potion","Fondling of Papilio+1","AT_SunfireAegis","ClockworkSouvenir","Sling","AT_TimeSand","Diplopia","BFFS","PokeGo","Pantograph"],"campfire_rested":0,"item_purchase_floors":[21,27,27,46,46,48,48,44,44,44,44,44,44,44,45,45,45,45,45,54,54,54,54,54,54,54,54],"current_hp_per_floor":[36,36,25,24,24,33,35,36,36,34,34,34,35,36,36,35,37,35,20,20,20,10,16,21,35,35,35,35,35,36,35,35,36,37,36,36,35,35,36,35,36,36,36,36,35,40,41,41,42,41,41,41,41,41,41,41,41,41,41,47,47,47,46,46,47,47,47,47,47,46,47],"gold":1588,"neow_bonus":"","is_daily":false,"chose_seed":false,"campfire_upgraded":4,"win_rate":0.0,"timestamp":1613821382,"path_taken":["M","$","?","M","M","E","E","M","T","E","$","E","M","E","R","BOSS","M","?","$","$","M","E","E","E","T","$","M","E","E","E","R","BOSS","M","M","M","M","M","E","E","E","T","E","E","$","E","$","R","M","M","M","M","M","E","E","E","T","$","$","E","E","E","R","BOSS","BOSS","R","$","E","BOSS"],"items_purchased_type":["Relic","Relic","Relic","Potion","Potion","Card","Relic","Relic","Relic","Relic","Relic","Relic","Relic","Potion","Relic","Relic","Potion","Potion","Card","Relic","Relic","Relic","Relic","Relic","Relic","Relic","Relic"],"build_version":"2020-12-22","purchased_purges":1,"victory":true,"max_hp_per_floor":[37,37,37,37,37,37,37,37,37,37,37,37,37,37,37,37,37,37,37,37,37,37,37,37,37,37,37,37,37,37,37,37,37,37,37,37,37,37,37,37,37,37,37,37,37,42,42,42,42,42,42,42,42,42,42,42,42,42,42,47,47,47,47,47,47,47,47,47,47,47,47],"card_choices":[{"not_picked":["Ticket to Heaven"],"picked":"Past Graveyard","floor":6.0},{"not_picked":["Living to Die"],"picked":"Scenery of Papilio","floor":7.0},{"not_picked":["Sakura Sakura","Unfulfilling Attachment"],"picked":"SKIP","floor":10.0},{"not_picked":["Ghost Spot","Float on Moon"],"picked":"SKIP","floor":12.0},{"not_picked":["Reunion after Death","Ticket to Heaven"],"picked":"SKIP","floor":14.0},{"not_picked":["Mirror of Mind","Living to Die"],"picked":"SKIP","floor":23.0},{"not_picked":["Supernatural Nether","Ticket to Heaven"],"picked":"SKIP","floor":24.0},{"not_picked":["The Way to Death"],"picked":"Unfulfilling Attachment","floor":25.0},{"not_picked":["Revive The Butterflies"],"picked":"Home of Suicide+1","floor":29.0},{"not_picked":["Dream of Spring+1","Revive The Butterflies"],"picked":"SKIP","floor":30.0},{"not_picked":["Explore Ghostdom+1","Full Inky Sakura"],"picked":"SKIP","floor":31.0},{"not_picked":["Living to Die","Past Graveyard"],"picked":"SKIP","floor":40.0},{"not_picked":["Dream of Spring+1","Living to Die"],"picked":"SKIP","floor":41.0},{"not_picked":["Living to Die","Revive The Butterflies"],"picked":"SKIP","floor":42.0},{"not_picked":["Living to Die"],"picked":"Sakura Sakura+1","floor":44.0},{"not_picked":["Bury in The Template+1","Ghost Lead"],"picked":"SKIP","floor":45.0},{"not_picked":["Snowing Sakura+1","Revive The Butterflies"],"picked":"SKIP","floor":47.0},{"not_picked":["Infinite Reviving+1"],"picked":"Ghastly Dream+1","floor":40.0},{"not_picked":["Ghost Spot+1","Revive The Butterflies"],"picked":"SKIP","floor":41.0},{"not_picked":["Ghastly Dream+1","Infinite Reviving+1"],"picked":"SKIP","floor":42.0},{"not_picked":["Dying Dream","Unfulfilling Attachment"],"picked":"SKIP","floor":46.0},{"not_picked":["Mirror of Mind+1","Reunion after Death"],"picked":"SKIP","floor":47.0},{"not_picked":["Explore Ghostdom+1","Ghastly Dream+1"],"picked":"SKIP","floor":48.0},{"not_picked":["Infinite Reviving+1","The Way to Death+1"],"picked":"SKIP","floor":55}],"player_experience":574010,"relics_obtained":[{"floor":1.0,"key":"MawBank"},{"floor":1.0,"key":"SynthV:TestCard"},{"floor":4.0,"key":"REME_PuzzleBoxRelic"},{"floor":5.0,"key":"Ghost Lamp"},{"floor":6.0,"key":"Blood Vial"},{"floor":7.0,"key":"Regal Pillow"},{"floor":8.0,"key":"Tiny Chest"},{"floor":10.0,"key":"AT_RabadonDeathcap"},{"floor":12.0,"key":"ScarletDevilRocket"},{"floor":13.0,"key":"Bird Faced Urn"},{"floor":14.0,"key":"AT_ChloranthyRing"},{"floor":18.0,"key":"AT_BellDemon"},{"floor":22.0,"key":"Kunai"},{"floor":23.0,"key":"DeathBook"},{"floor":24.0,"key":"TuHaoJin"},{"floor":25.0,"key":"War Paint"},{"floor":26.0,"key":"Toxic Egg 2"},{"floor":28.0,"key":"BelialBook"},{"floor":29.0,"key":"Bag of Marbles"},{"floor":30.0,"key":"REME_LimitBreaker"},{"floor":30.0,"key":"BookOfRevelations"},{"floor":31.0,"key":"AT_BladeRuinedKing"},{"floor":31.0,"key":"GodSword3"},{"floor":35.0,"key":"CeramicFish"},{"floor":35.0,"key":"D6"},{"floor":35.0,"key":"CeramicFish"},{"floor":35.0,"key":"D6"},{"floor":35.0,"key":"ThornShield"},{"floor":36.0,"key":"GodSword1"},{"floor":36.0,"key":"Omamori"},{"floor":37.0,"key":"MoreBug"},{"floor":37.0,"key":"AT_GuinsooRageblade"},{"floor":38.0,"key":"CaptainsWheel"},{"floor":38.0,"key":"Ancient Tea Set"},{"floor":39.0,"key":"BookofShadows"},{"floor":39.0,"key":"HornCleat"},{"floor":40.0,"key":"Vajra"},{"floor":41.0,"key":"RuthlessExorcism:ReiMu"},{"floor":41.0,"key":"Potion Belt"},{"floor":42.0,"key":"AT_MibuBalloonWealth"},{"floor":43.0,"key":"Gambling Chip"},{"floor":44.0,"key":"Thread and Needle"},{"floor":45.0,"key":"Trap Lamp"},{"floor":45.0,"key":"Trip to Hell"},{"floor":47.0,"key":"Gremlin Horn"},{"floor":47.0,"key":"ForgetMeNow"},{"floor":35.0,"key":"SSSystem"},{"floor":35.0,"key":"Oddly Smooth Stone"},{"floor":36.0,"key":"Anchor"},{"floor":36.0,"key":"MagicDraw3"},{"floor":37.0,"key":"Lantern"},{"floor":37.0,"key":"LastBattle"},{"floor":38.0,"key":"AT_SpeedBoots"},{"floor":38.0,"key":"Bag of Preparation"},{"floor":39.0,"key":"Toy Ornithopter"},{"floor":39.0,"key":"SalivaCoin"},{"floor":40.0,"key":"Bottled Lightning"},{"floor":40.0,"key":"DoctorsRemote"},{"floor":41.0,"key":"StoneCalendar"},{"floor":41.0,"key":"GodSword5"},{"floor":42.0,"key":"InkBottle"},{"floor":42.0,"key":"Orichalcum"},{"floor":43.0,"key":"Nunchaku"},{"floor":46.0,"key":"Sundial"},{"floor":46.0,"key":"Obi"},{"floor":48.0,"key":"Frozen Egg 2"},{"floor":48.0,"key":"REME_HandOfSuture"},{"floor":55,"key":"SynthV:C4"},{"floor":55,"key":"ChaoDraw"},{"floor":55,"key":"Pocketwatch"}],"event_choices":[{"damage_healed":0.0,"max_hp_gain":0.0,"max_hp_loss":0.0,"gold_gain":75.0,"event_name":"World of Goop","player_choice":"Gather Gold","floor":3.0,"gold_loss":0.0,"damage_taken":11.0}],"is_beta":false,"boss_relics":[{"not_picked":["Velvet Choker","Empty Cage"],"picked":"RhineCircuit"},{"not_picked":[]},{"not_picked":["MoonlightInvasionPlan","REME_LowDesire"],"picked":"AddBug"},{"not_picked":[]}],"items_purged_floors":[2],"is_endless":false,"potions_floor_spawned":[4,5,6,8,22,23,25,28,33,37,39,44,47,36,38,40,46],"ascension_level":20}}