{"host":"mmqs5ul2bvb60kyc","time":1613788327,"event":{"mods":["BaseMod","Colored Map","Colored Powertips","Minty Spire (QoL Compilation)","Quick Restart","StSLib"],"gold_per_floor":[117,117,117,117,133,133,177,177,177,192,211,211,244,84,84,180,180,198,218,118,139,139,139,158,158,158],"floor_reached":25,"language":"ZHS","playtime":661,"items_purged":["Strike_B","Strike_B"],"score":448,"play_id":"4a868c34-79e7-4733-8da2-005b74e59683","local_time":"20210220103207","is_ascension_mode":true,"campfire_choices":[{"data":"Coolheaded","floor":6.0,"key":"SMITH"},{"data":"Zap","floor":8.0,"key":"SMITH"},{"floor":12.0,"key":"RECALL"},{"data":"Defragment","floor":15.0,"key":"SMITH"},{"data":"Buffer","floor":23.0,"key":"SMITH"}],"circlet_count":0,"master_deck":["AscendersBane","Strike_B+1","Strike_B","Defend_B","Defend_B","Defend_B+1","Defend_B+1","Zap+1","Dualcast+1","Coolheaded+1","Coolheaded+1","Tempest+1","Defragment+1","Buffer+1","Turbo+1","Heatsinks","Capacitor","Defragment+1"],"relics":["Cracked Core","NeowsBlessing","Happy Flower","Golden Idol","Toxic Egg 2","War Paint","Runic Dome"],"acts_visited":["Exordium","TheCity"],"potions_floor_usage":[],"damage_taken":[{"damage":0.0,"enemies":"2 Louse","floor":1.0,"turns":1.0},{"damage":0.0,"enemies":"Jaw Worm","floor":5.0,"turns":1.0},{"damage":0.0,"enemies":"Gremlin Nob","floor":7.0,"turns":1.0},{"damage":0.0,"enemies":"Cultist","floor":10.0,"turns":3.0},{"damage":0.0,"enemies":"Large Slime","floor":11.0,"turns":3.0},{"damage":6.0,"enemies":"Lagavulin","floor":13.0,"turns":7.0},{"damage":7.0,"enemies":"Slime Boss","floor":16.0,"turns":11.0},{"damage":0.0,"enemies":"Chosen","floor":18.0,"turns":5.0},{"damage":15.0,"enemies":"3 Byrds","floor":19.0,"turns":4.0},{"damage":9.0,"enemies":"Centurion and Healer","floor":21.0,"turns":7.0},{"damage":0,"enemies":"Snecko","floor":24,"turns":4},{"damage":33,"enemies":"Book of Stabbing","floor":25,"turns":4}],"seed_played":"5455861455586864350","potions_obtained":[{"floor":1.0,"key":"Weak Potion"},{"floor":10.0,"key":"PotionOfCapacity"},{"floor":16.0,"key":"Swift Potion"},{"floor":21.0,"key":"Explosive Potion"}],"is_trial":false,"path_per_floor":["M","?","?","?","M","R","E","R","T","M","M","R","E","$","R","B",null,"M","M","$","M","?","R","M","E"],"character_chosen":"DEFECT","items_purchased":["Defragment"],"campfire_rested":0,"item_purchase_floors":[14],"current_hp_per_floor":[64,59,59,40,40,40,40,40,40,40,40,40,34,34,34,27,55,55,40,40,31,31,31,31,0,0],"gold":158,"neow_bonus":"THREE_ENEMY_KILL","is_daily":false,"chose_seed":false,"campfire_upgraded":4,"win_rate":0.0,"timestamp":1613788327,"path_taken":["M","?","?","?","M","R","E","R","T","M","M","R","E","?","R","BOSS","M","M","$","M","?","R","M","E"],"items_purchased_type":["Card"],"build_version":"2020-12-22","purchased_purges":2,"victory":false,"max_hp_per_floor":[71,71,64,64,64,64,64,64,64,64,64,64,64,64,64,64,64,64,64,64,64,64,64,64,64,64],"card_choices":[{"not_picked":["Gash","Compile Driver"],"picked":"Coolheaded","floor":1.0},{"not_picked":["Scrape","Steam Power","Redo"],"picked":"SKIP","floor":5.0},{"not_picked":["Loop","Multi-Cast+1"],"picked":"Coolheaded+1","floor":7.0},{"not_picked":["Barrage","Doom and Gloom"],"picked":"Tempest+1","floor":10.0},{"not_picked":["Leap+1","Auto Shields+1","Lockon"],"picked":"SKIP","floor":11.0},{"not_picked":["Barrage","Static Discharge","Go for the Eyes"],"picked":"SKIP","floor":13.0},{"not_picked":["Barrage","Static Discharge","Go for the Eyes"],"picked":"SKIP","floor":13.0},{"not_picked":["Fission+1","Multi-Cast+1"],"picked":"Buffer","floor":16.0},{"not_picked":["Tempest+1","BootSequence+1"],"picked":"Turbo+1","floor":18.0},{"not_picked":["Sweeping Beam","Leap+1"],"picked":"Heatsinks","floor":19.0},{"not_picked":["Barrage","Stack+1"],"picked":"Capacitor","floor":21.0},{"not_picked":["Gash","Conserve Battery+1","Sweeping Beam"],"picked":"SKIP","floor":24}],"player_experience":377705,"relics_obtained":[{"floor":7.0,"key":"Toxic Egg 2"},{"floor":13.0,"key":"War Paint"}],"event_choices":[{"damage_healed":0.0,"max_hp_gain":0.0,"max_hp_loss":0.0,"gold_gain":0.0,"event_name":"Scrap Ooze","player_choice":"Success","floor":2.0,"gold_loss":0.0,"damage_taken":5.0,"relics_obtained":["Happy Flower"]},{"damage_healed":0.0,"max_hp_gain":0.0,"max_hp_loss":7.0,"gold_gain":0.0,"event_name":"Golden Idol","player_choice":"Lose Max HP","floor":3.0,"gold_loss":0.0,"damage_taken":0.0,"relics_obtained":["Golden Idol"]},{"damage_healed":0.0,"max_hp_gain":0.0,"max_hp_loss":0.0,"gold_gain":0.0,"event_name":"Shining Light","player_choice":"Entered Light","floor":4.0,"gold_loss":0.0,"damage_taken":19.0,"cards_upgraded":["Strike_B","Dualcast"]},{"damage_healed":0.0,"max_hp_gain":0.0,"max_hp_loss":0.0,"gold_gain":0.0,"event_name":"Duplicator","player_choice":"Copied","floor":22.0,"gold_loss":0.0,"damage_taken":0.0,"cards_obtained":["Defragment"]}],"is_beta":false,"boss_relics":[{"not_picked":["Fusion Hammer","Philosopher\u0027s Stone"],"picked":"Runic Dome"}],"items_purged_floors":[14,20],"is_endless":false,"potions_floor_spawned":[1,10,16,18,21],"killed_by":"Book of Stabbing","ascension_level":18}}