{"host":"f5gffvlv6a66yqkd","time":1613823794,"event":{"mods":["2.2 Compatiblity","BaseMod","Colored Map","Custom Start","DeckTracker","Keyboard Shortcuts","Minty Spire (QoL Compilation)","Permanent Neow","Quick Restart","Relic Stats","StSLib","SuperFastMode"],"gold_per_floor":[118,118,137,62,80,80,94,94,94,123,136,156,170,95,95,171,171,183,183,83,101,101,101,101,17,41,41,52,69,104,119,119,119,119],"floor_reached":33,"language":"KOR","playtime":662,"items_purged":["Strike_B","Strike_B"],"score":638,"play_id":"e9fcb2a9-d69e-41bc-aaad-ae5440a125d0","local_time":"20210220212314","is_ascension_mode":true,"campfire_choices":[{"data":"Zap","floor":6.0,"key":"SMITH"},{"data":"Sunder","floor":8.0,"key":"SMITH"},{"data":"Defragment","floor":15.0,"key":"SMITH"},{"data":"Double Energy","floor":23.0,"key":"SMITH"},{"data":"Chaos","floor":27.0,"key":"SMITH"},{"data":"Turbo","floor":32,"key":"SMITH"}],"circlet_count":0,"master_deck":["AscendersBane","Defend_B","Defend_B","Defend_B","Zap+1","Dualcast","Defragment+1","Glacier","Sunder+1","Turbo+1","Tempest","Streamline","Defragment+1","Darkness+1","Double Energy+1","Hello World","Chaos+1","Storm","Force Field","Chill","Self Repair"],"relics":["Cracked Core","MealTicket","PreservedInsect","Eternal Feather","Coffee Dripper","Nunchaku","Shovel"],"acts_visited":["Exordium","TheCity"],"potions_floor_usage":[31,31],"damage_taken":[{"damage":2.0,"enemies":"2 Louse","floor":1.0,"turns":3.0},{"damage":0.0,"enemies":"Cultist","floor":3.0,"turns":3.0},{"damage":1.0,"enemies":"Jaw Worm","floor":5.0,"turns":5.0},{"damage":0.0,"enemies":"2 Fungi Beasts","floor":7.0,"turns":2.0},{"damage":0.0,"enemies":"Gremlin Nob","floor":10.0,"turns":2.0},{"damage":3.0,"enemies":"3 Louse","floor":11.0,"turns":3.0},{"damage":0.0,"enemies":"Large Slime","floor":12.0,"turns":4.0},{"damage":16.0,"enemies":"Exordium Wildlife","floor":13.0,"turns":4.0},{"damage":21.0,"enemies":"Slime Boss","floor":16.0,"turns":8.0},{"damage":31.0,"enemies":"3 Byrds","floor":18.0,"turns":4.0},{"damage":0.0,"enemies":"Spheric Guardian","floor":21.0,"turns":3.0},{"damage":26.0,"enemies":"Shelled Parasite and Fungi","floor":28.0,"turns":2.0},{"damage":21.0,"enemies":"Snake Plant","floor":29.0,"turns":4.0},{"damage":0.0,"enemies":"Slavers","floor":30.0,"turns":3.0},{"damage":0,"enemies":"Cultist and Chosen","floor":31,"turns":3},{"damage":53,"enemies":"Automaton","floor":33,"turns":6}],"seed_played":"7878714072152276971","potions_obtained":[{"floor":7.0,"key":"AttackPotion"},{"floor":10.0,"key":"Energy Potion"},{"floor":13.0,"key":"Strength Potion"},{"floor":16.0,"key":"AttackPotion"},{"floor":28.0,"key":"DistilledChaos"},{"floor":30.0,"key":"SteroidPotion"}],"is_trial":false,"path_per_floor":["M","?","M","$","M","R","M","R","T","E","M","M","M","?","R","B",null,"M","?","$","M","?","R","?","$","T","R","M","M","E","M","R","B"],"character_chosen":"DEFECT","items_purchased":["Storm"],"campfire_rested":0,"item_purchase_floors":[25],"current_hp_per_floor":[62,62,62,71,70,70,70,70,70,70,67,67,51,51,60,39,63,32,32,47,47,47,56,36,51,51,60,34,13,13,13,25,0,0],"gold":119,"neow_bonus":"RANDOM_COMMON_RELIC","is_daily":false,"chose_seed":false,"campfire_upgraded":6,"win_rate":0.0,"timestamp":1613823794,"path_taken":["M","?","M","$","M","R","M","R","T","E","M","?","M","?","R","BOSS","M","?","$","M","?","R","?","$","T","R","?","M","E","M","R","BOSS"],"items_purchased_type":["Card"],"build_version":"2020-12-22","purchased_purges":2,"victory":false,"max_hp_per_floor":[71,71,71,71,71,71,71,71,71,71,71,71,71,71,71,71,71,71,71,71,71,71,71,76,76,76,76,76,76,76,76,76,76,76],"relic_stats":{"Nunchaku":[1],"Shovel":0,"counters":[16,59],"MealTicket":39,"Eternal Feather":39,"PreservedInsect":64,"obtain_stats":[{"Nunchaku":26,"Shovel":30,"MealTicket":0,"Eternal Feather":10,"PreservedInsect":9,"Coffee Dripper":17,"Cracked Core":0},{"Nunchaku":11,"Shovel":14,"MealTicket":0,"Eternal Feather":5,"PreservedInsect":4,"Coffee Dripper":9,"Cracked Core":0},{"Nunchaku":41,"Shovel":50,"MealTicket":0,"Eternal Feather":15,"PreservedInsect":13,"Coffee Dripper":34,"Cracked Core":0}]},"card_choices":[{"not_picked":["Coolheaded","Gash"],"picked":"Defragment","floor":1.0},{"not_picked":["Hologram","Sweeping Beam"],"picked":"Glacier","floor":3.0},{"not_picked":["Static Discharge","Melter"],"picked":"Sunder","floor":5.0},{"not_picked":["Tempest","Loop"],"picked":"Turbo","floor":7.0},{"not_picked":["Go for the Eyes","Conserve Battery","Leap"],"picked":"SKIP","floor":10.0},{"not_picked":["Go for the Eyes","Conserve Battery","Leap"],"picked":"SKIP","floor":10.0},{"not_picked":["Turbo","Hologram"],"picked":"Tempest","floor":11.0},{"not_picked":["Rip and Tear","Leap"],"picked":"Streamline","floor":12.0},{"not_picked":["Conserve Battery","Turbo"],"picked":"Defragment","floor":13.0},{"not_picked":["Biased Cognition","All For One"],"picked":"Multi-Cast","floor":16.0},{"not_picked":["Rip and Tear","Stack"],"picked":"Darkness+1","floor":18.0},{"not_picked":["Stack","Gash+1"],"picked":"Double Energy","floor":21.0},{"not_picked":["Steam","Barrage"],"picked":"Force Field","floor":28.0},{"not_picked":["Turbo","Hologram"],"picked":"Chill","floor":29.0},{"not_picked":["Leap","Gash","Reprogram"],"picked":"SKIP","floor":30.0},{"not_picked":["Conserve Battery","Barrage+1"],"picked":"Self Repair","floor":31}],"player_experience":1534473,"relics_obtained":[{"floor":9.0,"key":"PreservedInsect"},{"floor":10.0,"key":"Eternal Feather"},{"floor":26.0,"key":"Nunchaku"},{"floor":30.0,"key":"Shovel"}],"event_choices":[{"damage_healed":0.0,"max_hp_gain":0.0,"max_hp_loss":0.0,"gold_gain":0.0,"event_name":"Upgrade Shrine","player_choice":"Upgraded","floor":2.0,"gold_loss":0.0,"damage_taken":0.0,"cards_upgraded":["Defragment"]},{"cards_removed":["Strike_B"],"damage_healed":0.0,"max_hp_gain":0.0,"max_hp_loss":0.0,"gold_gain":0.0,"event_name":"The Cleric","player_choice":"Card Removal","floor":14.0,"gold_loss":75.0,"damage_taken":0.0},{"damage_healed":0.0,"max_hp_gain":0.0,"max_hp_loss":0.0,"gold_gain":0.0,"event_name":"The Mausoleum","player_choice":"Ignored","floor":19.0,"gold_loss":0.0,"damage_taken":0.0},{"damage_healed":0.0,"max_hp_gain":0.0,"max_hp_loss":0.0,"gold_gain":0.0,"cards_transformed":["Defend_B","Strike_B"],"event_name":"Drug Dealer","player_choice":"Became Test Subject","floor":22.0,"gold_loss":0.0,"damage_taken":0.0,"cards_obtained":["Hello World","Chaos"]},{"damage_healed":0.0,"max_hp_gain":5.0,"max_hp_loss":0.0,"gold_gain":0.0,"event_name":"Forgotten Altar","player_choice":"Shed Blood","floor":24.0,"gold_loss":0.0,"damage_taken":25.0}],"is_beta":false,"boss_relics":[{"not_picked":["Sozu","Fusion Hammer"],"picked":"Coffee Dripper"}],"items_purged_floors":[4,20],"is_endless":false,"potions_floor_spawned":[7,10,13,16,21,28,30],"killed_by":"Automaton","ascension_level":20}}