{"host":"6406jj8da6015sxr","time":1613808302,"event":{"mods":["AchievementEnabler","BaseMod","Colored Map","DeckTracker","Keyboard Shortcuts","Minty Spire (QoL Compilation)","Permanent Neow","Relic Stats","SuperFastMode","everything is the same but u backflip on backflip"],"gold_per_floor":[114,125,125,0,12,12,31,31,31,31,46,78,108,135,135,211,211,222,137,153,12,25,53,53,85,85,114,126,137,165,240,240,317,317,334,351,365,108,108,139,139,169,169,169,182,182,213,26,26,26],"floor_reached":51,"language":"KOR","playtime":2141,"items_purged":["Strike_G","Strike_G"],"score":1517,"play_id":"3a9bc577-9d62-4b6b-b415-84ce60d81cd3","local_time":"20210220170502","is_ascension_mode":true,"campfire_choices":[{"data":"Dagger Spray","floor":6.0,"key":"SMITH"},{"data":"Neutralize","floor":8.0,"key":"SMITH"},{"data":"Sucker Punch","floor":10.0,"key":"SMITH"},{"data":"Footwork","floor":15.0,"key":"SMITH"},{"floor":32.0,"key":"REST"},{"data":"Envenom","floor":41,"key":"SMITH"},{"floor":46,"key":"REST"},{"data":"Apotheosis","floor":49,"key":"SMITH"}],"circlet_count":0,"master_deck":["AscendersBane","Strike_G+1","Strike_G","Strike_G","Defend_G","Defend_G+1","Defend_G","Defend_G","Defend_G","Survivor","Neutralize+1","Malaise","Sucker Punch+1","Dagger Spray+1","Flash of Steel","Backstab+1","Heel Hook","Caltrops","PiercingWail","Masterful Stab","Footwork+1","Adrenaline+1","Endless Agony","Flying Knee","Blade Dance","Blade Dance","Wraith Form v2","Finisher","Calculated Gamble","Acrobatics+1","Cloak And Dagger","Envenom+1","Cloak And Dagger","Phantasmal Killer","Cloak And Dagger","Master of Strategy","Master of Strategy","Blur","Reflex","Apotheosis+1","Backflip"],"relics":["Ring of the Snake","Kunai","The Courier","Du-Vu Doll","Odd Mushroom","StrikeDummy","Philosopher\u0027s Stone","Orichalcum","Lizard Tail","Omamori","Whetstone","HornCleat","War Paint","WristBlade","Chemical X","Strawberry","Pen Nib","MealTicket","Ornamental Fan"],"acts_visited":["TheCity","TheBeyond"],"potions_floor_usage":[37,50,50],"damage_taken":[{"damage":6.0,"enemies":"Small Slimes","floor":1.0,"turns":5.0},{"damage":0.0,"enemies":"Jaw Worm","floor":2.0,"turns":6.0},{"damage":0.0,"enemies":"Cultist","floor":5.0,"turns":3.0},{"damage":0.0,"enemies":"3 Louse","floor":7.0,"turns":3.0},{"damage":0.0,"enemies":"Exordium Wildlife","floor":11.0,"turns":3.0},{"damage":13.0,"enemies":"Gremlin Nob","floor":12.0,"turns":4.0},{"damage":1.0,"enemies":"The Mushroom Lair","floor":13.0,"turns":4.0},{"damage":2.0,"enemies":"Lagavulin","floor":14.0,"turns":5.0},{"damage":2.0,"enemies":"Hexaghost","floor":16.0,"turns":10.0},{"damage":5.0,"enemies":"Chosen","floor":18.0,"turns":4.0},{"damage":0.0,"enemies":"Spheric Guardian","floor":20.0,"turns":1.0},{"damage":14.0,"enemies":"Snake Plant","floor":22.0,"turns":5.0},{"damage":8.0,"enemies":"Book of Stabbing","floor":23.0,"turns":6.0},{"damage":0.0,"enemies":"Slavers","floor":25.0,"turns":4.0},{"damage":8.0,"enemies":"Book of Stabbing","floor":27.0,"turns":5.0},{"damage":18.0,"enemies":"Sentry and Sphere","floor":28.0,"turns":4.0},{"damage":0.0,"enemies":"Snecko","floor":29.0,"turns":4.0},{"damage":11.0,"enemies":"Slavers","floor":30.0,"turns":4.0},{"damage":32.0,"enemies":"Automaton","floor":33.0,"turns":10.0},{"damage":4,"enemies":"3 Darklings","floor":35,"turns":4},{"damage":0,"enemies":"Orb Walker","floor":36,"turns":2},{"damage":0,"enemies":"4 Shapes","floor":37,"turns":5},{"damage":22,"enemies":"Reptomancer","floor":40,"turns":4},{"damage":0,"enemies":"Giant Head","floor":42,"turns":6},{"damage":6,"enemies":"Transient","floor":45,"turns":5},{"damage":4,"enemies":"Reptomancer","floor":47,"turns":5},{"damage":10,"enemies":"Awakened One","floor":50,"turns":11}],"seed_played":"-3901462705665582518","potions_obtained":[{"floor":2.0,"key":"ColorlessPotion"},{"floor":7.0,"key":"SteroidPotion"},{"floor":12.0,"key":"Block Potion"},{"floor":13.0,"key":"ColorlessPotion"},{"floor":14.0,"key":"SteroidPotion"},{"floor":18.0,"key":"PowerPotion"},{"floor":33.0,"key":"Strength Potion"},{"floor":35,"key":"Block Potion"},{"floor":42,"key":"Dexterity Potion"},{"floor":45,"key":"Swift Potion"},{"floor":47,"key":"PowerPotion"}],"is_trial":false,"path_per_floor":["M","M","?","$","M","R","M","R","T","R","M","E","?","E","R","B",null,"M","?","M","$","M","E","?","E","T","E","M","M","E","?","R","B",null,"M","M","M","$","?","E","R","E","T","?","M","R","E","$","R","B",null],"character_chosen":"THE_SILENT","items_purchased":["Flash of Steel","Backstab","Blade Dance","Blade Dance","Phantasmal Killer","Chemical X","Apotheosis","Backflip"],"campfire_rested":2,"item_purchase_floors":[4,4,21,21,38,38,48,48],"current_hp_per_floor":[53,53,50,50,50,50,50,50,50,50,50,37,36,34,34,32,58,53,53,53,53,39,31,19,19,19,11,35,35,24,17,38,6,55,51,51,51,51,51,36,36,36,36,26,20,43,39,54,54,44],"gold":26,"neow_bonus":"ONE_RANDOM_RARE_CARD","is_daily":false,"chose_seed":false,"campfire_upgraded":6,"win_rate":0.0,"timestamp":1613808302,"path_taken":["M","M","?","$","M","R","M","R","T","R","M","E","?","E","R","BOSS","M","?","M","$","M","E","?","E","T","E","M","M","E","?","R","BOSS","M","M","M","$","?","E","R","E","T","?","M","R","E","?","R","BOSS"],"items_purchased_type":["Card","Card","Card","Card","Card","Relic","Card","Card"],"build_version":"2020-12-22","purchased_purges":2,"victory":true,"max_hp_per_floor":[66,66,66,66,66,66,66,66,66,66,66,66,66,66,66,66,66,66,66,66,66,66,66,71,71,71,71,71,71,71,71,71,71,71,71,71,71,71,71,78,78,78,78,78,78,78,78,78,78,78],"relic_stats":{"Lizard Tail":35,"counters":[27,132],"Ornamental Fan":[52],"MealTicket":15,"Pen Nib":[9],"Kunai":[115],"Whetstone":["Backstab","Strike_G"],"Chemical X":[5],"Orichalcum":[132],"War Paint":["Adrenaline","Defend_G"],"obtain_stats":[{"The Courier":9,"Pen Nib":42,"Omamori":25,"Whetstone":26,"Odd Mushroom":13,"Orichalcum":19,"War Paint":30,"Du-Vu Doll":12,"Lizard Tail":23,"HornCleat":27,"WristBlade":34,"Ornamental Fan":47,"Strawberry":40,"Philosopher\u0027s Stone":17,"MealTicket":43,"Kunai":3,"Chemical X":38,"StrikeDummy":14,"Ring of the Snake":0},{"The Courier":4,"Pen Nib":24,"Omamori":14,"Whetstone":14,"Odd Mushroom":7,"Orichalcum":10,"War Paint":18,"Du-Vu Doll":6,"Lizard Tail":13,"HornCleat":15,"WristBlade":19,"Ornamental Fan":26,"Strawberry":23,"Philosopher\u0027s Stone":9,"MealTicket":24,"Kunai":2,"Chemical X":22,"StrikeDummy":8,"Ring of the Snake":0},{"The Courier":17,"Pen Nib":111,"Omamori":63,"Whetstone":63,"Odd Mushroom":28,"Orichalcum":47,"War Paint":80,"Du-Vu Doll":24,"Lizard Tail":59,"HornCleat":68,"WristBlade":90,"Ornamental Fan":121,"Strawberry":105,"Philosopher\u0027s Stone":43,"MealTicket":111,"Kunai":11,"Chemical X":101,"StrikeDummy":33,"Ring of the Snake":0}],"Ring of the Snake":[54]},"card_choices":[{"not_picked":["Backflip","Reflex"],"picked":"Sucker Punch","floor":1.0},{"not_picked":["Flying Knee","Concentrate"],"picked":"Dagger Spray","floor":2.0},{"not_picked":["Dagger Throw","Deflect"],"picked":"Heel Hook","floor":5.0},{"not_picked":["Acrobatics","Outmaneuver"],"picked":"Caltrops","floor":7.0},{"not_picked":["Prepared","Outmaneuver","Riddle With Holes"],"picked":"SKIP","floor":11.0},{"not_picked":["Slice","Poisoned Stab"],"picked":"PiercingWail","floor":12.0},{"not_picked":["Predator","Prepared"],"picked":"Masterful Stab","floor":13.0},{"not_picked":["Expertise","Terror"],"picked":"Footwork","floor":14.0},{"not_picked":["Night Terror","Grand Finale"],"picked":"Adrenaline","floor":16.0},{"not_picked":["Endless Agony","Eviscerate","Dodge and Roll"],"picked":"SKIP","floor":18.0},{"not_picked":["Eviscerate","Dodge and Roll"],"picked":"Endless Agony","floor":18.0},{"not_picked":["Outmaneuver","Catalyst"],"picked":"Flying Knee","floor":20.0},{"not_picked":["Bane","Leg Sweep"],"picked":"Wraith Form v2","floor":22.0},{"not_picked":["Poisoned Stab","Quick Slash"],"picked":"Finisher","floor":23.0},{"not_picked":["Prepared","Sucker Punch","Masterful Stab"],"picked":"SKIP","floor":25.0},{"not_picked":["Outmaneuver","Underhanded Strike"],"picked":"Calculated Gamble","floor":27.0},{"not_picked":["PiercingWail","Cloak And Dagger","Flying Knee"],"picked":"SKIP","floor":28.0},{"not_picked":["Blur+1","Dagger Throw"],"picked":"Acrobatics+1","floor":29.0},{"not_picked":["Distraction","Acrobatics"],"picked":"Cloak And Dagger","floor":30.0},{"not_picked":["Burst","Venomology"],"picked":"Envenom","floor":33.0},{"not_picked":["Setup","Slice","Dagger Throw"],"picked":"SKIP","floor":35},{"not_picked":["Flying Knee","Endless Agony+1"],"picked":"Cloak And Dagger","floor":36},{"not_picked":["Bane","Poisoned Stab+1","Slice"],"picked":"SKIP","floor":37},{"not_picked":["Grand Finale","Choke"],"picked":"Cloak And Dagger","floor":40},{"not_picked":["Noxious Fumes+1","Backstab","Dagger Throw"],"picked":"SKIP","floor":42},{"not_picked":["Good Instincts","Bandage Up"],"picked":"Master of Strategy","floor":44},{"not_picked":["Deep Breath","Transmutation"],"picked":"Master of Strategy","floor":44},{"not_picked":["Eviscerate","Deadly Poison+1"],"picked":"Blur","floor":45},{"not_picked":["Poisoned Stab","Catalyst"],"picked":"Reflex","floor":47}],"player_experience":55224,"relics_obtained":[{"floor":9.0,"key":"The Courier"},{"floor":12.0,"key":"Du-Vu Doll"},{"floor":13.0,"key":"Odd Mushroom"},{"floor":14.0,"key":"StrikeDummy"},{"floor":23.0,"key":"Lizard Tail"},{"floor":25.0,"key":"Omamori"},{"floor":26.0,"key":"Whetstone"},{"floor":27.0,"key":"HornCleat"},{"floor":30.0,"key":"War Paint"},{"floor":40,"key":"Strawberry"},{"floor":42,"key":"Pen Nib"},{"floor":43,"key":"MealTicket"},{"floor":47,"key":"Ornamental Fan"}],"event_choices":[{"damage_healed":0.0,"max_hp_gain":0.0,"max_hp_loss":0.0,"gold_gain":0.0,"event_name":"Scrap Ooze","player_choice":"Success","floor":3.0,"gold_loss":0.0,"damage_taken":3.0,"relics_obtained":["Kunai"]},{"damage_healed":0.0,"max_hp_gain":0.0,"max_hp_loss":0.0,"gold_gain":0.0,"event_name":"Mushrooms","player_choice":"Fought Mushrooms","floor":13.0,"gold_loss":0.0,"damage_taken":0.0},{"damage_healed":0.0,"max_hp_gain":0.0,"max_hp_loss":0.0,"gold_gain":0.0,"event_name":"Addict","player_choice":"Obtained Relic","floor":19.0,"gold_loss":85.0,"damage_taken":0.0,"relics_obtained":["Orichalcum"]},{"damage_healed":0.0,"max_hp_gain":5.0,"max_hp_loss":0.0,"gold_gain":0.0,"event_name":"Forgotten Altar","player_choice":"Shed Blood","floor":24.0,"gold_loss":0.0,"damage_taken":17.0},{"damage_healed":0.0,"max_hp_gain":0.0,"max_hp_loss":0.0,"gold_gain":75.0,"event_name":"FaceTrader","player_choice":"Touch","floor":31.0,"gold_loss":0.0,"damage_taken":7.0},{"damage_healed":0,"gold_gain":0,"player_choice":"Ignored","damage_taken":0,"max_hp_gain":0,"max_hp_loss":0,"event_name":"Tomb of Lord Red Mask","floor":39,"gold_loss":0},{"damage_healed":0,"gold_gain":0,"player_choice":"Memory 3","damage_taken":10,"max_hp_gain":0,"max_hp_loss":0,"event_name":"SensoryStone","floor":44,"gold_loss":0}],"is_beta":false,"boss_relics":[{"not_picked":["Busted Crown","Cursed Key"],"picked":"Philosopher\u0027s Stone"},{"not_picked":["Empty Cage","Fusion Hammer"],"picked":"WristBlade"}],"items_purged_floors":[21,38],"is_endless":false,"potions_floor_spawned":[2,7,12,13,14,18,22,33,35,42,45,47],"ascension_level":14}}