{"host":"or8fr2mp0k3eluj8","time":1613821671,"event":{"mods":["AchievementEnabler","BaseMod","Colored Map","DeckTracker","Keyboard Shortcuts","Minty Spire (QoL Compilation)","StSLib","SuperFastMode","everything is the same but u backflip on backflip"],"gold_per_floor":[111,111,177,177,227,253,253,269,269,296,346,409,28,44,44,143,143,155,205,271,271,271],"floor_reached":21,"language":"KOR","playtime":628,"items_purged":["Strike_B"],"score":208,"play_id":"14238110-c01f-4e15-b930-33a26a4ddc18","local_time":"20210220204751","is_ascension_mode":true,"campfire_choices":[{"data":"Zap","floor":7,"key":"SMITH"},{"floor":15,"key":"REST"}],"circlet_count":0,"master_deck":["Strike_B","Defend_B","Defend_B","Defend_B","Zap+1","Dualcast","Streamline","Ball Lightning","Coolheaded","Sweeping Beam","Beam Cell","Redo","BootSequence","Reboot","Fusion+1","Panacea","Conserve Battery"],"relics":["Cracked Core","Dream Catcher","SsserpentHead","Peace Pipe","Ornamental Fan","StoneCalendar","Pocketwatch","Turnip","Empty Cage"],"acts_visited":["Exordium","TheCity"],"potions_floor_usage":[],"damage_taken":[{"damage":3,"enemies":"2 Louse","floor":1,"turns":3},{"damage":1,"enemies":"Cultist","floor":3,"turns":3},{"damage":26,"enemies":"3 Sentries","floor":6,"turns":7},{"damage":4,"enemies":"Small Slimes","floor":8,"turns":3},{"damage":17,"enemies":"Lagavulin","floor":10,"turns":7},{"damage":12,"enemies":"Exordium Wildlife","floor":12,"turns":3},{"damage":8,"enemies":"3 Louse","floor":14,"turns":3},{"damage":12,"enemies":"Hexaghost","floor":16,"turns":8},{"damage":43,"enemies":"3 Byrds","floor":18,"turns":4},{"damage":10,"enemies":"Spheric Guardian","floor":20,"turns":4},{"damage":17,"enemies":"Chosen and Byrds","floor":21,"turns":4}],"seed_played":"-2192903605703280227","potions_obtained":[{"floor":3,"key":"SmokeBomb"},{"floor":8,"key":"FearPotion"},{"floor":10,"key":"FocusPotion"},{"floor":12,"key":"Regen Potion"}],"is_trial":false,"path_per_floor":["M","?","M","?","T","E","R","M","T","E","?","M","$","M","R","B",null,"M","?","M","M"],"character_chosen":"DEFECT","items_purchased":["Turnip"],"campfire_rested":1,"item_purchase_floors":[13],"current_hp_per_floor":[72,72,71,71,71,45,45,41,41,24,24,12,12,4,26,14,75,32,20,10,0,0],"gold":271,"neow_bonus":"RANDOM_COMMON_RELIC","is_daily":false,"chose_seed":false,"campfire_upgraded":1,"win_rate":0.0,"timestamp":1613821671,"path_taken":["M","?","?","?","?","E","R","M","T","E","?","?","$","M","R","BOSS","M","?","?","M"],"items_purchased_type":["Relic"],"build_version":"2020-12-22","purchased_purges":1,"victory":false,"max_hp_per_floor":[75,75,75,75,75,75,75,75,75,75,75,75,75,75,75,75,75,75,75,75,75,75],"card_choices":[{"not_picked":["Steam","BootSequence"],"picked":"Streamline","floor":1},{"not_picked":["Loop","Gash"],"picked":"Ball Lightning","floor":3},{"not_picked":["Reinforced Body","Darkness"],"picked":"Coolheaded","floor":6},{"not_picked":["Blizzard","Coolheaded"],"picked":"Sweeping Beam","floor":8},{"not_picked":["White Noise","Chill"],"picked":"Beam Cell","floor":10},{"not_picked":["Steam","Hologram"],"picked":"Redo","floor":12},{"not_picked":["Rip and Tear","Streamline"],"picked":"BootSequence","floor":14},{"not_picked":["Amplify","Rainbow"],"picked":"Reboot","floor":16},{"not_picked":["White Noise","Sweeping Beam"],"picked":"Fusion+1","floor":18},{"not_picked":["Ball Lightning","Gash"],"picked":"Conserve Battery","floor":20}],"player_experience":397481,"relics_obtained":[{"floor":5,"key":"Peace Pipe"},{"floor":6,"key":"Ornamental Fan"},{"floor":9,"key":"StoneCalendar"},{"floor":10,"key":"Pocketwatch"}],"event_choices":[{"damage_healed":0,"gold_gain":0,"player_choice":"Trade","damage_taken":0,"relics_obtained":["SsserpentHead"],"max_hp_gain":0,"max_hp_loss":0,"event_name":"FaceTrader","floor":2,"gold_loss":0},{"cards_removed":["Strike_B"],"damage_healed":0,"gold_gain":0,"player_choice":"Card Removal","damage_taken":0,"max_hp_gain":0,"max_hp_loss":0,"event_name":"The Cleric","floor":4,"gold_loss":50},{"damage_healed":0,"gold_gain":0,"player_choice":"Ignored","damage_taken":0,"max_hp_gain":0,"max_hp_loss":0,"event_name":"NoteForYourself","floor":11,"gold_loss":0},{"damage_healed":0,"gold_gain":0,"player_choice":"CARD ","damage_taken":12,"max_hp_gain":0,"max_hp_loss":0,"event_name":"Knowing Skull","floor":19,"potions_obtained":[],"gold_loss":0,"cards_obtained":["Panacea"]}],"is_beta":false,"boss_relics":[{"not_picked":["Cursed Key","Velvet Choker"],"picked":"Empty Cage"}],"items_purged_floors":[13],"is_endless":false,"potions_floor_spawned":[3,8,10,12],"killed_by":"Chosen and Byrds","ascension_level":2}}