{"host":"erogqkeozdzdhb46","time":1613856125,"event":{"mods":["AchievementEnabler","BaseMod","Bestiary","Colored Map","Colored Powertips","Downfall","Minty Spire (QoL Compilation)","Rare Cards Sparkle","Relic Stats","Replay The Spire","StSLib","Together in Spire"],"gold_per_floor":[110,124,143,155,166,199,214,214,214,214,238,277,291,310,310,439,439,394,394,394,394,394,394,394,394,394,394,394,394,394,394,394,394,394,394,394,394,394,25,25,25,25,25,25,25,25,25,25,25,25],"floor_reached":51,"language":"ENG","playtime":3607,"items_purged":[],"score":550,"play_id":"ac9a9f78-6bb9-4728-afd6-eb7b71ce8b7c","local_time":"20210220152205","is_ascension_mode":false,"campfire_choices":[{"data":"Choke","floor":8,"key":"SMITH"},{"data":"ReplayTheSpireMod:Shiv Toss","floor":15,"key":"SMITH"},{"data":"Poison Darts","floor":23,"key":"SMITH"},{"data":"A Thousand Cuts","floor":29,"key":"SMITH"},{"data":"Sneak Up","floor":32,"key":"SMITH"},{"data":"ReplayTheSpireMod:Brewmster","floor":42,"key":"SMITH"},{"data":"Chrysalis","floor":46,"key":"SMITH"},{"data":"ReplayTheSpireMod:The Works","floor":49,"key":"SMITH"}],"circlet_count":0,"master_deck":["Strike_G","Strike_G","Strike_G","Strike_G","Strike_G","Defend_G","Defend_G","Defend_G","Defend_G","Defend_G","Survivor","Cloak And Dagger","Riddle With Holes","Sneak Up+1","ReplayTheSpireMod:Shiv Toss+1","Flying Knee","Prepared","Choke+1","Blade Dance","A Thousand Cuts+1","Blade Dance","Poison Darts+1","Poisoned Stab+1","ReplayTheSpireMod:The Works+1","Calculated Gamble","Pot Of Greed","Pot Of Greed","Pot Of Greed","Tactician","Slice","Eviscerate","Prepared+1","Toxin Wave","Footwork","Burst","Accuracy+1","Infinite Blades+1","Chrysalis+1","Pot Of Greed","ReplayTheSpireMod:Brewmster+1","Replay:Parry","Flechettes+1","Unload"],"relics":["Ring of the Snake","Omamori","Ninja Scroll","Golden Idol","Replay:Mystery Machine","Ectoplasm","Grinning Jar","Bag of Preparation","Du-Vu Doll","Runic Dome","Shuriken","ReplayTheSpireMod:ShopPack","Bottled Tornado","Darkstone Periapt","Strawberry"],"acts_visited":["Exordium","TheCity","TheBeyond"],"potions_floor_usage":[12,12,20,22,30,40,41,45,50,50],"damage_taken":[{"damage":0,"enemies":"2 Louse","floor":1,"turns":2},{"damage":0,"enemies":"Small Slimes","floor":2,"turns":2},{"damage":0,"enemies":"Cultist","floor":3,"turns":2},{"damage":0,"enemies":"Looter","floor":4,"turns":3},{"damage":0,"enemies":"3 Louse","floor":5,"turns":3},{"damage":0,"enemies":"Lagavulin","floor":6,"turns":4},{"damage":0,"enemies":"Red Slaver","floor":7,"turns":2},{"damage":0,"enemies":"2 Fungi Beasts","floor":11,"turns":2},{"damage":1,"enemies":"Replay:BlueRogue","floor":12,"turns":2},{"damage":0,"enemies":"Blue Slaver","floor":13,"turns":1},{"damage":1,"enemies":"Exordium Thugs","floor":14,"turns":3},{"damage":0,"enemies":"Slime Boss","floor":16,"turns":5},{"damage":1,"enemies":"2 Thieves","floor":18,"turns":3},{"damage":2,"enemies":"Spheric Guardian","floor":19,"turns":4},{"damage":1,"enemies":"Centurion and Healer","floor":20,"turns":3},{"damage":0,"enemies":"Sentry and Sphere","floor":21,"turns":4},{"damage":2,"enemies":"Cultist and Chosen","floor":22,"turns":3},{"damage":0,"enemies":"Gremlin Leader","floor":24,"turns":4},{"damage":0,"enemies":"Snecko","floor":25,"turns":2},{"damage":3,"enemies":"Snake Plant","floor":27,"turns":3},{"damage":0,"enemies":"Chosen and Byrds","floor":28,"turns":3},{"damage":0,"enemies":"Cultist and Chosen","floor":30,"turns":2},{"damage":1,"enemies":"Slavers","floor":31,"turns":2},{"damage":2,"enemies":"Champ","floor":33,"turns":5},{"damage":4,"enemies":"3 Darklings","floor":35,"turns":3},{"damage":0,"enemies":"3 Shapes","floor":36,"turns":2},{"damage":0,"enemies":"Spire Growth","floor":38,"turns":3},{"damage":1,"enemies":"Reptomancer","floor":40,"turns":3},{"damage":1,"enemies":"Sphere and 2 Shapes","floor":41,"turns":3},{"damage":0,"enemies":"Jaw Worm Horde","floor":44,"turns":2},{"damage":1,"enemies":"Giant Head","floor":45,"turns":4},{"damage":1,"enemies":"4 Shapes","floor":47,"turns":2},{"damage":2,"enemies":"Writhing Mass","floor":48,"turns":3},{"damage":3,"enemies":"Replay:Hell Engine","floor":50,"turns":5}],"seed_played":"8959222519408107590","potions_obtained":[{"floor":1,"key":"BlessingOfTheForge"},{"floor":3,"key":"Slimebound:ThreeZeroPotion"},{"floor":7,"key":"Cursed Concoction"},{"floor":12,"key":"Fruit Juice"},{"floor":14,"key":"GamblersBrew"},{"floor":19,"key":"Swift Potion"},{"floor":21,"key":"CunningPotion"},{"floor":25,"key":"FearPotion"},{"floor":31,"key":"FairyPotion"},{"floor":41,"key":"SteroidPotion"},{"floor":44,"key":"CunningPotion"},{"floor":47,"key":"Energy Potion"}],"is_trial":false,"path_per_floor":["M","M","M","M","M","E","M","R","T","?","M","E","M","M","R","B",null,"M","M","M","M","M","R","E","M","T","M","M","R","M","E","R","B",null,"M","M","?","M","$","E","M","R","T","M","E","R","M","M","R","B",null],"character_chosen":"THE_SILENT","items_purchased":["Shuriken","ReplayTheSpireMod:ShopPack"],"campfire_rested":0,"item_purchase_floors":[39,39],"current_hp_per_floor":[77,77,77,77,77,77,77,77,77,77,77,81,81,80,80,80,82,81,79,78,78,76,76,76,76,76,73,73,73,73,72,72,70,82,78,78,78,78,78,77,76,76,76,76,82,82,81,79,79,76],"gold":25,"neow_bonus":"TEN_PERCENT_HP_BONUS","is_daily":false,"chose_seed":false,"campfire_upgraded":8,"win_rate":0.0,"timestamp":1613856125,"path_taken":["M","M","M","M","M","E","M","R","T","?","M","E","M","M","R","BOSS","M","M","M","M","M","R","E","M","T","M","M","R","M","E","R","BOSS","M","M","?","M","$","E","M","R","T","M","E","R","M","M","R","BOSS"],"items_purchased_type":["Relic","Relic"],"build_version":"2020-12-22","purchased_purges":0,"victory":true,"max_hp_per_floor":[77,77,77,77,77,77,77,77,77,77,77,82,82,82,82,82,82,82,82,82,82,82,82,82,82,82,82,82,82,82,82,82,82,82,82,82,82,82,82,82,82,82,82,82,89,89,89,89,89,89],"relic_stats":{"Darkstone Periapt":0,"counters":[34,99],"Golden Idol":190,"Shuriken":[17],"Ectoplasm":602,"Bag of Preparation":[0],"obtain_stats":[{"Darkstone Periapt":43,"Golden Idol":10,"Omamori":6,"Bag of Preparation":26,"Replay:Mystery Machine":12,"Bottled Tornado":40,"Du-Vu Doll":31,"Runic Dome":34,"Ninja Scroll":9,"Shuriken":39,"Strawberry":45,"Ectoplasm":17,"Grinning Jar":24,"Ring of the Snake":0,"ReplayTheSpireMod:ShopPack":39},{"Darkstone Periapt":29,"Golden Idol":7,"Omamori":6,"Bag of Preparation":19,"Replay:Mystery Machine":9,"Bottled Tornado":28,"Du-Vu Doll":23,"Runic Dome":24,"Ninja Scroll":7,"Shuriken":27,"Strawberry":31,"Ectoplasm":12,"Grinning Jar":18,"Ring of the Snake":0,"ReplayTheSpireMod:ShopPack":27},{"Darkstone Periapt":83,"Golden Idol":18,"Omamori":16,"Bag of Preparation":54,"Replay:Mystery Machine":22,"Bottled Tornado":80,"Du-Vu Doll":64,"Runic Dome":69,"Ninja Scroll":18,"Shuriken":77,"Strawberry":89,"Ectoplasm":31,"Grinning Jar":52,"Ring of the Snake":0,"ReplayTheSpireMod:ShopPack":77}],"Ring of the Snake":[68]},"card_choices":[{"not_picked":["Heel Hook","Deadly Poison"],"picked":"Cloak And Dagger","floor":1},{"not_picked":["Deadly Poison","Poisoned Stab"],"picked":"Riddle With Holes","floor":2},{"not_picked":["Cloak And Dagger","Storm of Steel"],"picked":"Sneak Up","floor":3},{"not_picked":["PiercingWail","Dodge and Roll"],"picked":"ReplayTheSpireMod:Shiv Toss","floor":4},{"not_picked":["Blur","Skewer"],"picked":"Flying Knee","floor":5},{"not_picked":["Prepared","Slice","Outmaneuver"],"picked":"SKIP","floor":6},{"not_picked":["Slice","Outmaneuver"],"picked":"Prepared","floor":6},{"not_picked":["Setup","Dagger Spray"],"picked":"Choke","floor":7},{"not_picked":["Cloak And Dagger","Riddle With Holes"],"picked":"Blade Dance","floor":11},{"not_picked":["ReplayTheSpireMod:Exploit Weakness","Choke"],"picked":"A Thousand Cuts","floor":12},{"not_picked":["Bane","Backflip"],"picked":"Blade Dance","floor":13},{"not_picked":["ReplayTheSpireMod:Shiv Toss","Prepared","Backflip"],"picked":"SKIP","floor":14},{"not_picked":["Grand Finale","Venomology"],"picked":"Poison Darts","floor":16},{"not_picked":["Cloak And Dagger","Crippling Poison"],"picked":"Poisoned Stab+1","floor":18},{"not_picked":["Flying Knee","Blur","Cloak And Dagger"],"picked":"SKIP","floor":19},{"not_picked":["Dagger Throw","Poisoned Stab"],"picked":"ReplayTheSpireMod:The Works","floor":20},{"not_picked":["PiercingWail","Reflex","Cloak And Dagger"],"picked":"SKIP","floor":21},{"not_picked":["Prepared","Blur"],"picked":"Calculated Gamble","floor":22},{"not_picked":["Prepared","Acrobatics"],"picked":"Tactician","floor":24},{"not_picked":["Dash+1","Backflip"],"picked":"Slice","floor":25},{"not_picked":["Outmaneuver","Quick Slash"],"picked":"Eviscerate","floor":27},{"not_picked":["Outmaneuver","Deadly Poison"],"picked":"Prepared+1","floor":28},{"not_picked":["Prepared","Quick Slash"],"picked":"Toxin Wave","floor":30},{"not_picked":["After Image","ReplayTheSpireMod:Exploit Weakness+1"],"picked":"Footwork","floor":31},{"not_picked":["Poison Darts","Tools of the Trade"],"picked":"Burst","floor":33},{"not_picked":["Terror+1","ReplayTheSpireMod:Shiv Toss+1"],"picked":"Accuracy+1","floor":35},{"not_picked":["Outmaneuver","Deadly Poison","Deflect"],"picked":"SKIP","floor":36},{"not_picked":["Slice","Dagger Spray+1"],"picked":"Infinite Blades+1","floor":38},{"not_picked":["Secret Weapon","Secret Technique"],"picked":"Chrysalis","floor":39},{"not_picked":["Blind","Trip"],"picked":"ReplayTheSpireMod:Brewmster","floor":39},{"not_picked":["Trip","Sadistic Nature"],"picked":"Replay:Parry","floor":39},{"not_picked":["Sneak Up+1","Backflip"],"picked":"Flechettes+1","floor":40},{"not_picked":["Tactician","Backflip","Terror+1"],"picked":"SKIP","floor":41},{"not_picked":["Acrobatics","Infinite Blades","Flying Knee+1"],"picked":"SKIP","floor":44},{"not_picked":["Flying Knee","Quick Slash"],"picked":"Unload","floor":45},{"not_picked":["Quick Slash","Deadly Poison","Crippling Poison+1"],"picked":"SKIP","floor":47},{"not_picked":["Toxin Wave+1","Tactician","Deadly Poison"],"picked":"SKIP","floor":48}],"player_experience":1040043,"relics_obtained":[{"floor":6,"key":"Omamori"},{"floor":9,"key":"Ninja Scroll"},{"floor":12,"key":"Replay:Mystery Machine"},{"floor":24,"key":"Grinning Jar"},{"floor":26,"key":"Bag of Preparation"},{"floor":31,"key":"Du-Vu Doll"},{"floor":40,"key":"Bottled Tornado"},{"floor":43,"key":"Darkstone Periapt"},{"floor":45,"key":"Strawberry"}],"event_choices":[{"damage_healed":0,"gold_gain":0,"player_choice":"Take Wound","damage_taken":0,"relics_obtained":["Golden Idol"],"max_hp_gain":0,"max_hp_loss":0,"event_name":"Golden Idol","floor":10,"gold_loss":0,"cards_obtained":["Injury"]},{"cards_removed":["Neutralize"],"damage_healed":0,"gold_gain":0,"player_choice":"Removed Attack","damage_taken":0,"max_hp_gain":0,"max_hp_loss":0,"event_name":"Falling","floor":37,"gold_loss":0}],"is_beta":false,"boss_relics":[{"not_picked":["Philosopher\u0027s Stone","Ring of Chaos"],"picked":"Ectoplasm"},{"not_picked":["Astrolabe","Empty Cage"],"picked":"Runic Dome"}],"items_purged_floors":[],"is_endless":false,"potions_floor_spawned":[1,3,7,12,14,19,21,25,31,36,41,44,47],"ascension_level":0}}