{"host":"i2s4iw62z1dejrqn","time":1613807797,"event":{"mods":["AchievementEnabler","BaseMod","Minty Spire (QoL Compilation)","Random Character Button","SuperFastMode"],"gold_per_floor":[13,13,13,29,54,94,108,146,170,170,189,189,210,244,244,244,244],"floor_reached":16,"language":"KOR","playtime":673,"items_purged":[],"score":213,"play_id":"06015607-5b1c-4aba-aaaf-2bd9e04e1318","local_time":"20210220165637","is_ascension_mode":true,"campfire_choices":[{"data":"Eruption","floor":10,"key":"SMITH"},{"floor":15,"key":"REST"}],"circlet_count":0,"master_deck":["Strike_P","Strike_P","Defend_P","Defend_P","Defend_P","Eruption+1","Vigilance","Tantrum","CutThroughFate+1","FollowUp+1","WheelKick","Adaptation","Decay","Omniscience"],"relics":["PureWater","Golden Idol","Centennial Puzzle","Whetstone","Art of War"],"acts_visited":["Exordium"],"potions_floor_usage":[6,6,14],"damage_taken":[{"damage":7,"enemies":"Small Slimes","floor":1,"turns":4},{"damage":2,"enemies":"2 Louse","floor":4,"turns":4},{"damage":0,"enemies":"Cultist","floor":5,"turns":3},{"damage":20,"enemies":"3 Sentries","floor":6,"turns":5},{"damage":0,"enemies":"2 Fungi Beasts","floor":7,"turns":2},{"damage":0,"enemies":"Gremlin Nob","floor":8,"turns":2},{"damage":6,"enemies":"Exordium Thugs","floor":11,"turns":2},{"damage":0,"enemies":"Blue Slaver","floor":13,"turns":2},{"damage":19,"enemies":"Lagavulin","floor":14,"turns":6},{"damage":31,"enemies":"Hexaghost","floor":16,"turns":6}],"seed_played":"6562079079304470085","potions_obtained":[{"floor":1,"key":"CultistPotion"},{"floor":5,"key":"Fire Potion"},{"floor":13,"key":"Block Potion"}],"is_trial":false,"path_per_floor":["M","?","?","M","M","E","M","E","T","R","M","?","M","E","R","B"],"character_chosen":"WATCHER","items_purchased":[],"campfire_rested":1,"item_purchase_floors":[],"current_hp_per_floor":[58,58,58,56,56,36,36,36,36,36,30,30,30,11,31,0,0],"gold":244,"neow_bonus":"REMOVE_TWO","is_daily":false,"chose_seed":false,"campfire_upgraded":1,"win_rate":0.0,"timestamp":1613807797,"path_taken":["M","?","?","M","?","E","M","E","T","R","M","?","M","E","R","BOSS"],"items_purchased_type":[],"build_version":"2020-12-22","purchased_purges":0,"victory":false,"max_hp_per_floor":[72,67,67,67,67,67,67,67,67,67,67,67,67,67,67,67,67],"card_choices":[{"not_picked":["JustLucky","SandsOfTime"],"picked":"Tantrum","floor":1},{"not_picked":["WreathOfFlame","JustLucky"],"picked":"CutThroughFate","floor":4},{"not_picked":["WindmillStrike","PathToVictory"],"picked":"FollowUp","floor":5},{"not_picked":["PathToVictory","Meditate","SashWhip"],"picked":"SKIP","floor":6},{"not_picked":["Protect","Conclude"],"picked":"WheelKick","floor":7},{"not_picked":["SignatureMove","JustLucky","CarveReality"],"picked":"SKIP","floor":8},{"not_picked":["Collect","Swivel"],"picked":"Adaptation","floor":11},{"not_picked":["SignatureMove","Evaluate"],"picked":"Omniscience","floor":13},{"not_picked":["CutThroughFate","Protect","ThirdEye"],"picked":"SKIP","floor":14}],"player_experience":487531,"relics_obtained":[{"floor":6,"key":"Centennial Puzzle"},{"floor":8,"key":"Whetstone"},{"floor":14,"key":"Art of War"}],"event_choices":[{"damage_healed":0,"gold_gain":0,"player_choice":"Lose Max HP","damage_taken":0,"relics_obtained":["Golden Idol"],"max_hp_gain":0,"max_hp_loss":5,"event_name":"Golden Idol","floor":2,"gold_loss":0},{"cards_removed":["Defend_P"],"damage_healed":0,"gold_gain":0,"player_choice":"Offered Basic","damage_taken":0,"max_hp_gain":0,"max_hp_loss":0,"event_name":"Bonfire Elementals","floor":3,"gold_loss":0},{"damage_healed":0,"gold_gain":0,"player_choice":"Cursed","damage_taken":0,"max_hp_gain":0,"max_hp_loss":0,"event_name":"Wheel of Change","floor":12,"gold_loss":0,"cards_obtained":["Decay"]}],"is_beta":false,"boss_relics":[],"items_purged_floors":[],"is_endless":false,"potions_floor_spawned":[1,5,13],"killed_by":"Hexaghost","ascension_level":9}}