{"host":"1lxw72ckkilnkgp7","time":1613847077,"event":{"mods":["ATMod(阿瑾Mod)","BaseMod","BetterRewards","Custom Start","Marisa（F雨　魔理沙）","Minty Spire (QoL Compilation)","Quick Restart","Replay The Spire","Shop Mod","StSLib","The Servant 0.9.4","[功能]功能增强和修复MOD","【功能Mod】聪明的最终Boss"],"gold_per_floor":[119,119,12,27,27,59,59,88,112,130,147,147,159,188,188,751,851,867,867],"floor_reached":18,"language":"ZHS","playtime":902,"items_purged":["Defend_S","Defend_S","Strike_S","Strike_S","Strike_S"],"score":689,"play_id":"ad27a0fe-81ce-48a5-a08b-695f0f1b5fb2","local_time":"20210221025117","daily_mods":["Heirloom","DeadlyEvents","Elite Swarm","Uncertain Future"],"is_ascension_mode":true,"campfire_choices":[{"floor":7,"key":"RECALL"},{"data":"ShiftingGears","floor":12,"key":"SMITH"},{"data":"Revamp","floor":15,"key":"SMITH"}],"circlet_count":0,"master_deck":["Embodiment+1","Defend_S","Defend_S","Defend_S","KidneyShot+1","Strike_S","Strike_S","Exchange+1","Rearm+1","InstantArmor+1","Hightail+1","Madness+1","AT_TwilightShroud+1","Burning Pact+1","Turbo+1","Desolation+1","Snipe","Alleviate+1","Deny","Desolation+1","BottledTime","Sunlight+1","SoulSculpture+1","Collapse+1","BottledTime","Revamp+1","InstantArmor","ShiftingGears+1","SurpressingFire","MoonPhase","Defy","TimeWarp+1","FloweringNight+1","KillingDoll+1","SoulSculpture+1","Duplication+1","MurderousAura+1","Embodiment+1","BottledTime","Manipulate","Solidify+1"],"relics":["Uniform","AT_ATBox","Pondfish Scales","AT_BellowingDragoncrestRing","Honey Jar","AT_Manta","AT_BellDemon","Simple Rune","Strange Spoon","Molten Egg 2","Regal Pillow","AT_RedTearstoneRing","The Courier","Lizard Tail","Golden Egg","Pocketwatch","Strawberry","Sundial","ReplayTheSpireMod:TigerMarble","StrikeDummy","Tiny Chest","Replay:Towering Pillar of Hats","Replay:Wanted Poster","RomanBracelet"],"acts_visited":["Exordium","TheCity"],"potions_floor_usage":[8],"damage_taken":[{"damage":0,"enemies":"2 Louse","floor":1,"turns":1},{"damage":0,"enemies":"Cultist","floor":4,"turns":2},{"damage":0,"enemies":"3 Sentries","floor":6,"turns":3},{"damage":0,"enemies":"Lagavulin","floor":8,"turns":3},{"damage":0,"enemies":"Small Slimes","floor":10,"turns":2},{"damage":0,"enemies":"2 Fungi Beasts","floor":11,"turns":1},{"damage":0,"enemies":"Exordium Wildlife","floor":13,"turns":2},{"damage":0,"enemies":"Gremlin Nob","floor":14,"turns":3},{"damage":0,"enemies":"Hexaghost","floor":16,"turns":2},{"damage":0,"enemies":"2 Thieves","floor":18,"turns":1}],"seed_played":"-5541710582009930060","potions_obtained":[{"floor":1,"key":"Strength Potion"},{"floor":4,"key":"Strength Potion"},{"floor":6,"key":"SpeedPotion"},{"floor":8,"key":"Fruit Juice"},{"floor":8,"key":"PowerPotion"},{"floor":10,"key":"Block Potion"},{"floor":10,"key":"Languid Potion"},{"floor":11,"key":"Energy Potion"},{"floor":11,"key":"LiquidBronze"},{"floor":14,"key":"Strength Potion"},{"floor":16,"key":"SkillPotion"}],"is_trial":true,"path_per_floor":["M","?","$","M","?","E","R","E","T","M","M","R","M","E","R","B",null,"M"],"character_chosen":"THE_SERVANT","items_purchased":["Strange Spoon"],"campfire_rested":0,"item_purchase_floors":[3],"current_hp_per_floor":[54,54,54,54,54,54,54,59,59,59,59,59,66,66,66,66,71,71,71],"gold":867,"neow_bonus":"","is_daily":false,"chose_seed":false,"campfire_upgraded":2,"win_rate":0.0,"timestamp":1613847077,"path_taken":["M","?","$","?","?","E","R","E","T","M","M","R","M","E","R","BOSS","M"],"items_purchased_type":["Relic"],"build_version":"2020-12-22","purchased_purges":5,"victory":false,"max_hp_per_floor":[60,60,60,60,60,60,60,65,65,65,65,65,72,72,72,72,72,72,72],"card_choices":[{"not_picked":["Rearm","Deadline","Potential"],"picked":"Desolation","floor":1},{"not_picked":["Ricochet","ShatteredReality","Unruled"],"picked":"Snipe","floor":1},{"not_picked":["Ricochet","Starlight","Revamp"],"picked":"Alleviate","floor":1},{"not_picked":["Alleviate","Unruled+1","Reset"],"picked":"Deny","floor":4},{"not_picked":["TimeWarp+1","Potential+1","Rearm"],"picked":"Desolation+1","floor":4},{"not_picked":["Defy","Unruled+1","Potential+1"],"picked":"BottledTime","floor":4},{"not_picked":["Solidify","Initiator+1","KillingDoll+1"],"picked":"Sunlight+1","floor":6},{"not_picked":["MurderousAura","Initiator+1","Duplication"],"picked":"SoulSculpture+1","floor":8},{"not_picked":["FastForward","Ricochet+1","BottledTime"],"picked":"Collapse+1","floor":10},{"not_picked":["TimeWarp+1","Alleviate","FastForward"],"picked":"BottledTime","floor":10},{"not_picked":["TimeWarp+1","Moondial","Alleviate"],"picked":"Revamp","floor":10},{"not_picked":["Spin+1","BottledTime","Moondial"],"picked":"InstantArmor","floor":11},{"not_picked":["Misdirection","Spin+1","Snipe+1"],"picked":"ShiftingGears","floor":11},{"not_picked":["Shuttle","Spin+1","FastForward"],"picked":"SurpressingFire","floor":11},{"not_picked":["DoubleEdge+1","ShatteredReality+1","ForgedInTime"],"picked":"MoonPhase","floor":13},{"not_picked":["FastForward","TimeTheft","ShatteredReality+1"],"picked":"Defy","floor":13},{"not_picked":["Deadline","Potential+1","Ricochet+1"],"picked":"TimeWarp+1","floor":13},{"not_picked":["SoulSculpture+1","PendulumOfEternity+1","LightFlow+1"],"picked":"FloweringNight","floor":14},{"not_picked":["Sunlight+1","Initiator+1","PendulumOfEternity+1"],"picked":"KillingDoll+1","floor":16},{"not_picked":["Dilation","LightFlow+1","SilverMatrix"],"picked":"SoulSculpture+1","floor":16},{"not_picked":["SilverMatrix","FloweringNight","SoulSculpture+1"],"picked":"Duplication","floor":16},{"not_picked":["ForgedInTime","KillingDoll+1","SoulSculpture+1"],"picked":"MurderousAura","floor":16},{"not_picked":["PendulumOfEternity+1","TrueSight","Initiator+1"],"picked":"Embodiment","floor":16},{"not_picked":["Contraction","Rewind","Revamp"],"picked":"BottledTime","floor":18},{"not_picked":["Defy","ShatteredReality+1","TimeWarp+1"],"picked":"Manipulate","floor":18},{"not_picked":["Starlight+1","BestPractice+1","FastForward"],"picked":"Solidify","floor":18}],"player_experience":131800,"relics_obtained":[{"floor":1,"key":"Simple Rune"},{"floor":4,"key":"Molten Egg 2"},{"floor":6,"key":"Regal Pillow"},{"floor":6,"key":"AT_RedTearstoneRing"},{"floor":8,"key":"The Courier"},{"floor":8,"key":"Lizard Tail"},{"floor":10,"key":"Golden Egg"},{"floor":11,"key":"Pocketwatch"},{"floor":13,"key":"Strawberry"},{"floor":14,"key":"Sundial"},{"floor":14,"key":"ReplayTheSpireMod:TigerMarble"},{"floor":16,"key":"StrikeDummy"},{"floor":16,"key":"Tiny Chest"},{"floor":16,"key":"Replay:Towering Pillar of Hats"},{"floor":18,"key":"RomanBracelet"}],"event_choices":[{"damage_healed":0,"gold_gain":0,"player_choice":"Upgraded","damage_taken":0,"max_hp_gain":0,"max_hp_loss":0,"event_name":"Upgrade Shrine","floor":2,"gold_loss":0,"cards_upgraded":["Alleviate"]},{"damage_healed":0,"gold_gain":0,"player_choice":"Grow","damage_taken":0,"max_hp_gain":0,"max_hp_loss":0,"event_name":"Living Wall","floor":5,"gold_loss":0,"cards_upgraded":["Desolation"]}],"is_beta":false,"boss_relics":[{"not_picked":["Honey Jar","SacredBark"],"picked":"Replay:Wanted Poster"}],"items_purged_floors":[3,3,3,3,3],"is_endless":false,"potions_floor_spawned":[1,4,6,8,8,10,10,11,11,14,16],"killed_by":"2 Thieves","ascension_level":20}}