{"host":"7wwmf5ihvdzput8s","time":1613837334,"event":{"mods":["BaseMod","Minty Spire (QoL Compilation)","Quick Restart","Replay The Spire","StSLib","UnlockEverythingMod"],"gold_per_floor":[110,121,121,136,153,180,205,205,253,279,279,319,319,350,425,515,515,538,588,623,638,663,703,741,262,286,29,47,86,122,122,122,212,212,236,75,134,356,53,96,96,139,139,139,163,201,237,276,276,276,276],"floor_reached":52,"language":"ZHS","playtime":770,"items_purged":["Bloodletting","Bane"],"score":2695,"play_id":"04b49b29-f081-4c1a-a69d-e7fe45353b3f","local_time":"20210221000854","daily_mods":["SealedDeck","Vintage","Green Cards","Purple Cards","Heirloom","Time Dilation","Flight","DeadlyEvents","Elite Swarm","Lethality","Night Terrors"],"is_ascension_mode":true,"campfire_choices":[{"data":"Tantrum","floor":8.0,"key":"SMITH"},{"data":"Blasphemy","floor":13.0,"key":"SMITH"},{"data":"FollowUp","floor":32.0,"key":"SMITH"},{"data":"Limit Break","floor":44.0,"key":"SMITH"}],"circlet_count":0,"master_deck":["AscendersBane","FollowUp","Quick Slash","Headbutt","Poisoned Stab","Clash","FollowUp+1","Tantrum+1","Sword Boomerang+1","Blasphemy+1","Scrawl+1","Pummel+1","Blasphemy","Limit Break+1","Ragnarok+1"],"relics":["Unceasing Top","Incense Burner","Garlic","Replay:Accelerometer","ReplayTheSpireMod:Spearhead","Magic Flower","Calipers","Centennial Puzzle","Ancient Tea Set","White Beast Statue","Golden Idol","Quantum Egg","Bag of Preparation","SacredBark","Lantern","Red Mask","Pantograph","Darkstone Periapt","Happy Flower","Boot","Brimstone","Blue Doll","Replay:Baseball","Guide Book","Replay:Rubber Ducky","Ginger","Gremlin Horn","NeowsBlessing","Runic Cube","Omamori","Medical Kit","Bird Faced Urn","Replay:Wax Seal","Molten Egg 2","Chameleon Ring","Paper Frog","Snack Pack","Akabeko","Vajra","Counterbalance","Sundial","CultistMask"],"acts_visited":["Exordium","TheCity","TheBeyond"],"potions_floor_usage":[51,51],"damage_taken":[{"damage":0.0,"enemies":"2 Louse","floor":1.0,"turns":1.0},{"damage":0.0,"enemies":"Cultist","floor":2.0,"turns":1.0},{"damage":0.0,"enemies":"Jaw Worm","floor":4.0,"turns":1.0},{"damage":0.0,"enemies":"Large Slime","floor":5.0,"turns":2.0},{"damage":1.0,"enemies":"Lagavulin","floor":6.0,"turns":1.0},{"damage":0.0,"enemies":"Gremlin Nob","floor":7.0,"turns":1.0},{"damage":0.0,"enemies":"Lagavulin","floor":10.0,"turns":1.0},{"damage":0.0,"enemies":"Gremlin Nob","floor":12.0,"turns":1.0},{"damage":3.0,"enemies":"3 Sentries","floor":14.0,"turns":1.0},{"damage":3.0,"enemies":"The Guardian","floor":16.0,"turns":1.0},{"damage":0.0,"enemies":"Chosen","floor":18.0,"turns":1.0},{"damage":0.0,"enemies":"Masked Bandits","floor":20.0,"turns":1.0},{"damage":3.0,"enemies":"Shell Parasite","floor":21.0,"turns":1.0},{"damage":0.0,"enemies":"Snake Plant","floor":22.0,"turns":1.0},{"damage":3.0,"enemies":"Gremlin Leader","floor":23.0,"turns":1.0},{"damage":3.0,"enemies":"Slavers","floor":24.0,"turns":1.0},{"damage":0.0,"enemies":"Snecko","floor":28.0,"turns":1.0},{"damage":0.0,"enemies":"Replay:Snechameleon","floor":29.0,"turns":1.0},{"damage":0.0,"enemies":"Book of Stabbing","floor":30.0,"turns":1.0},{"damage":0.0,"enemies":"Pondfish","floor":33.0,"turns":1.0},{"damage":21.0,"enemies":"3 Shapes","floor":35.0,"turns":1.0},{"damage":0.0,"enemies":"2 Orb Walkers","floor":37.0,"turns":1.0},{"damage":0.0,"enemies":"R_Hoarder","floor":40.0,"turns":1.0},{"damage":0.0,"enemies":"Giant Head","floor":42.0,"turns":1.0},{"damage":0.0,"enemies":"Orb Walker","floor":45.0,"turns":1.0},{"damage":0.0,"enemies":"R_Hoarder","floor":46.0,"turns":1.0},{"damage":0.0,"enemies":"Reptomancer","floor":47.0,"turns":1.0},{"damage":0.0,"enemies":"R_Hoarder","floor":48.0,"turns":1.0},{"damage":0.0,"enemies":"Replay:Hell Engine","floor":50.0,"turns":1.0},{"damage":0,"enemies":"Donu and Deca","floor":51,"turns":1}],"seed_played":"3599405862169629774","potions_obtained":[{"floor":1.0,"key":"EssenceOfSteel"},{"floor":6.0,"key":"LiquidBronze"},{"floor":7.0,"key":"ColorlessPotion"},{"floor":10.0,"key":"SteroidPotion"},{"floor":14.0,"key":"LiquidMemories"},{"floor":16.0,"key":"LifebloodPotion"},{"floor":18.0,"key":"LiquidMemories"},{"floor":30.0,"key":"Milkshake"},{"floor":37.0,"key":"Strength Potion"},{"floor":46.0,"key":"Swift Potion"},{"floor":47.0,"key":"DistilledChaos"}],"is_trial":true,"path_per_floor":["M","M","?","M","M","E","E","R","T","E","?","E","R","E","R","B",null,"M","?","?","M","M","E","E","$","T","$","M","E","E","WH","R","B",null,"M","$","?","?","$","E","?","E","T","R","M","E","E","E","R","B","B",null],"character_chosen":"IRONCLAD","items_purchased":["Brimstone","Blue Doll","Pummel","Guide Book","Medical Kit","Replay:Wax Seal","Molten Egg 2"],"campfire_rested":0,"item_purchase_floors":[25,25,25,27,36,39,39],"current_hp_per_floor":[68,68,68,68,68,67,67,67,67,67,67,67,67,64,64,61,66,66,66,66,63,63,60,57,57,57,57,57,57,57,57,57,68,68,47,47,47,47,47,47,43,43,43,43,43,46,49,55,55,68,68],"gold":276,"neow_bonus":"THREE_ENEMY_KILL","is_daily":false,"chose_seed":false,"campfire_upgraded":4,"win_rate":0.0,"timestamp":1613837334,"path_taken":["M","M","?","?","M","E","E","R","T","E","?","?","R","E","R","BOSS","M","?","?","M","?","E","E","$","T","$","?","E","E","WH","R","BOSS","M","$","?","?","$","E","?","?","T","R","?","E","?","E","R","BOSS","BOSS"],"items_purchased_type":["Relic","Relic","Card","Relic","Relic","Relic","Relic"],"build_version":"2020-12-22","purchased_purges":2,"victory":true,"max_hp_per_floor":[75,75,75,75,75,75,75,75,75,75,68,68,68,68,68,68,68,68,68,68,68,68,68,68,68,68,68,68,68,68,68,68,68,68,68,68,68,68,68,68,68,68,68,68,68,68,68,68,68,68,68],"card_choices":[{"not_picked":["After Image","Replay:AllIn","Replay:Many Hands"],"picked":"SKIP","floor":6.0},{"not_picked":["Bludgeon","Grand Finale","Die Die Die"],"picked":"SKIP","floor":7.0},{"not_picked":["Eclipse","Demon Form","Berserk"],"picked":"SKIP","floor":10.0},{"not_picked":["Fiend Fire","Malaise"],"picked":"Blasphemy","floor":12.0},{"not_picked":["Establishment","A Thousand Cuts","Alpha"],"picked":"SKIP","floor":14.0},{"not_picked":["Replay:LoomingThreat","Demonic Infusion"],"picked":"Scrawl","floor":16.0},{"not_picked":["Venomology","Replay:Bag of Tricks","A Thousand Cuts"],"picked":"SKIP","floor":23.0},{"not_picked":["Scrawl","ReplayTheSpireMod:From All Sides","Feed"],"picked":"SKIP","floor":24.0},{"not_picked":["ConjureBlade","Phantasmal Killer","Feed"],"picked":"SKIP","floor":29.0},{"not_picked":["Atom Bomb","Envenom","DeusExMachina"],"picked":"SKIP","floor":30.0},{"not_picked":["Bullet Time","Grand Finale"],"picked":"Blasphemy","floor":33.0},{"not_picked":["Offering","Wish"],"picked":"Limit Break","floor":40.0},{"not_picked":["Blasphemy","Poison Darts","Die Die Die+1"],"picked":"SKIP","floor":42.0},{"not_picked":["Judgement","Replay:LoomingThreat"],"picked":"Ragnarok+1","floor":46.0},{"not_picked":["Double Tap","Barricade","Blasphemy"],"picked":"SKIP","floor":47.0},{"not_picked":["Glass Knife+1","Eclipse","Brilliance+1"],"picked":"SKIP","floor":48.0}],"player_experience":73907,"relics_obtained":[{"floor":1.0,"key":"Garlic"},{"floor":2.0,"key":"Replay:Accelerometer"},{"floor":4.0,"key":"ReplayTheSpireMod:Spearhead"},{"floor":5.0,"key":"Magic Flower"},{"floor":6.0,"key":"Calipers"},{"floor":7.0,"key":"Centennial Puzzle"},{"floor":9.0,"key":"Ancient Tea Set"},{"floor":10.0,"key":"White Beast Statue"},{"floor":12.0,"key":"Quantum Egg"},{"floor":14.0,"key":"Bag of Preparation"},{"floor":18.0,"key":"Lantern"},{"floor":20.0,"key":"Red Mask"},{"floor":21.0,"key":"Pantograph"},{"floor":22.0,"key":"Darkstone Periapt"},{"floor":23.0,"key":"Happy Flower"},{"floor":24.0,"key":"Boot"},{"floor":26.0,"key":"Replay:Baseball"},{"floor":28.0,"key":"Replay:Rubber Ducky"},{"floor":29.0,"key":"Ginger"},{"floor":30.0,"key":"Gremlin Horn"},{"floor":35.0,"key":"Omamori"},{"floor":37.0,"key":"Bird Faced Urn"},{"floor":40.0,"key":"Chameleon Ring"},{"floor":42.0,"key":"Paper Frog"},{"floor":43.0,"key":"Snack Pack"},{"floor":45.0,"key":"Akabeko"},{"floor":46.0,"key":"Vajra"},{"floor":47.0,"key":"Counterbalance"},{"floor":48.0,"key":"Sundial"}],"event_choices":[{"damage_healed":0.0,"max_hp_gain":0.0,"max_hp_loss":0.0,"gold_gain":0.0,"event_name":"Upgrade Shrine","player_choice":"Upgraded","floor":3.0,"gold_loss":0.0,"damage_taken":0.0,"cards_upgraded":["Sword Boomerang"]},{"damage_healed":0.0,"max_hp_gain":0.0,"max_hp_loss":7.0,"gold_gain":0.0,"event_name":"Golden Idol","player_choice":"Lose Max HP","floor":11.0,"gold_loss":0.0,"damage_taken":0.0,"relics_obtained":["Golden Idol"]},{"damage_healed":0.0,"max_hp_gain":0.0,"max_hp_loss":0.0,"gold_gain":50.0,"event_name":"Nest","player_choice":"Stole From Cult","floor":19.0,"gold_loss":0.0,"damage_taken":0.0},{"damage_healed":0.0,"max_hp_gain":0.0,"max_hp_loss":0.0,"gold_gain":0.0,"event_name":"Masked Bandits","player_choice":"Fought Bandits","floor":20.0,"gold_loss":0.0,"damage_taken":0.0},{"damage_healed":0.0,"max_hp_gain":0.0,"max_hp_loss":0.0,"gold_gain":0.0,"event_name":"Mysterious Sphere","player_choice":"Fight","floor":37.0,"gold_loss":0.0,"damage_taken":0.0},{"damage_healed":0.0,"max_hp_gain":0.0,"max_hp_loss":0.0,"gold_gain":222.0,"event_name":"Tomb of Lord Red Mask","player_choice":"Wore Mask","floor":38.0,"gold_loss":0.0,"damage_taken":0.0},{"damage_healed":0.0,"max_hp_gain":0.0,"max_hp_loss":0.0,"gold_gain":0.0,"event_name":"The Woman in Blue","player_choice":"Bought 0 Potions","floor":41.0,"gold_loss":0.0,"damage_taken":0.0},{"damage_healed":0.0,"max_hp_gain":0.0,"max_hp_loss":0.0,"gold_gain":0.0,"event_name":"FaceTrader","player_choice":"Trade","floor":49.0,"gold_loss":0.0,"damage_taken":0.0,"relics_obtained":["CultistMask"]}],"is_beta":false,"boss_relics":[{"not_picked":["Snecko Heart","Electric Blood"],"picked":"SacredBark"},{"not_picked":["Busted Crown","Runic Pyramid"],"picked":"Runic Cube"}],"items_purged_floors":[25,27],"is_endless":false,"potions_floor_spawned":[1,6,7,10,12,14,16,18,20,21,22,23,24,28,29,30,33,35,37,40,42,45,46,47,48],"ascension_level":20}}