{"host":"ow66nzv2xecjoor3","time":1613785006,"event":{"mods":["BaseMod","Bestiary","Block Reminder","Colored Powertips","Curses Come First","Highlight Path","Keyboard Shortcuts","Minty Spire (QoL Compilation)","Permanent Neow","Relic Stats","StSLib","UnlockEverythingMod"],"gold_per_floor":[119,133,145,156,166,166,196,196,196,226,240,240,240,272,272,346,346,366,376,387,387,5,5,25,25,50,50,78,78,78,107,107,182,182,198,216,137,151,161,161,196,196,196,196,113,127,137,150,150,150,150,150],"floor_reached":51,"language":"ENG","playtime":3915,"items_purged":["Strike_R"],"score":1508,"play_id":"612d6963-80cf-45d6-ad84-15c3da37cafa","local_time":"20210219193646","is_ascension_mode":true,"campfire_choices":[{"floor":6.0,"key":"REST"},{"data":"Shockwave","floor":8.0,"key":"SMITH"},{"floor":13.0,"key":"REST"},{"data":"Whirlwind","floor":15.0,"key":"SMITH"},{"data":"True Grit","floor":27,"key":"SMITH"},{"data":"Flame Barrier","floor":29,"key":"SMITH"},{"data":"Rage","floor":32,"key":"SMITH"},{"floor":40,"key":"REST"},{"floor":49,"key":"RECALL"}],"circlet_count":0,"master_deck":["AscendersBane","Defend_R","Defend_R","Defend_R","Defend_R","Bash","Shockwave+1","Whirlwind+1","Reckless Charge","Dropkick","Anger","Flame Barrier+1","Exhume","Double Tap","Power Through+1","Dark Embrace+1","Anger+1","Pommel Strike+1","Infernal Blade","Rampage+1","True Grit+1","Power Through","Rage+1","Seeing Red+1","Dual Wield+1","Flame Barrier","Corruption","Blood for Blood+1","Exhume","Disarm+1","Impervious","Evolve","True Grit+1","Feel No Pain"],"relics":["SlaversCollar","Bag of Marbles","Mercury Hourglass","Question Card","MealTicket","Astrolabe","Akabeko","Ancient Tea Set","Nunchaku","Singing Bowl","Fusion Hammer","Unceasing Top","Turnip"],"acts_visited":["Exordium","TheCity","TheBeyond"],"potions_floor_usage":[19,20,28,33,39,41,41,50,51],"damage_taken":[{"damage":7.0,"enemies":"2 Louse","floor":1.0,"turns":4.0},{"damage":7.0,"enemies":"Jaw Worm","floor":2.0,"turns":6.0},{"damage":15.0,"enemies":"Cultist","floor":3.0,"turns":5.0},{"damage":23.0,"enemies":"Red Slaver","floor":4.0,"turns":4.0},{"damage":6.0,"enemies":"Looter","floor":5.0,"turns":3.0},{"damage":10.0,"enemies":"3 Sentries","floor":7.0,"turns":4.0},{"damage":23.0,"enemies":"Exordium Thugs","floor":11.0,"turns":4.0},{"damage":3.0,"enemies":"Lagavulin","floor":14.0,"turns":6.0},{"damage":16.0,"enemies":"Hexaghost","floor":16.0,"turns":7.0},{"damage":18.0,"enemies":"2 Thieves","floor":18.0,"turns":4.0},{"damage":45,"enemies":"Shell Parasite","floor":19,"turns":5},{"damage":3,"enemies":"3 Cultists","floor":20,"turns":5},{"damage":0,"enemies":"Snake Plant","floor":24,"turns":2},{"damage":0,"enemies":"Book of Stabbing","floor":28,"turns":1},{"damage":23,"enemies":"Slavers","floor":31,"turns":7},{"damage":19,"enemies":"Automaton","floor":33,"turns":12},{"damage":15,"enemies":"3 Darklings","floor":35,"turns":8},{"damage":1,"enemies":"3 Shapes","floor":36,"turns":1},{"damage":6,"enemies":"Writhing Mass","floor":38,"turns":4},{"damage":39,"enemies":"3 Darklings","floor":39,"turns":3},{"damage":0,"enemies":"Giant Head","floor":41,"turns":6},{"damage":0,"enemies":"Sphere and 2 Shapes","floor":46,"turns":1},{"damage":9,"enemies":"Transient","floor":47,"turns":6},{"damage":0,"enemies":"Writhing Mass","floor":48,"turns":7},{"damage":27,"enemies":"Donu and Deca","floor":50,"turns":7},{"damage":37,"enemies":"Awakened One","floor":51,"turns":8}],"seed_played":"870723380281878291","potions_obtained":[{"floor":1.0,"key":"BloodPotion"},{"floor":2.0,"key":"LiquidBronze"},{"floor":4.0,"key":"Strength Potion"},{"floor":7.0,"key":"FearPotion"},{"floor":11.0,"key":"Regen Potion"},{"floor":19,"key":"SkillPotion"},{"floor":28,"key":"ElixirPotion"},{"floor":38,"key":"EntropicBrew"},{"floor":47,"key":"Weak Potion"}],"is_trial":false,"path_per_floor":["M","M","M","M","M","R","E","R","T","?","M","?","R","E","R","B",null,"M","M","M","?","$","?","M","$","T","R","E","R","$","E","R","B",null,"M","M","$","M","M","R","E","T","T","?","$","M","M","M","R","B","B"],"character_chosen":"IRONCLAD","items_purchased":["Akabeko","Power Through","Strength Potion","BloodPotion","Exhume","Impervious"],"campfire_rested":3,"item_purchase_floors":[22,22,22,22,37,45],"current_hp_per_floor":[61,54,39,31,25,47,37,37,37,37,14,9,31,28,28,12,59,41,8,5,5,20,20,20,35,35,35,35,35,50,27,27,8,58,45,44,59,55,33,57,57,57,57,57,72,72,63,63,63,36,0,0],"gold":150,"neow_bonus":"BOSS_RELIC","is_daily":false,"chose_seed":false,"campfire_upgraded":5,"win_rate":0.0,"timestamp":1613785006,"path_taken":["M","M","M","M","M","R","E","R","T","?","M","?","R","E","R","BOSS","M","M","M","?","$","?","M","$","T","R","E","R","$","E","R","BOSS","M","M","$","?","M","R","E","?","T","?","$","M","M","M","R","BOSS","BOSS"],"items_purchased_type":["Relic","Card","Potion","Potion","Card","Card"],"build_version":"2020-12-22","purchased_purges":1,"victory":false,"max_hp_per_floor":[75,75,75,75,75,75,75,75,75,75,75,75,75,75,75,75,75,75,75,75,75,75,75,75,75,75,75,75,75,75,75,75,75,75,77,77,77,79,81,81,81,81,81,81,81,81,81,81,81,81,81,81],"relic_stats":{"Nunchaku":[20],"Singing Bowl":6,"counters":[26,128],"Astrolabe":["Power Through","Dark Embrace","Anger"],"MealTicket":75,"Turnip":[0],"Question Card":18,"obtain_stats":[{"Singing Bowl":31,"Astrolabe":17,"Question Card":10,"Ancient Tea Set":26,"Burning Blood":0,"Akabeko":22,"Mercury Hourglass":9,"SlaversCollar":0,"Nunchaku":28,"MealTicket":14,"Fusion Hammer":34,"Turnip":43,"Bag of Marbles":7,"Unceasing Top":41},{"Singing Bowl":15,"Astrolabe":9,"Question Card":6,"Ancient Tea Set":13,"Burning Blood":0,"Akabeko":12,"Mercury Hourglass":6,"SlaversCollar":0,"Nunchaku":14,"MealTicket":8,"Fusion Hammer":16,"Turnip":21,"Bag of Marbles":6,"Unceasing Top":21},{"Singing Bowl":65,"Astrolabe":42,"Question Card":26,"Ancient Tea Set":58,"Burning Blood":0,"Akabeko":56,"Mercury Hourglass":26,"SlaversCollar":0,"Nunchaku":59,"MealTicket":35,"Fusion Hammer":77,"Turnip":99,"Bag of Marbles":26,"Unceasing Top":99}],"Unceasing Top":[16],"Mercury Hourglass":[354]},"card_choices":[{"not_picked":["Infernal Blade","Armaments"],"picked":"Shockwave","floor":1.0},{"not_picked":["Sword Boomerang","Bloodletting","Armaments"],"picked":"SKIP","floor":2.0},{"not_picked":["Sword Boomerang","Intimidate"],"picked":"Whirlwind","floor":3.0},{"not_picked":["Warcry","Inflame"],"picked":"Reckless Charge","floor":4.0},{"not_picked":["Headbutt","Twin Strike"],"picked":"Dropkick","floor":5.0},{"not_picked":["Wild Strike","Flex"],"picked":"Anger","floor":7.0},{"not_picked":["Rage","Twin Strike","Heavy Blade"],"picked":"Flame Barrier","floor":11.0},{"not_picked":["Dark Embrace","Dual Wield","Ghostly Armor"],"picked":"Exhume","floor":14.0},{"not_picked":["Brutality","Immolate","Reaper"],"picked":"Double Tap","floor":16.0},{"not_picked":["Pummel","Clash","Heavy Blade"],"picked":"Pommel Strike+1","floor":18.0},{"not_picked":["Thunderclap","Uppercut","Pommel Strike"],"picked":"Infernal Blade","floor":19},{"not_picked":["Clothesline","Clash","Ghostly Armor"],"picked":"Rampage+1","floor":20},{"not_picked":["Brutality","Sever Soul","Pommel Strike"],"picked":"Seeing Red+1","floor":24},{"not_picked":["Uppercut+1","Pommel Strike","Fire Breathing"],"picked":"Dual Wield","floor":28},{"not_picked":["Havoc","Blood for Blood","Clothesline"],"picked":"Flame Barrier","floor":31},{"not_picked":["Juggernaut","Barricade","Fiend Fire"],"picked":"Corruption","floor":33},{"not_picked":["Headbutt","Heavy Blade+1","Intimidate","Thunderclap"],"picked":"Singing Bowl","floor":35},{"not_picked":["Heavy Blade+1","Shrug It Off","Anger+1"],"picked":"Blood for Blood+1","floor":36},{"not_picked":["Headbutt","Sword Boomerang","Uppercut","Infernal Blade"],"picked":"Singing Bowl","floor":38},{"not_picked":["Iron Wave+1","Cleave","Anger","Clothesline"],"picked":"Singing Bowl","floor":39},{"not_picked":["Cleave+1","Combust+1","Bloodletting+1"],"picked":"Disarm+1","floor":41},{"not_picked":["Rupture","True Grit","Battle Trance"],"picked":"Evolve","floor":46},{"not_picked":["Cleave+1","Perfected Strike+1","Uppercut+1"],"picked":"True Grit+1","floor":47},{"not_picked":["Power Through+1","Offering","Whirlwind"],"picked":"Feel No Pain","floor":48}],"player_experience":2900331,"relics_obtained":[{"floor":7.0,"key":"Bag of Marbles"},{"floor":9.0,"key":"Mercury Hourglass"},{"floor":14.0,"key":"MealTicket"},{"floor":26,"key":"Ancient Tea Set"},{"floor":28,"key":"Nunchaku"},{"floor":31,"key":"Singing Bowl"},{"floor":41,"key":"Unceasing Top"},{"floor":43,"key":"Turnip"}],"event_choices":[{"damage_healed":0.0,"max_hp_gain":0.0,"max_hp_loss":0.0,"gold_gain":30.0,"event_name":"Dead Adventurer","player_choice":"Searched \u00272\u0027 times","floor":10.0,"gold_loss":0.0,"damage_taken":0.0,"relics_obtained":["Question Card"]},{"damage_healed":0.0,"max_hp_gain":0.0,"max_hp_loss":0.0,"gold_gain":0.0,"event_name":"Scrap Ooze","player_choice":"Fled","floor":12.0,"gold_loss":0.0,"damage_taken":5.0},{"damage_healed":0,"gold_gain":0,"player_choice":"Read","damage_taken":0,"max_hp_gain":0,"max_hp_loss":0,"event_name":"The Library","floor":21,"gold_loss":0,"cards_obtained":["True Grit"]},{"damage_healed":0,"gold_gain":0,"cards_transformed":["Strike_R"],"player_choice":"Transformed","damage_taken":0,"max_hp_gain":0,"max_hp_loss":0,"event_name":"Transmorgrifier","floor":23,"gold_loss":0,"cards_obtained":["Rage"]},{"damage_healed":0,"gold_gain":0,"player_choice":"Upgraded","damage_taken":0,"max_hp_gain":0,"max_hp_loss":0,"event_name":"Upgrade Shrine","floor":44,"gold_loss":0,"cards_upgraded":["Dual Wield"]}],"is_beta":false,"boss_relics":[{"not_picked":["Runic Cube","Runic Dome"],"picked":"Astrolabe"},{"not_picked":["Mark of Pain","Empty Cage"],"picked":"Fusion Hammer"}],"items_purged_floors":[22],"is_endless":false,"potions_floor_spawned":[1,2,4,7,11,19,24,28,38,47,48],"killed_by":"Awakened One","ascension_level":20}}