{"host":"sr8h12zimc8zi8zs","time":1613822713,"event":{"mods":["2.2 Compatiblity","AchievementEnabler","BaseMod","CapriCore","GifTheSpireLib","Minty Spire (QoL Compilation)","Permanent Neow","StSLib"],"gold_per_floor":[111,111,186,186,186,186,205,218,290,317,317,317,16,32,32,133,133,147,166,166,193,207,227,32,32,102,117,117,132,132,142,142,239,239,256,256,256,256,29,29,46,46,70,80,100,118,118,165,165,165,165,165,3,38,38,38],"floor_reached":55,"language":"KOR","playtime":3168,"items_purged":["Doom and Gloom"],"score":667,"play_id":"ba70b0ce-c562-4c9d-a65b-85b087753bda","local_time":"20210220210513","is_ascension_mode":false,"campfire_choices":[{"floor":6.0,"key":"REST"},{"data":"Go for the Eyes","floor":11.0,"key":"SMITH"},{"data":"Zap","floor":15.0,"key":"SMITH"},{"data":"Fusion","floor":25.0,"key":"SMITH"},{"floor":28.0,"key":"RECALL"},{"data":"Recycle","floor":30.0,"key":"SMITH"},{"data":"White Noise","floor":32.0,"key":"SMITH"},{"data":"White Noise","floor":40.0,"key":"SMITH"},{"data":"Dualcast","floor":42.0,"key":"SMITH"},{"data":"Beam Cell","floor":47.0,"key":"SMITH"},{"data":"Go for the Eyes","floor":49.0,"key":"SMITH"},{"data":"Gash","floor":52.0,"key":"SMITH"}],"circlet_count":0,"master_deck":["Strike_B","Strike_B+1","Defend_B","Defend_B","Defend_B+1","Zap+1","Dualcast+1","Go for the Eyes+1","FTL","Go for the Eyes+1","Chill","Reboot","Ball Lightning+1","Fusion+1","Gash+1","Auto Shields","Gash","White Noise+1","Recycle+1","Steam","Core Surge","Double Energy+1","Gash","Beam Cell+1","White Noise+1","Loop+1","Chaos","Go for the Eyes+1"],"relics":["Cracked Core","Strawberry","Unceasing Top","Sozu","DataDisk","Oddly Smooth Stone","Letter Opener","Inserter","Membership Card","Nunchaku","Dream Catcher","Lizard Tail","Vajra"],"acts_visited":["Exordium","TheCity","TheBeyond","TheEnding"],"potions_floor_usage":[55],"damage_taken":[{"damage":0.0,"enemies":"2 Louse","floor":1.0,"turns":2.0},{"damage":6.0,"enemies":"Jaw Worm","floor":7.0,"turns":3.0},{"damage":0.0,"enemies":"Cultist","floor":8.0,"turns":3.0},{"damage":26.0,"enemies":"Gremlin Nob","floor":10.0,"turns":5.0},{"damage":0.0,"enemies":"Looter","floor":14.0,"turns":2.0},{"damage":24.0,"enemies":"Slime Boss","floor":16.0,"turns":9.0},{"damage":0.0,"enemies":"3 Byrds","floor":18.0,"turns":5.0},{"damage":0.0,"enemies":"Chosen","floor":19.0,"turns":3.0},{"damage":6.0,"enemies":"Snake Plant","floor":22.0,"turns":3.0},{"damage":0.0,"enemies":"Snecko","floor":23.0,"turns":4.0},{"damage":0.0,"enemies":"Centurion and Healer","floor":27.0,"turns":3.0},{"damage":0.0,"enemies":"3 Cultists","floor":29.0,"turns":4.0},{"damage":0.0,"enemies":"Shelled Parasite and Fungi","floor":31.0,"turns":3.0},{"damage":14.0,"enemies":"Automaton","floor":33.0,"turns":4.0},{"damage":0.0,"enemies":"3 Darklings","floor":35.0,"turns":1.0},{"damage":0.0,"enemies":"3 Shapes","floor":41.0,"turns":1.0},{"damage":14.0,"enemies":"Writhing Mass","floor":44.0,"turns":4.0},{"damage":0.0,"enemies":"4 Shapes","floor":45.0,"turns":1.0},{"damage":0.0,"enemies":"Sphere and 2 Shapes","floor":46.0,"turns":2.0},{"damage":8.0,"enemies":"Donu and Deca","floor":50.0,"turns":6.0},{"damage":26.0,"enemies":"Shield and Spear","floor":54.0,"turns":4.0},{"damage":4,"enemies":"The Heart","floor":55,"turns":2}],"seed_played":"-1264923706378388035","potions_obtained":[{"floor":7.0,"key":"SpeedPotion"},{"floor":8.0,"key":"Energy Potion"},{"floor":16.0,"key":"Dexterity Potion"}],"is_trial":false,"path_per_floor":["M","$","?","?","?","R","M","M","T","E","R","?","$","M","R","B",null,"M","M","?","T","M","M","$","R","T","M","R","M","R","M","R","B",null,"M","?","?","?","$","R","M","R","T","M","M","M","R","T","R","B",null,"R","$","E","B"],"character_chosen":"DEFECT","items_purchased":["Unceasing Top","Gash","Oddly Smooth Stone","Membership Card","Beam Cell","White Noise","Lizard Tail","Chaos"],"campfire_rested":1,"item_purchase_floors":[13,24,24,39,39,39,53,53],"current_hp_per_floor":[54,54,43,28,28,50,44,44,44,25,25,25,25,25,25,1,82,82,82,82,82,76,76,76,76,76,76,76,76,76,76,76,62,82,82,82,78,78,78,78,78,78,78,64,64,64,64,64,64,56,78,78,78,52,48,48],"gold":38,"neow_bonus":"REMOVE_TWO","is_daily":false,"chose_seed":false,"campfire_upgraded":10,"win_rate":0.0,"timestamp":1613822713,"path_taken":["M","$","?","?","?","R","M","?","T","E","R","?","?","M","R","BOSS","M","?","?","?","M","?","?","R","T","M","R","M","R","M","R","BOSS","M","?","?","?","$","R","M","R","T","M","?","M","R","?","R","BOSS","R","$","E","BOSS"],"items_purchased_type":["Relic","Card","Relic","Relic","Card","Card","Relic","Card"],"build_version":"2020-12-22","purchased_purges":1,"victory":false,"max_hp_per_floor":[75,75,75,75,75,75,75,75,75,82,82,82,82,82,82,82,82,82,82,82,82,82,82,82,82,82,82,82,82,82,82,82,82,82,82,82,78,78,78,78,78,78,78,78,78,78,78,78,78,78,78,78,78,78,78,78],"card_choices":[{"not_picked":["Redo","Leap"],"picked":"Go for the Eyes","floor":1.0},{"not_picked":["Machine Learning","Cold Snap"],"picked":"FTL","floor":7.0},{"not_picked":["Redo","Barrage"],"picked":"Go for the Eyes","floor":8.0},{"not_picked":["Melter","Hello World"],"picked":"Doom and Gloom","floor":10.0},{"not_picked":["Go for the Eyes","Conserve Battery"],"picked":"Chill","floor":14.0},{"not_picked":["Creative AI","Buffer"],"picked":"Reboot","floor":16.0},{"not_picked":["Chaos","Conserve Battery"],"picked":"Ball Lightning+1","floor":18.0},{"not_picked":["Undo","Compile Driver"],"picked":"Fusion","floor":19.0},{"not_picked":["Compile Driver","Sunder+1"],"picked":"Auto Shields","floor":22.0},{"not_picked":["Ball Lightning+1","Coolheaded","Rebound"],"picked":"SKIP","floor":23.0},{"not_picked":["Cold Snap","Reinforced Body"],"picked":"White Noise","floor":27.0},{"not_picked":["Sweeping Beam","Leap"],"picked":"Recycle","floor":29.0},{"not_picked":["Multi-Cast","Undo"],"picked":"Steam","floor":31.0},{"not_picked":["Creative AI","Multi-Cast"],"picked":"Core Surge","floor":33.0},{"not_picked":["Capacitor+1","Force Field+1"],"picked":"Double Energy+1","floor":35.0},{"not_picked":["Leap+1","Storm+1","Conserve Battery+1"],"picked":"SKIP","floor":41.0},{"not_picked":["Force Field","Steam Power","Stack"],"picked":"SKIP","floor":44.0},{"not_picked":["Ball Lightning+1","Force Field+1","Compile Driver"],"picked":"SKIP","floor":45.0},{"not_picked":["Compile Driver","Coolheaded"],"picked":"Loop+1","floor":46.0},{"not_picked":["Steam Power","Self Repair+1"],"picked":"Go for the Eyes+1","floor":54.0}],"player_experience":149275,"relics_obtained":[{"floor":10.0,"key":"Strawberry"},{"floor":21.0,"key":"DataDisk"},{"floor":26.0,"key":"Letter Opener"},{"floor":43.0,"key":"Nunchaku"},{"floor":48.0,"key":"Dream Catcher"},{"floor":54.0,"key":"Vajra"}],"event_choices":[{"damage_healed":0.0,"max_hp_gain":0.0,"max_hp_loss":0.0,"gold_gain":75.0,"event_name":"World of Goop","player_choice":"Gather Gold","floor":3.0,"gold_loss":0.0,"damage_taken":11.0},{"damage_healed":0.0,"max_hp_gain":0.0,"max_hp_loss":0.0,"gold_gain":0.0,"event_name":"Shining Light","player_choice":"Entered Light","floor":4.0,"gold_loss":0.0,"damage_taken":15.0,"cards_upgraded":["Strike_B","Defend_B"]},{"cards_removed":["Defend_B"],"damage_healed":0.0,"max_hp_gain":0.0,"max_hp_loss":0.0,"gold_gain":0.0,"event_name":"Bonfire Elementals","player_choice":"Offered Basic","floor":5.0,"gold_loss":0.0,"damage_taken":0.0},{"damage_healed":0.0,"max_hp_gain":0.0,"max_hp_loss":0.0,"gold_gain":0.0,"event_name":"Scrap Ooze","player_choice":"Fled","floor":12.0,"gold_loss":0.0,"damage_taken":0.0},{"damage_healed":0.0,"max_hp_gain":0.0,"max_hp_loss":0.0,"gold_gain":0.0,"event_name":"The Library","player_choice":"Read","floor":20.0,"gold_loss":0.0,"damage_taken":0.0,"cards_obtained":["Gash"]},{"damage_healed":0.0,"max_hp_gain":0.0,"max_hp_loss":0.0,"gold_gain":0.0,"event_name":"Tomb of Lord Red Mask","player_choice":"Ignored","floor":36.0,"gold_loss":0.0,"damage_taken":0.0},{"damage_healed":0.0,"max_hp_gain":0.0,"max_hp_loss":4.0,"gold_gain":0.0,"event_name":"Winding Halls","player_choice":"Max HP","floor":37.0,"gold_loss":0.0,"damage_taken":0.0},{"damage_healed":0.0,"max_hp_gain":0.0,"max_hp_loss":0.0,"gold_gain":0.0,"event_name":"Duplicator","player_choice":"Copied","floor":38.0,"gold_loss":0.0,"damage_taken":0.0,"cards_obtained":["Gash"]}],"is_beta":false,"boss_relics":[{"not_picked":["Cursed Key","Calling Bell"],"picked":"Sozu"},{"not_picked":["Coffee Dripper","SacredBark"],"picked":"Inserter"}],"items_purged_floors":[39],"is_endless":false,"potions_floor_spawned":[7,8,16,18,22,31,41,45,54],"killed_by":"The Heart","ascension_level":0}}