{"host":"iodn1af76021fjto","time":1613805560,"event":{"mods":["AchievementEnabler","BaseMod","BetterRewards","Colored Map","Downfall","Hermit","Infinite Spire","Jorbs\u0027s Wanderer Trilogy","Minty Spire (QoL Compilation)","Quick Restart","StSLib","SuperFastMode","The Cursed","The Hierophant","The Jungle","The Runesmith","The Servant 0.9.4"],"gold_per_floor":[113,38,54,54,54,84,84,115,115,147,163,163,163],"floor_reached":12,"language":"ENG","playtime":219,"items_purged":[],"score":139,"play_id":"947be26c-3696-4948-9f59-0e667c1f789c","local_time":"20210220021920","is_ascension_mode":true,"campfire_choices":[{"data":"Loop","floor":7,"key":"SMITH"}],"circlet_count":0,"master_deck":["Strike_B","Strike_B","Strike_B","Defend_B","Defend_B","Defend_B","Defend_B","Zap","Dualcast","Rip and Tear","Loop+1","Heatsinks","Ball Lightning","Machine Learning","Ball Lightning"],"relics":["Cracked Core","NeowsBlessing","Pear","Bottled Flame","Gremlin Horn","Pen Nib"],"acts_visited":["Exordium"],"potions_floor_usage":[],"damage_taken":[{"damage":0,"enemies":"Cultist","floor":1,"turns":1},{"damage":0,"enemies":"2 Louse","floor":3,"turns":1},{"damage":0,"enemies":"Lagavulin","floor":6,"turns":1},{"damage":54,"enemies":"3 Sentries","floor":8,"turns":6},{"damage":10,"enemies":"Gremlin Nob","floor":10,"turns":3},{"damage":2,"enemies":"Small Slimes","floor":11,"turns":3},{"damage":25,"enemies":"Lagavulin","floor":12,"turns":3}],"seed_played":"5942577945456581815","potions_obtained":[{"floor":1,"key":"Swift Potion"},{"floor":8,"key":"Block Potion"},{"floor":10,"key":"FearPotion"}],"is_trial":false,"path_per_floor":["M","$","M","?","$","E","R","E","T","E","M","E"],"character_chosen":"DEFECT","items_purchased":["Loop"],"campfire_rested":0,"item_purchase_floors":[2],"current_hp_per_floor":[75,75,75,75,75,85,85,31,31,21,19,0,0],"gold":163,"neow_bonus":"THREE_ENEMY_KILL","is_daily":false,"chose_seed":false,"campfire_upgraded":1,"win_rate":0.0,"timestamp":1613805560,"path_taken":["M","$","M","?","?","E","R","E","T","E","M","E"],"items_purchased_type":["Card"],"build_version":"2020-12-22","purchased_purges":0,"victory":false,"max_hp_per_floor":[75,75,75,75,75,85,85,85,85,85,85,85,85],"card_choices":[{"not_picked":["Ball Lightning","Turbo"],"picked":"Rip and Tear","floor":1},{"not_picked":["Steam Power","Cold Snap"],"picked":"Heatsinks","floor":3},{"not_picked":["Genetic Algorithm","Gash"],"picked":"Ball Lightning","floor":6},{"not_picked":["White Noise","Beam Cell"],"picked":"Machine Learning","floor":8},{"not_picked":["Barrage","Turbo","Gash"],"picked":"SKIP","floor":10},{"not_picked":["Compile Driver","Undo"],"picked":"Ball Lightning","floor":11}],"player_experience":281810,"relics_obtained":[{"floor":6,"key":"Pear"},{"floor":8,"key":"Bottled Flame"},{"floor":9,"key":"Gremlin Horn"},{"floor":10,"key":"Pen Nib"}],"event_choices":[{"cards_removed":["Strike_B"],"damage_healed":0,"gold_gain":0,"player_choice":"Purged","damage_taken":0,"max_hp_gain":0,"max_hp_loss":0,"event_name":"Purifier","floor":4,"gold_loss":0}],"is_beta":false,"boss_relics":[],"items_purged_floors":[],"is_endless":false,"potions_floor_spawned":[1,8,10],"killed_by":"Lagavulin","ascension_level":3}}