{"host":"3n5xmnb54n2y5mb4","time":1613783403,"event":{"mods":["BaseMod","Colored Map","Colored Powertips","Downfall","Minty Spire (QoL Compilation)","Permanent Neow","StSLib","Unceasing Turn Reminder","everything is the same but u backflip on backflip"],"gold_per_floor":[113,39,59,59,7,7,38,38,108,125,159,159,170,170,170,268,268,279,279,279,268,285,285,298,331,331,358,70,70,86,98,98,98,98],"floor_reached":33,"language":"ENG","playtime":1365,"items_purged":["Strike_B"],"score":480,"play_id":"b9889dce-d594-46b5-8556-a123395cab43","local_time":"20210219201003","is_ascension_mode":true,"campfire_choices":[{"data":"Reprogram","floor":6.0,"key":"SMITH"},{"data":"Hologram","floor":8,"key":"SMITH"},{"floor":12,"key":"REST"},{"data":"Hologram","floor":15,"key":"SMITH"},{"data":"Machine Learning","floor":23,"key":"SMITH"},{"data":"Steam","floor":29,"key":"SMITH"},{"data":"Streamline","floor":32,"key":"SMITH"}],"circlet_count":0,"master_deck":["AscendersBane","Strike_B","Strike_B","Strike_B","Defend_B","Defend_B","Defend_B","Defend_B","Dualcast","Reprogram+1","FTL","Steam+1","Gash","Leap","Hologram+1","Hologram+1","Reprogram","Machine Learning+1","Streamline+1","Gash","All For One","Finesse"],"relics":["Cracked Core","NeowsBlessing","Bronze Scales","Question Card","Akabeko","Eternal Feather","Coffee Dripper","Nilry\u0027s Codex","Red Mask","CeramicFish","Mummified Hand"],"acts_visited":["Exordium","TheCity"],"potions_floor_usage":[11,21,27,30,33],"damage_taken":[{"damage":0.0,"enemies":"Cultist","floor":1.0,"turns":1.0},{"damage":0.0,"enemies":"Jaw Worm","floor":3.0,"turns":1.0},{"damage":0.0,"enemies":"Lagavulin","floor":7.0,"turns":2.0},{"damage":0,"enemies":"Small Slimes","floor":10,"turns":3},{"damage":38,"enemies":"Gremlin Nob","floor":11,"turns":3},{"damage":0,"enemies":"3 Louse","floor":13,"turns":3},{"damage":43,"enemies":"The Guardian","floor":16,"turns":13},{"damage":0,"enemies":"Chosen","floor":18,"turns":5},{"damage":4,"enemies":"2 Thieves","floor":21,"turns":4},{"damage":5,"enemies":"Sentry and Sphere","floor":22,"turns":4},{"damage":23,"enemies":"Centurion and Healer","floor":24,"turns":6},{"damage":32,"enemies":"Masked Bandits","floor":25,"turns":4},{"damage":8,"enemies":"Gremlin Leader","floor":27,"turns":7},{"damage":0,"enemies":"3 Cultists","floor":30,"turns":5},{"damage":8,"enemies":"Shelled Parasite and Fungi","floor":31,"turns":4},{"damage":39,"enemies":"Automaton","floor":33,"turns":6}],"seed_played":"8506105217821664076","potions_obtained":[{"floor":3.0,"key":"CultistPotion"},{"floor":10,"key":"AttackPotion"},{"floor":16,"key":"DistilledChaos"},{"floor":22,"key":"Ancient Potion"},{"floor":27,"key":"Dexterity Potion"},{"floor":31,"key":"GamblersBrew"}],"is_trial":false,"path_per_floor":["M","$","M","?","$","R","E","R","T","M","E","R","M","T","R","B",null,"M","?","?","M","M","R","M","?","T","E","$","R","M","M","R","B"],"character_chosen":"DEFECT","items_purchased":["FTL","Leap","All For One","Finesse"],"campfire_rested":1,"item_purchase_floors":[2,5,28,28],"current_hp_per_floor":[68,68,68,68,68,68,68,68,68,68,30,52,52,52,61,25,63,70,54,75,71,66,75,52,20,20,12,12,24,24,16,28,0,0],"gold":98,"neow_bonus":"THREE_ENEMY_KILL","is_daily":false,"chose_seed":false,"campfire_upgraded":6,"win_rate":0.0,"timestamp":1613783403,"path_taken":["M","$","?","?","$","R","E","R","T","M","E","R","M","?","R","BOSS","M","?","?","M","?","R","M","?","T","E","$","R","M","M","R","BOSS"],"items_purchased_type":["Card","Card","Card","Card"],"build_version":"2020-12-22","purchased_purges":1,"victory":false,"max_hp_per_floor":[75,75,75,75,75,75,75,75,75,75,75,75,75,75,75,75,75,75,75,75,75,75,75,75,75,75,75,75,75,75,75,75,75,75],"card_choices":[{"not_picked":["Compile Driver","Beam Cell"],"picked":"Reprogram","floor":1.0},{"not_picked":["Doom and Gloom","Redo"],"picked":"Steam","floor":3.0},{"not_picked":["Conserve Battery","Rebound"],"picked":"Hologram","floor":7},{"not_picked":["Cold Snap","Storm","Compile Driver"],"picked":"Hologram","floor":10},{"not_picked":["Darkness","Chill","Ball Lightning"],"picked":"Self Repair","floor":11},{"not_picked":["Tempest","Heatsinks","Echo Form"],"picked":"Reprogram","floor":13},{"not_picked":["Electrodynamics","Buffer","Rainbow"],"picked":"Machine Learning","floor":16},{"not_picked":["Sweeping Beam","Go for the Eyes","Conserve Battery"],"picked":"Streamline","floor":18},{"not_picked":["Leap","Consume","Compile Driver","Ball Lightning"],"picked":"SKIP","floor":21},{"not_picked":["Stack","Force Field","Sweeping Beam"],"picked":"Gash","floor":22},{"not_picked":["Streamline","Reprogram","Recycle","Steam Power"],"picked":"SKIP","floor":24},{"not_picked":["Redo","Tempest","Storm","Doom and Gloom+1"],"picked":"SKIP","floor":27},{"not_picked":["Hyperbeam","Compile Driver","Cold Snap","Ball Lightning"],"picked":"SKIP","floor":30},{"not_picked":["Doom and Gloom","Genetic Algorithm","Chill","Coolheaded"],"picked":"SKIP","floor":31}],"player_experience":1119171,"relics_obtained":[{"floor":7,"key":"Bronze Scales"},{"floor":9,"key":"Question Card"},{"floor":11,"key":"Akabeko"},{"floor":14,"key":"Eternal Feather"},{"floor":19,"key":"Nilry\u0027s Codex"},{"floor":25,"key":"Red Mask"},{"floor":26,"key":"CeramicFish"},{"floor":27,"key":"Mummified Hand"}],"event_choices":[{"damage_healed":0.0,"max_hp_gain":0.0,"max_hp_loss":0.0,"gold_gain":0.0,"cards_transformed":["Zap"],"event_name":"Transmorgrifier","player_choice":"Transformed","floor":4.0,"gold_loss":0.0,"damage_taken":0.0,"cards_obtained":["Gash"]},{"damage_healed":0,"gold_gain":0,"player_choice":"Obtained Book","damage_taken":16,"max_hp_gain":0,"max_hp_loss":0,"event_name":"Cursed Tome","floor":19,"gold_loss":0},{"cards_removed":["Self Repair"],"damage_healed":21,"gold_gain":0,"player_choice":"Offered Uncommon","damage_taken":0,"max_hp_gain":0,"max_hp_loss":0,"event_name":"Bonfire Elementals","floor":20,"gold_loss":0},{"damage_healed":0,"gold_gain":0,"player_choice":"Fought Bandits","damage_taken":0,"max_hp_gain":0,"max_hp_loss":0,"event_name":"Masked Bandits","floor":25,"gold_loss":0}],"is_beta":false,"boss_relics":[{"not_picked":["Snecko Eye","Velvet Choker"],"picked":"Coffee Dripper"}],"items_purged_floors":[28],"is_endless":false,"potions_floor_spawned":[3,10,16,22,25,27,31],"killed_by":"Automaton","ascension_level":12}}