{"host":"8g24zuco0epbjwbo","time":1613801886,"event":{"mods":["BaseMod","Downfall","Minty Spire (QoL Compilation)","Relic Stats","StSLib"],"gold_per_floor":[99,118,218,90,90,105,129,161,179,189,27,27,27,58,69,69,69,69],"floor_reached":16,"language":"ENG","playtime":485,"items_purged":["bronze:Defend"],"score":116,"play_id":"55cc637f-25b0-4b49-ab3d-35a9a663e8e0","local_time":"20210220011806","is_ascension_mode":true,"campfire_choices":[{"data":"bronze:Replicate","floor":1,"key":"SMITH"},{"floor":13,"key":"RECALL"}],"circlet_count":0,"master_deck":["bronze:Strike","bronze:Strike","bronze:Strike","bronze:Defend","bronze:Defend","bronze:Defend","bronze:Replicate+1","bronze:Goto","bronze:Boost","bronze:BuggyMess","bronze:Repulsor","bronze:Overheat","bronze:Hardcode","bronze:WildBeam","bronze:Fortify","bronze:OilSpill","bronze:DigitalCarnage"],"relics":["bronze:BronzeCore","Vajra","Nunchaku","Smiling Mask","hexamod:BolsterEngine","Bag of Preparation","Bronze Scales"],"acts_visited":["Exordium"],"potions_floor_usage":[15,16],"damage_taken":[{"damage":0,"enemies":"Small Slimes","floor":2,"turns":4},{"damage":0,"enemies":"downfall:FleeingMerchant","floor":4,"turns":4},{"damage":1,"enemies":"Jaw Worm","floor":6,"turns":3},{"damage":14,"enemies":"Gremlin Nob","floor":8,"turns":4},{"damage":0,"enemies":"Cultist","floor":9,"turns":2},{"damage":5,"enemies":"Red Slaver","floor":10,"turns":5},{"damage":0,"enemies":"downfall:FleeingMerchant","floor":11,"turns":4},{"damage":30,"enemies":"Lagavulin","floor":14,"turns":5},{"damage":0,"enemies":"Exordium Thugs","floor":15,"turns":3},{"damage":21,"enemies":"WA_ARCHETYPE_RETAIN","floor":16,"turns":4}],"seed_played":"-5630883778973500172","potions_obtained":[{"floor":6,"key":"Fruit Juice"},{"floor":8,"key":"GamblersBrew"},{"floor":14,"key":"Fire Potion"}],"is_trial":false,"path_per_floor":["R","M","?","$","?","M","T","E","M","M","$","T","R","E","M","B"],"character_chosen":"THE_AUTOMATON","items_purchased":["bronze:Repulsor","hexamod:BolsterEngine"],"campfire_rested":0,"item_purchase_floors":[4,11],"current_hp_per_floor":[70,70,70,70,70,69,69,55,55,50,50,50,50,20,20,0,0,0],"gold":69,"neow_bonus":"RANDOM_COMMON_RELIC","is_daily":false,"chose_seed":false,"campfire_upgraded":1,"win_rate":0.0,"timestamp":1613801886,"path_taken":["R","M","?","$","?","?","T","E","M","M","?","?","R","E","M","BOSS"],"items_purchased_type":["Card","Relic"],"build_version":"2020-12-22","purchased_purges":1,"victory":false,"max_hp_per_floor":[70,70,70,70,70,70,70,70,70,70,70,70,70,70,70,70,70,70],"relic_stats":{"Nunchaku":[5],"counters":[10,38],"Bronze Scales":[12],"Bag of Preparation":[6],"Smiling Mask":0,"obtain_stats":[{"Nunchaku":7,"bronze:BronzeCore":0,"Bronze Scales":14,"Vajra":0,"Bag of Preparation":12,"hexamod:BolsterEngine":11,"Smiling Mask":8},{"Nunchaku":3,"bronze:BronzeCore":0,"Bronze Scales":8,"Vajra":0,"Bag of Preparation":7,"hexamod:BolsterEngine":7,"Smiling Mask":4},{"Nunchaku":11,"bronze:BronzeCore":0,"Bronze Scales":31,"Vajra":0,"Bag of Preparation":26,"hexamod:BolsterEngine":26,"Smiling Mask":15}]},"card_choices":[{"not_picked":["bronze:Shield","bronze:Separator"],"picked":"bronze:Boost","floor":2},{"not_picked":["bronze:Overheat","bronze:Invalidate"],"picked":"bronze:BuggyMess","floor":4},{"not_picked":["bronze:ForLoop","bronze:BugBarrage"],"picked":"bronze:Overheat","floor":6},{"not_picked":["bronze:BronzeOrb","bronze:Turbo"],"picked":"bronze:Hardcode","floor":8},{"not_picked":["bronze:Shield","bronze:BitShift"],"picked":"bronze:WildBeam","floor":9},{"not_picked":["bronze:CutThrough","bronze:Backtrace"],"picked":"bronze:Fortify","floor":10},{"not_picked":["bronze:DelayedGuard","bronze:ShipIt","bronze:BitShift"],"picked":"SKIP","floor":11},{"not_picked":["bronze:NullPointer","bronze:Flail"],"picked":"bronze:OilSpill","floor":14},{"not_picked":["bronze:Allocate","bronze:Backtrace"],"picked":"bronze:DigitalCarnage","floor":15}],"player_experience":512793,"relics_obtained":[{"floor":7,"key":"Nunchaku"},{"floor":8,"key":"Smiling Mask"},{"floor":12,"key":"Bag of Preparation"},{"floor":14,"key":"Bronze Scales"}],"event_choices":[{"cards_removed":["bronze:Strike"],"damage_healed":0,"gold_gain":0,"player_choice":"Offered Basic","damage_taken":0,"max_hp_gain":0,"max_hp_loss":0,"event_name":"Bonfire Elementals","floor":5,"gold_loss":0}],"is_beta":false,"boss_relics":[],"items_purged_floors":[4],"is_endless":false,"potions_floor_spawned":[6,8,14],"killed_by":"WA_ARCHETYPE_RETAIN","ascension_level":1}}