{"host":"sxnl403xm2xmiyj1","time":1613829078,"event":{"mods":["BaseMod","Colored Map","Keyboard Shortcuts","Koishi","Minty Spire (QoL Compilation)","Quick Restart","StSLib","SuperFastMode"],"gold_per_floor":[219,219,39,39,52,52,52,82,109,109,109,109],"floor_reached":11,"language":"KOR","playtime":181,"items_purged":["Koishi:BasicStrike"],"score":131,"play_id":"e6a87506-bb76-41ba-b82f-20e09ba31829","local_time":"20210220225118","is_ascension_mode":true,"campfire_choices":[{"data":"Koishi:CatchAndRose","floor":6.0,"key":"SMITH"},{"floor":10,"key":"REST"}],"circlet_count":0,"master_deck":["AscendersBane","Koishi:BasicStrike","Koishi:BasicStrike","Koishi:BasicDefend","Koishi:BasicDefend","Koishi:BasicDefend","Koishi:BasicDefend","Koishi:Provoke","Koishi:HauntingSlash","Koishi:ReflexRadar","Koishi:CatchAndRose+1","Koishi:UnconsciousUrges","Koishi:EmbryosDream","Koishi:Untouchable"],"relics":["Koishi:ImaginaryFriend","Mummified Hand","Nunchaku"],"acts_visited":["Exordium"],"potions_floor_usage":[8],"damage_taken":[{"damage":12.0,"enemies":"Cultist","floor":1.0,"turns":5.0},{"damage":8.0,"enemies":"2 Louse","floor":5.0,"turns":6.0},{"damage":34,"enemies":"Gremlin Nob","floor":8,"turns":7},{"damage":17,"enemies":"3 Sentries","floor":11,"turns":9}],"seed_played":"5603438977925005693","potions_obtained":[{"floor":5.0,"key":"FearPotion"}],"is_trial":false,"path_per_floor":["M","?","$","?","M","R","?","E","T","R","E"],"character_chosen":"KOISHI","items_purchased":["Koishi:CatchAndRose","Koishi:UnconsciousUrges"],"campfire_rested":1,"item_purchase_floors":[3,3],"current_hp_per_floor":[42,42,42,47,40,40,40,6,6,24,7,7],"gold":109,"neow_bonus":"HUNDRED_GOLD","is_daily":false,"chose_seed":false,"campfire_upgraded":1,"win_rate":0.0,"timestamp":1613829078,"path_taken":["M","?","$","?","M","R","?","E","T","R","E"],"items_purchased_type":["Card","Card"],"build_version":"2020-12-22","purchased_purges":1,"victory":false,"max_hp_per_floor":[57,57,57,62,62,62,62,62,62,62,62,62],"card_choices":[{"not_picked":["Koishi:EmbryosDream","Koishi:Whimsy"],"picked":"Koishi:ReflexRadar","floor":1.0},{"not_picked":["Koishi:RacingHeart","Koishi:Vanish"],"picked":"Koishi:EmbryosDream","floor":5.0},{"not_picked":["Koishi:EmbryosDream","Koishi:PhantomStrike"],"picked":"Koishi:Untouchable","floor":8}],"player_experience":283932,"relics_obtained":[{"floor":8,"key":"Mummified Hand"},{"floor":9,"key":"Nunchaku"}],"event_choices":[{"cards_removed":["Koishi:BasicStrike"],"damage_healed":0.0,"max_hp_gain":0.0,"max_hp_loss":0.0,"gold_gain":0.0,"event_name":"Living Wall","player_choice":"Forget","floor":2.0,"gold_loss":0.0,"damage_taken":0.0},{"damage_healed":0.0,"max_hp_gain":5.0,"max_hp_loss":0.0,"gold_gain":0.0,"event_name":"Big Fish","player_choice":"Donut","floor":4.0,"gold_loss":0.0,"damage_taken":0.0},{"damage_healed":0.0,"max_hp_gain":0.0,"max_hp_loss":0.0,"gold_gain":0.0,"event_name":"Dead Adventurer","player_choice":"Searched \u00270\u0027 times","floor":7.0,"gold_loss":0.0,"damage_taken":0.0}],"is_beta":false,"boss_relics":[],"items_purged_floors":[3],"is_endless":false,"potions_floor_spawned":[5],"killed_by":"3 Sentries","ascension_level":18}}