{"host":"sfkslwp4t49i7lrt","time":1613853514,"event":{"mods":["Act Like it!","BaseMod","Bestiary","Block Reminder","Downfall","Friendly Minions","Gensokyo","Highlight Path","Lobotomy","Minty Spire (QoL Compilation)","Relic Stats","Ruina","Spire Arcade","StSLib","TheSurvivalist","Wide Potions","everything is the same but u backflip on backflip","slay the spire mod where everything is the same but ironclad has a cowboy hat"],"gold_per_floor":[112,131,131,142,161,161,180,211,211,58,71,97,117,132,132,232,232,246,246,246,2,18,18,18,18],"floor_reached":24,"language":"ENG","playtime":1141,"items_purged":["survmod:Strike"],"score":210,"play_id":"02ec433a-4e21-4c11-bc69-36ca5768533a","local_time":"20210221033834","is_ascension_mode":false,"campfire_choices":[{"data":"survmod:HailOfArrows","floor":6,"key":"SMITH"},{"floor":15,"key":"REST"},{"data":"survmod:AcidArrow","floor":23,"key":"SMITH"}],"circlet_count":0,"master_deck":["survmod:Strike","survmod:Strike","survmod:Strike","survmod:Defend","survmod:Defend","survmod:Defend","survmod:Defend","survmod:VersatileOffense","survmod:Sprint","survmod:LeapingShot","survmod:HailOfArrows+1","survmod:FocusedFire","survmod:ExplosiveTrap","survmod:GoForFace","survmod:PenetratingShot","survmod:FlashbangShot","survmod:AcidArrow+1","survmod:QuickDash","survmod:MarkedShot","ruina:Thirst","ruina:CobaltScar+1","survmod:DuckAndFlare","survmod:PiercingShot"],"relics":["survmod:AdvancedEvolution","Bag of Marbles","Pantograph","Frozen Egg 2","ruina:Prescript","Membership Card"],"acts_visited":["Exordium","ruina:Briah"],"potions_floor_usage":[24],"damage_taken":[{"damage":0,"enemies":"Small Slimes","floor":1,"turns":4},{"damage":0,"enemies":"Cultist","floor":2,"turns":3},{"damage":0,"enemies":"Jaw Worm","floor":4,"turns":3},{"damage":0,"enemies":"Large Slime","floor":5,"turns":5},{"damage":9,"enemies":"Gremlin Gang","floor":7,"turns":2},{"damage":10,"enemies":"Lagavulin","floor":8,"turns":6},{"damage":0,"enemies":"3 Louse","floor":11,"turns":3},{"damage":13,"enemies":"Gremlin Nob","floor":12,"turns":4},{"damage":1,"enemies":"Red Slaver","floor":13,"turns":3},{"damage":0,"enemies":"2 Fungi Beasts","floor":14,"turns":1},{"damage":1,"enemies":"Slime Boss","floor":16,"turns":9},{"damage":12,"enemies":"ruina:BadWolf","floor":18,"turns":5},{"damage":12,"enemies":"ruina:Nosferatu","floor":22,"turns":5},{"damage":29,"enemies":"ruina:Mountain","floor":24,"turns":3}],"seed_played":"6926130158103027608","potions_obtained":[{"floor":1,"key":"PowerPotion"},{"floor":4,"key":"Ancient Potion"},{"floor":16,"key":"SpeedPotion"}],"is_trial":false,"path_per_floor":["M","M","?","M","M","R","M","E","T","$","M","E","M","M","R","B",null,"M","?","?","$","M","R","E"],"character_chosen":"THE_SURVIVOR","items_purchased":["survmod:AcidArrow","Membership Card","ruina:CobaltScar+1","survmod:DuckAndFlare"],"campfire_rested":1,"item_purchase_floors":[10,21,21,21],"current_hp_per_floor":[50,50,50,50,50,50,41,31,31,31,31,18,17,17,32,49,50,38,38,38,38,26,26,0,0],"gold":18,"neow_bonus":"ONE_RANDOM_RARE_CARD","is_daily":false,"chose_seed":false,"campfire_upgraded":2,"win_rate":0.0,"timestamp":1613853514,"path_taken":["M","M","?","M","M","R","M","E","T","?","M","E","M","M","R","BOSS","M","?","?","$","?","R","E"],"items_purchased_type":["Card","Relic","Card","Card"],"build_version":"2020-12-22","purchased_purges":1,"victory":false,"max_hp_per_floor":[50,50,50,50,50,50,50,50,50,50,50,50,50,50,50,50,50,50,46,46,46,46,46,46,46],"relic_stats":{"counters":[14,54],"Pantograph":18,"obtain_stats":[{"Pantograph":9,"ruina:Prescript":20,"Bag of Marbles":8,"survmod:AdvancedEvolution":17,"Membership Card":21,"survmod:InnateMutation":0,"Frozen Egg 2":12},{"Pantograph":6,"ruina:Prescript":12,"Bag of Marbles":6,"survmod:AdvancedEvolution":11,"Membership Card":12,"survmod:InnateMutation":0,"Frozen Egg 2":8},{"Pantograph":22,"ruina:Prescript":46,"Bag of Marbles":22,"survmod:AdvancedEvolution":42,"Membership Card":46,"survmod:InnateMutation":0,"Frozen Egg 2":29}]},"card_choices":[{"not_picked":["survmod:BearTrap","survmod:SimpleMutation"],"picked":"survmod:HailOfArrows","floor":1},{"not_picked":["survmod:SimpleMutation","survmod:LongShot"],"picked":"survmod:FocusedFire","floor":2},{"not_picked":["survmod:AimForTheLiver","survmod:MarkedShot"],"picked":"survmod:ExplosiveTrap","floor":4},{"not_picked":["survmod:SimpleMutation","survmod:FenceTrap"],"picked":"survmod:GoForFace","floor":5},{"not_picked":["survmod:NockAnArrow","survmod:Exploit"],"picked":"survmod:PenetratingShot","floor":7},{"not_picked":["survmod:BendAndBow","survmod:OverwhelmingAssault"],"picked":"survmod:FlashbangShot","floor":8},{"not_picked":["survmod:SurpriseTrap","survmod:MarkTrap","survmod:FenceTrap"],"picked":"SKIP","floor":11},{"not_picked":["survmod:SimpleMutation","survmod:Decoy","survmod:NockAnArrow"],"picked":"SKIP","floor":12},{"not_picked":["survmod:AcidTrap","survmod:TwinShot","survmod:OverwhelmingAssault+1"],"picked":"SKIP","floor":13},{"not_picked":["survmod:ExplosiveTrap","survmod:SimpleMutation"],"picked":"survmod:QuickDash","floor":14},{"not_picked":["survmod:BearTrap","survmod:FocusedFire"],"picked":"survmod:MarkedShot","floor":18},{"not_picked":["ruina:SwordSharpened","ruina:Harvest"],"picked":"ruina:Thirst","floor":19},{"not_picked":["survmod:GoForFace+1","survmod:FlashbangTrap+1"],"picked":"survmod:PiercingShot","floor":22}],"player_experience":467762,"relics_obtained":[{"floor":8,"key":"Bag of Marbles"},{"floor":9,"key":"Pantograph"},{"floor":12,"key":"Frozen Egg 2"}],"event_choices":[{"damage_healed":0,"gold_gain":0,"player_choice":"Full Heal","damage_taken":0,"max_hp_gain":0,"max_hp_loss":0,"event_name":"Wheel of Change","floor":3,"gold_loss":0}],"is_beta":false,"boss_relics":[{"not_picked":["Ectoplasm","Runic Dome"],"picked":"survmod:AdvancedEvolution"}],"items_purged_floors":[10],"is_endless":false,"potions_floor_spawned":[1,4,11,16,22],"killed_by":"ruina:Mountain","ascension_level":0}}