{"host":"nug5xkek4sujf8as","time":1613802640,"event":{"mods":["Act Like it!","Aspiration","BaseMod","Booster Modes","CapriCore","Colored Powertips","Conspire","Energized Spire","Gensokyo","Minty Spire (QoL Compilation)","Permanent Neow","Quick Restart","Replay The Spire","Shop Mod","Spicy Shops","StSLib","【功能Mod】混沌之环修复补丁","【遗物卡牌】REMEMod","篝火指南"],"gold_per_floor":[113,127,140,140,158,189,200,200,200,200,220,220,230,290,20,20,20],"floor_reached":16,"language":"ZHS","playtime":549,"items_purged":[],"score":208,"play_id":"e717d874-544c-482a-98d0-eb6df7197a16","local_time":"20210220143040","is_ascension_mode":true,"campfire_choices":[{"data":"Bludgeon","floor":8.0,"key":"SMITH"}],"circlet_count":0,"master_deck":["AscendersBane","Strike_R","Strike_R","Strike_R","Strike_R","Strike_R","Defend_R","Defend_R","Defend_R","Defend_R","Bash","Bludgeon+1","Headbutt","True Grit","Warcry","Flex+1","Offering","Shrug It Off","Feed"],"relics":["Burning Blood","REME_ComplimentaryCards","aspiration:Nostalgia","Ring of the Snake","ReplayTheSpireMod:TigerMarble","Replay:Ringing Soul","Strawberry","The Courier"],"acts_visited":["Exordium"],"potions_floor_usage":[16,16],"damage_taken":[{"damage":6.0,"enemies":"Cultist","floor":1.0,"turns":3.0},{"damage":6.0,"enemies":"2 Louse","floor":2.0,"turns":4.0},{"damage":0.0,"enemies":"Jaw Worm","floor":3.0,"turns":3.0},{"damage":21.0,"enemies":"Exordium Thugs","floor":5.0,"turns":5.0},{"damage":25.0,"enemies":"3 Sentries","floor":6.0,"turns":9.0},{"damage":20.0,"enemies":"Large Slime","floor":7.0,"turns":6.0},{"damage":4.0,"enemies":"Gremlin Gang","floor":11.0,"turns":4.0},{"damage":11.0,"enemies":"Looter","floor":13.0,"turns":2.0},{"damage":26.0,"enemies":"Lagavulin Event","floor":14.0,"turns":4.0},{"damage":31,"enemies":"Fading Forest","floor":16,"turns":7}],"seed_played":"-8764287338539266590","potions_obtained":[{"floor":1.0,"key":"Elixir"},{"floor":3.0,"key":"BlessingOfTheForge"},{"floor":7.0,"key":"Adrenaline Potion"},{"floor":10.0,"key":"Flashbang"},{"floor":11.0,"key":"Elixir"},{"floor":14.0,"key":"HeartOfIron"}],"is_trial":false,"path_per_floor":["M","M","M","?","M","E","M","R","T","?","M","?","M","?","R","B"],"character_chosen":"IRONCLAD","items_purchased":["The Courier"],"campfire_rested":0,"item_purchase_floors":[15],"current_hp_per_floor":[68,68,74,79,64,45,31,31,31,31,33,33,31,21,21,0,0],"gold":20,"neow_bonus":"NOSTALGIA","is_daily":false,"chose_seed":false,"campfire_upgraded":1,"win_rate":0.0,"timestamp":1613802640,"path_taken":["M","M","?","?","M","E","M","R","T","?","?","?","?","?","R","BOSS"],"items_purchased_type":["Relic"],"build_version":"2020-12-22","purchased_purges":0,"victory":false,"max_hp_per_floor":[75,75,75,80,80,80,80,80,80,80,80,80,83,93,93,93,93],"card_choices":[{"not_picked":["Entrench","Twin Strike"],"picked":"Headbutt","floor":1.0},{"not_picked":["Flame Barrier","Twin Strike"],"picked":"True Grit","floor":2.0},{"not_picked":["Havoc","Replay:Undeath\u0027s Touch","Run Through"],"picked":"SKIP","floor":3.0},{"not_picked":["Pummel","Replay:Undeath\u0027s Touch"],"picked":"Warcry","floor":5.0},{"not_picked":["Headbutt","Sword Boomerang"],"picked":"Flex","floor":6.0},{"not_picked":["Clash","Warcry"],"picked":"Offering","floor":7.0},{"not_picked":["Replay:Undeath\u0027s Touch","Defy Death","Run Through"],"picked":"SKIP","floor":11.0},{"not_picked":["Havoc","Heavy Blade"],"picked":"Shrug It Off","floor":13.0},{"not_picked":["Clothesline","Body Slam"],"picked":"Feed","floor":14.0}],"player_experience":828973,"relics_obtained":[{"floor":6.0,"key":"ReplayTheSpireMod:TigerMarble"},{"floor":9.0,"key":"Replay:Ringing Soul"},{"floor":14.0,"key":"Strawberry"}],"event_choices":[{"damage_healed":0.0,"max_hp_gain":5.0,"max_hp_loss":0.0,"gold_gain":0.0,"event_name":"Big Fish","player_choice":"Donut","floor":4.0,"gold_loss":0.0,"damage_taken":0.0},{"damage_healed":0.0,"max_hp_gain":0.0,"max_hp_loss":0.0,"gold_gain":0.0,"event_name":"Lab","player_choice":"Got Potions","floor":10.0,"gold_loss":0.0,"damage_taken":0.0},{"damage_healed":0.0,"max_hp_gain":0.0,"max_hp_loss":0.0,"gold_gain":0.0,"event_name":"Upgrade Shrine","player_choice":"Upgraded","floor":12.0,"gold_loss":0.0,"damage_taken":0.0,"cards_upgraded":["Flex"]},{"damage_healed":0.0,"max_hp_gain":0.0,"max_hp_loss":0.0,"gold_gain":0.0,"event_name":"Dead Adventurer","player_choice":"Searched \u00272\u0027 times","floor":14.0,"gold_loss":0.0,"damage_taken":0.0}],"is_beta":false,"boss_relics":[],"items_purged_floors":[],"is_endless":false,"potions_floor_spawned":[1,3,5,7,11,14],"killed_by":"Fading Forest","ascension_level":20}}