{"host":"xc18ixkpjvqrt8st","time":1613792664,"event":{"mods":["Act Like it!","BaseMod","Better Match","Better Third Choice","Conspire","Hallownest","Hermit","Hubris","Jorbs\u0027s Wanderer Trilogy","Minty Spire (QoL Compilation)","Reliquary","Robot Space Explorer","Shade Mod","Shop Mod","Spicy Shops","Spire Arcade","StSLib","The Jungle","The Sage"],"gold_per_floor":[110,110,110,19,39,39,55,55,55,55,68,104,4,27,27,27,27],"floor_reached":16,"language":"ENG","playtime":540,"items_purged":[],"score":100,"play_id":"58af8367-a6fe-4e26-8014-61005fb5bbc3","local_time":"20210219214424","is_ascension_mode":false,"campfire_choices":[{"floor":6,"key":"RECALL"},{"data":"Shade:AnimateDead","floor":8,"key":"SMITH"},{"floor":10,"key":"REST"},{"floor":15,"key":"DIG"}],"circlet_count":0,"master_deck":["Shade:Strike_Shade","Shade:Strike_Shade+1","Shade:Strike_Shade+1","Shade:Strike_Shade","Shade:Defend_Shade","Shade:Defend_Shade","Shade:Defend_Shade","Shade:Defend_Shade","Shade:AnimateDead+1","Shade:CarefulCut","Shade:WallOfFlesh","Injury","Shade:ClawBack","Shade:GraveStillness","Shade:Frenzy","Shade:OneIsEnough","Ghostly","Shade:FreshBones"],"relics":["Shade:YorickSkull","NeowsBlessing","Golden Idol","hubris:64BitClover","Eternal Feather","Shovel","hubris:PeanutButter"],"acts_visited":["Exordium"],"potions_floor_usage":[16,16],"damage_taken":[{"damage":0,"enemies":"2 Louse","floor":1,"turns":1},{"damage":0,"enemies":"Small Slimes","floor":5,"turns":1},{"damage":0,"enemies":"conspire:RoseBush","floor":7,"turns":1},{"damage":0,"enemies":"Blue Slaver","floor":11,"turns":4},{"damage":21,"enemies":"3 Sentries","floor":12,"turns":13},{"damage":0,"enemies":"Large Slime","floor":14,"turns":6},{"damage":56,"enemies":"Hexaghost","floor":16,"turns":16}],"seed_played":"-5186426249213171733","potions_obtained":[{"floor":5,"key":"FearPotion"},{"floor":12,"key":"Weak Potion"}],"is_trial":false,"path_per_floor":["M","?","?","$","M","R","M","R","T","R","M","E","?","M","R","B"],"character_chosen":"SHADE","items_purchased":["hubris:64BitClover"],"campfire_rested":1,"item_purchase_floors":[4],"current_hp_per_floor":[65,52,52,52,52,52,52,52,52,65,65,44,44,44,53,0,0],"gold":27,"neow_bonus":"THREE_ENEMY_KILL","is_daily":false,"chose_seed":false,"campfire_upgraded":1,"win_rate":0.0,"timestamp":1613792664,"path_taken":["M","?","?","$","M","R","M","R","T","R","M","E","?","M","R","BOSS"],"items_purchased_type":["Relic"],"build_version":"2020-12-22","purchased_purges":0,"victory":false,"max_hp_per_floor":[65,65,65,65,65,65,65,65,65,65,65,65,65,65,65,65,65],"card_choices":[{"not_picked":["Shade:GraveStillness","Shade:CloudOfShrapnel"],"picked":"Shade:WallOfFlesh","floor":1},{"not_picked":["Shade:StitchTogether","Shade:Trample"],"picked":"Shade:ClawBack","floor":5},{"not_picked":["Shade:FuneraryArmor","Shade:FeralStrike"],"picked":"Shade:GraveStillness","floor":7},{"not_picked":["Shade:SanguineRitual","Shade:PotionOfRestlessness"],"picked":"Shade:Frenzy","floor":11},{"not_picked":["Shade:Doomsay","Shade:ClawBack"],"picked":"Shade:OneIsEnough","floor":12},{"not_picked":["Shade:ClawBack","Shade:FuneraryArmor"],"picked":"Shade:FreshBones","floor":14}],"player_experience":525173,"relics_obtained":[{"floor":9,"key":"Eternal Feather"},{"floor":12,"key":"Shovel"},{"floor":15,"key":"hubris:PeanutButter"}],"event_choices":[{"damage_healed":65,"gold_gain":0,"player_choice":"Upgrade","damage_taken":13,"max_hp_gain":0,"max_hp_loss":65,"event_name":"betterThird:BetterShining","floor":2,"gold_loss":0,"cards_upgraded":["Shade:Strike_Shade","Shade:Strike_Shade"]},{"damage_healed":0,"gold_gain":0,"player_choice":"Take Wound","damage_taken":0,"relics_obtained":["Golden Idol"],"max_hp_gain":0,"max_hp_loss":0,"event_name":"Golden Idol","floor":3,"gold_loss":0,"cards_obtained":["Injury"]},{"damage_healed":0,"gold_gain":0,"player_choice":"Argue","damage_taken":0,"max_hp_gain":0,"max_hp_loss":0,"event_name":"conspire:LoneGhost","floor":13,"gold_loss":0}],"is_beta":false,"boss_relics":[],"items_purged_floors":[],"is_endless":false,"potions_floor_spawned":[5,12],"killed_by":"Hexaghost","ascension_level":0}}