{"host":"leaz4ay2evvu5l18","time":1613847374,"event":{"mods":["BaseMod","Colored Map","Downfall","Minty Spire (QoL Compilation)","StSLib"],"gold_per_floor":[99,117,133,150,161,181,181,209,225,256,141,156,156,41,53,148,148,148,160,179,194,194,194,244,244,244,271,297,297,297,322,336,440,440,440,458,471,491,158,158,158,158,191,91,109,109,109,127,142,142],"floor_reached":51,"language":"ENG","playtime":6866,"items_purged":["Slimebound:Strike_Slimebound","Slimebound:Strike_Slimebound"],"score":761,"play_id":"3926c143-3d4e-4d31-8c40-79560400f041","local_time":"20210220185614","is_ascension_mode":false,"campfire_choices":[{"data":"Slimebound:CorrosiveSpit","floor":1.0,"key":"SMITH"},{"data":"Slimebound:SlimeSlap","floor":13.0,"key":"SMITH"},{"data":"Slimebound:SlimeSlap","floor":18.0,"key":"SMITH"},{"data":"Slimebound:GoopSpray","floor":26,"key":"SMITH"},{"data":"Slimebound:SlimeSlap","floor":35,"key":"SMITH"},{"data":"Slimebound:SlimeSlap","floor":42,"key":"SMITH"},{"data":"Slimebound:Split","floor":44,"key":"SMITH"}],"circlet_count":0,"master_deck":["Slimebound:Tackle","Slimebound:Split+1","Slimebound:CorrosiveSpit+1","Slimebound:LeechEnergy","Slimebound:GoopSpray+1","Slimebound:SlimeSlap+1","Slimebound:SplitMire","Slimebound:SlimeSlap+1","Slimebound:Dissolve","Slimebound:GrowthPunch","Slimebound:ItLooksTasty","Slimebound:GoopSpray","Slimebound:SlimeSpikes","Slimebound:Gluttony","Slimebound:Prepare","Slimebound:Schlurp","Ghostly","Ghostly","Ghostly","Ghostly","Ghostly","Slimebound:MassFeed","Slimebound:FormOfPuddle","Slimebound:SlimeSlap+1","Slimebound:SlimeSlap+1","Slimebound:SlimeSpikes","Slimebound:OneTwoCombo","Slimebound:ProtectTheBoss","Slimebound:BestDefense","Slimebound:LivingWall+1","expansioncontent:YouAreMine","expansioncontent:YouAreMine","Slimebound:Dissolve","Slimebound:Dissolve+1"],"relics":["Slimebound:AbsorbEndCombat","Incense Burner","Sundial","TungstenRod","Sozu","Omamori","Tiny Chest","Red Mask","Pear","Slimebound:AggressiveSlimeRelic","Pandora\u0027s Box","Happy Flower","Ancient Tea Set","downfall:HeartBlessingGreen","Gremlin Horn"],"acts_visited":["Exordium","TheCity","TheBeyond"],"potions_floor_usage":[21,50],"damage_taken":[{"damage":1.0,"enemies":"Cultist","floor":2.0,"turns":4.0},{"damage":10.0,"enemies":"2 Louse","floor":3.0,"turns":2.0},{"damage":0.0,"enemies":"Jaw Worm","floor":4.0,"turns":3.0},{"damage":1.0,"enemies":"3 Louse","floor":5.0,"turns":2.0},{"damage":5.0,"enemies":"downfall:LooterAlt","floor":6.0,"turns":3.0},{"damage":8.0,"enemies":"Lagavulin","floor":8.0,"turns":6.0},{"damage":0.0,"enemies":"Large Slime","floor":9.0,"turns":4.0},{"damage":9.0,"enemies":"3 Sentries","floor":10.0,"turns":6.0},{"damage":0.0,"enemies":"downfall:FleeingMerchant","floor":11.0,"turns":4.0},{"damage":12.0,"enemies":"2 Fungi Beasts","floor":12.0,"turns":3.0},{"damage":0.0,"enemies":"downfall:FleeingMerchant","floor":14.0,"turns":4.0},{"damage":0.0,"enemies":"3 Louse","floor":15.0,"turns":2.0},{"damage":17.0,"enemies":"IC_STATUS_ARCHETYPE","floor":16.0,"turns":6.0},{"damage":0.0,"enemies":"downfall:LooterAlt2","floor":19.0,"turns":4.0},{"damage":0,"enemies":"3 Byrds","floor":20,"turns":4},{"damage":0,"enemies":"Snake Plant","floor":21,"turns":3},{"damage":0,"enemies":"Slavers","floor":27,"turns":7},{"damage":0,"enemies":"Masked Bandits","floor":28,"turns":5},{"damage":3,"enemies":"Cultist and Chosen","floor":32,"turns":9},{"damage":20,"enemies":"SI_MIRROR_ARCHETYPE","floor":33,"turns":13},{"damage":10,"enemies":"3 Darklings","floor":36,"turns":8},{"damage":0,"enemies":"Orb Walker","floor":37,"turns":4},{"damage":11,"enemies":"Jaw Worm Horde","floor":38,"turns":5},{"damage":0,"enemies":"Giant Head","floor":43,"turns":9},{"damage":0,"enemies":"Writhing Mass","floor":45,"turns":6},{"damage":0,"enemies":"Sphere and 2 Shapes","floor":48,"turns":6},{"damage":0,"enemies":"Maw","floor":49,"turns":7},{"damage":35,"enemies":"DF_ARCHETYPE_ORBS","floor":50,"turns":12}],"seed_played":"2330692736986615098","potions_obtained":[{"floor":4.0,"key":"EssenceOfSteel"},{"floor":8.0,"key":"Dexterity Potion"},{"floor":9.0,"key":"PowerPotion"}],"is_trial":false,"path_per_floor":["R","M","M","M","M","M","T","E","M","E","$","M","R","$","M","B",null,"R","M","M","M","?","?","T","?","R","E","?","T","?","T","M","B",null,"R","M","M","M","?","?","T","R","E","R","M","?","T","M","M","B",null],"character_chosen":"SLIMEBOUND","items_purchased":["Slimebound:GoopSpray"],"campfire_rested":0,"item_purchase_floors":[11],"current_hp_per_floor":[71,71,63,69,71,68,68,65,71,69,71,61,61,69,71,58,71,71,71,71,71,35,35,35,35,35,35,38,48,42,42,47,33,53,53,43,51,54,66,57,57,57,65,65,69,69,69,72,72,37],"gold":142,"neow_bonus":"TEN_PERCENT_HP_BONUS","is_daily":false,"chose_seed":false,"campfire_upgraded":7,"win_rate":0.0,"timestamp":1613847374,"path_taken":["R","M","M","?","M","M","T","E","M","E","$","M","R","$","M","BOSS","R","M","M","M","?","?","T","?","R","E","?","?","?","?","M","BOSS","R","M","M","M","?","?","T","R","E","R","M","?","?","M","M","BOSS"],"items_purchased_type":["Card"],"build_version":"2020-12-22","purchased_purges":2,"victory":true,"max_hp_per_floor":[71,71,71,71,71,71,71,71,71,71,71,71,71,71,71,71,71,71,71,71,71,35,35,35,35,35,35,38,48,53,53,53,53,53,53,53,53,59,66,66,66,66,66,66,69,69,69,72,72,72],"card_choices":[{"not_picked":["Slimebound:LeechingTouch","Slimebound:Replication"],"picked":"Slimebound:LeechEnergy","floor":2.0},{"not_picked":["Slimebound:Chomp","Slimebound:Grow"],"picked":"Slimebound:GoopSpray","floor":3.0},{"not_picked":["Slimebound:Schlurp","Slimebound:SplitMire"],"picked":"Slimebound:SlimeSlap","floor":4.0},{"not_picked":["Slimebound:LeechEnergy","Slimebound:SplitLeeching"],"picked":"Slimebound:SplitMire","floor":5.0},{"not_picked":["Slimebound:LeechEnergy","Slimebound:SplitBruiser","Slimebound:ComboTackle"],"picked":"SKIP","floor":6.0},{"not_picked":["Slimebound:Nibble","Slimebound:SplitAcid"],"picked":"Slimebound:SlimeSlap","floor":8.0},{"not_picked":["Slimebound:TongueLash","Slimebound:LeechEnergy"],"picked":"Slimebound:Dissolve","floor":9.0},{"not_picked":["Slimebound:Grow","Slimebound:ComboTackle"],"picked":"Slimebound:GrowthPunch","floor":10.0},{"not_picked":["Slimebound:Equalize","Slimebound:SlimeTap"],"picked":"Slimebound:ItLooksTasty","floor":11.0},{"not_picked":["Slimebound:GrowthPunch","Slimebound:ItLooksTasty"],"picked":"Slimebound:Grow","floor":12.0},{"not_picked":["Slimebound:LeechEnergy","Slimebound:ItLooksTasty"],"picked":"Slimebound:SlimeSpikes","floor":14.0},{"not_picked":["Slimebound:OneTwoCombo","Slimebound:Equalize"],"picked":"Slimebound:Gluttony","floor":15.0},{"not_picked":["Slimebound:LeechingTouch","Slimebound:DisruptingSlam"],"picked":"Slimebound:Prepare","floor":19},{"not_picked":["Slimebound:SplitAcid+1","Slimebound:SplitMire"],"picked":"Slimebound:Schlurp","floor":20},{"not_picked":["Slimebound:SplitAcid","Slimebound:SplitBruiser","Slimebound:GoopTackle"],"picked":"SKIP","floor":21},{"not_picked":["Slimebound:LeechingTouch","Slimebound:DuplicatedForm"],"picked":"Slimebound:MassFeed","floor":27},{"not_picked":["Slimebound:LeechEnergy","Slimebound:MegaLick"],"picked":"Slimebound:FormOfPuddle","floor":28},{"not_picked":["Slimebound:SlimeSpikes","Slimebound:LeechEnergy+1","Slimebound:GoopSpray"],"picked":"SKIP","floor":32},{"not_picked":["Slimebound:Overexert","Slimebound:MinionMaster"],"picked":"Slimebound:SlimeSlap","floor":33},{"not_picked":["Slimebound:SlimeBarrage+1","Slimebound:SplitLeeching","Slimebound:SlimeSpikes+1"],"picked":"SKIP","floor":36},{"not_picked":["Slimebound:Prepare","Slimebound:Nibble"],"picked":"Slimebound:LivingWall+1","floor":37},{"not_picked":["Slimebound:LivingWall+1","Slimebound:Prepare+1","Slimebound:SplitLeeching"],"picked":"SKIP","floor":38},{"not_picked":["expansioncontent:PolyBeam","expansioncontent:LastStand"],"picked":"expansioncontent:YouAreMine","floor":40},{"not_picked":["expansioncontent:InvincibleStrength","expansioncontent:HyperBeam"],"picked":"expansioncontent:YouAreMine","floor":40},{"not_picked":["Slimebound:FlameTackle","Slimebound:SlimeBrawl+1"],"picked":"Slimebound:Dissolve","floor":43},{"not_picked":["Slimebound:SlimeTap","Slimebound:GoopTackle+1","Slimebound:Chomp"],"picked":"SKIP","floor":45},{"not_picked":["Slimebound:MassRepurpose","Slimebound:Repurpose"],"picked":"Slimebound:Dissolve+1","floor":48},{"not_picked":["Slimebound:Dissolve","Slimebound:LeechEnergy","Slimebound:SlimeSpikes+1"],"picked":"SKIP","floor":49}],"player_experience":841439,"relics_obtained":[{"floor":7.0,"key":"Incense Burner"},{"floor":8.0,"key":"Sundial"},{"floor":10.0,"key":"TungstenRod"},{"floor":24,"key":"Omamori"},{"floor":27,"key":"Tiny Chest"},{"floor":28,"key":"Red Mask"},{"floor":29,"key":"Pear"},{"floor":31,"key":"Slimebound:AggressiveSlimeRelic"},{"floor":41,"key":"Happy Flower"},{"floor":43,"key":"Ancient Tea Set"},{"floor":47,"key":"Gremlin Horn"}],"event_choices":[{"damage_healed":0,"gold_gain":0,"player_choice":"Became a Ghost","damage_taken":0,"max_hp_gain":0,"max_hp_loss":36,"event_name":"Ghosts","floor":22,"gold_loss":0,"cards_obtained":["Ghostly","Ghostly","Ghostly","Ghostly","Ghostly"]},{"damage_healed":0,"gold_gain":0,"player_choice":"Ignored","damage_taken":0,"max_hp_gain":0,"max_hp_loss":0,"event_name":"Vampires","floor":23,"gold_loss":0},{"damage_healed":0,"gold_gain":0,"player_choice":"Fought Bandits","damage_taken":0,"max_hp_gain":0,"max_hp_loss":0,"event_name":"Masked Bandits","floor":28,"gold_loss":0},{"cards_removed":["Slimebound:Grow"],"damage_healed":0,"gold_gain":0,"player_choice":"Removed Power","damage_taken":0,"max_hp_gain":0,"max_hp_loss":0,"event_name":"Falling","floor":46,"gold_loss":0}],"is_beta":false,"boss_relics":[{"not_picked":["Fusion Hammer","Tiny House"],"picked":"Sozu"},{"not_picked":["Black Star","SlaversCollar"],"picked":"Pandora\u0027s Box"}],"items_purged_floors":[11,14],"is_endless":false,"potions_floor_spawned":[4,8,9,10,12,21,33,38,43,49],"ascension_level":0}}