{"host":"Ringo","time":1613821586,"event":{"mods":["BaseMod","Colored Map","Conspire","Dota2Spire","Hubris","Minty Spire (QoL Compilation)","Replay The Spire","StSLib","The Construct","[IsaacMod]ÒÔÈö¼âËþ","¡¾ÒÅÎï¿¨ÅÆ¡¿REMEMod"],"gold_per_floor":[113,113,13,32,49,83,116,147,147,173,202,229,264,292,292,292,292],"floor_reached":16,"language":"ZHS","playtime":553,"items_purged":[],"score":757,"play_id":"58e92246-0b76-4da0-9549-b00f3a3fcbf3","local_time":"20210220194626","daily_mods":["SealedDeck","Vintage","Diverse","Colorless Cards","Heirloom","Time Dilation","Flight","DeadlyEvents","Elite Swarm","Lethality","Binary"],"is_ascension_mode":true,"campfire_choices":[{"data":"Limit Break","floor":15,"key":"SMITH"}],"circlet_count":0,"master_deck":["AscendersBane","Beam Cell","TalkToTheHand","Finesse","Cleave","construct:Reinforce","Footwork","Backflip","Flex","Ball Lightning","conspire:Banana","Limit Break+1","Ghostly"],"relics":["Burning Blood","Busted Crown","HushsDoor","REME_ComplimentaryCards","replay:Trail_Library","Magic Flower","Chaos","The Courier","conspire:BottledYoYo","TheBible","GnawedLeaf","hubris:SoftwareUpdate","Ancient Tea Set","Mercury Hourglass","HowToJump","HandDrill","Bronze Scales","Strawberry"],"acts_visited":["Exordium"],"potions_floor_usage":[12,12],"damage_taken":[{"damage":0.0,"enemies":"Cultist","floor":1.0,"turns":2.0},{"damage":0.0,"enemies":"2 Louse","floor":4.0,"turns":1.0},{"damage":0.0,"enemies":"Small Slimes","floor":5.0,"turns":1.0},{"damage":0.0,"enemies":"Replay:BlueRogue","floor":6.0,"turns":2.0},{"damage":0.0,"enemies":"Gremlin Nob","floor":7.0,"turns":3.0},{"damage":0.0,"enemies":"Lagavulin","floor":8.0,"turns":3.0},{"damage":0,"enemies":"Replay:BlueRogue","floor":10,"turns":3},{"damage":0,"enemies":"Lagavulin","floor":11,"turns":3},{"damage":0,"enemies":"3 Sentries","floor":12,"turns":3},{"damage":0,"enemies":"Lagavulin","floor":13,"turns":3},{"damage":0,"enemies":"3 Sentries","floor":14,"turns":4},{"damage":20,"enemies":"Slime Boss","floor":16,"turns":4}],"seed_played":"-6774113800950964302","potions_obtained":[{"floor":5.0,"key":"EssenceOfSteel"},{"floor":6.0,"key":"Regen Potion"},{"floor":11,"key":"ColorlessPotion"}],"is_trial":true,"path_per_floor":["M","?","?","M","M","E","E","E","T","E","E","E","E","E","R","B"],"character_chosen":"IRONCLAD","items_purchased":[],"campfire_rested":0,"item_purchase_floors":[],"current_hp_per_floor":[76,81,81,81,81,82,83,84,84,85,86,87,88,96,96,77,77],"gold":292,"neow_bonus":"","is_daily":false,"chose_seed":false,"campfire_upgraded":1,"win_rate":0.0,"timestamp":1613821586,"path_taken":["M","?","?","M","M","E","E","E","T","E","E","E","E","?","R","BOSS"],"items_purchased_type":[],"build_version":"2020-12-18","purchased_purges":0,"victory":false,"max_hp_per_floor":[76,81,81,81,81,82,83,84,84,85,86,87,88,96,96,97,97],"card_choices":[],"player_experience":726320,"relics_obtained":[{"floor":1.0,"key":"The Courier"},{"floor":5.0,"key":"conspire:BottledYoYo"},{"floor":6.0,"key":"TheBible"},{"floor":7.0,"key":"GnawedLeaf"},{"floor":8.0,"key":"hubris:SoftwareUpdate"},{"floor":9.0,"key":"Ancient Tea Set"},{"floor":10,"key":"Mercury Hourglass"},{"floor":11,"key":"HowToJump"},{"floor":12,"key":"HandDrill"},{"floor":13,"key":"Bronze Scales"},{"floor":14,"key":"Strawberry"}],"event_choices":[{"damage_healed":0.0,"max_hp_gain":5.0,"max_hp_loss":0.0,"gold_gain":0.0,"event_name":"Big Fish","player_choice":"Donut","floor":2.0,"gold_loss":0.0,"damage_taken":0.0},{"damage_healed":0.0,"max_hp_gain":0.0,"max_hp_loss":0.0,"gold_gain":0.0,"event_name":"conspire:LoneGhost","player_choice":"Argue","floor":3.0,"gold_loss":0.0,"damage_taken":0.0}],"is_beta":true,"boss_relics":[],"items_purged_floors":[],"is_endless":false,"potions_floor_spawned":[5,6,10,11],"killed_by":"Slime Boss","ascension_level":20}}