{"host":"3zb2ho7bzwxq1psp","time":1613804394,"event":{"mods":["AchievementEnabler","AlwaysNeverKeys","Aspiration","BaseMod","BetterRewards","CatGirl Mod","Colored Map","Hubris","Minty Spire (QoL Compilation)","Permanent Neow","Quick Restart","Rare Cards Sparkle","Replay The Spire","Shop Mod","StSLib","The Judge","The Jungle","Unceasing Turn Reminder"],"gold_per_floor":[116,130,130,144,4986,4986,5014,5014,5091,5091,5116,5129,5129,5163,5163,5255,5255,5285,5160,5160,5190,5223,5248,5248,5280,5333,5333,5231,5231,5256,5296,5296,5392,5392,5420,5440,5207,5268,5268,5316,5360,5004,5004,5042,5042,5066,5118,5155,5155,5205,5205,5205,4841,4898,4926],"floor_reached":56,"language":"ENG","playtime":2698,"items_purged":["Strike_P","Defend_P","Strike_P","Strike_P","Strike_P","Defend_P","Parasite","Injury","Spreading Infection"],"score":3379,"play_id":"ecd3bb8a-50a8-4413-8632-a0c68495ab5e","local_time":"20210219225954","is_ascension_mode":true,"campfire_choices":[{"data":"Consecrate","floor":6,"key":"SMITH"},{"data":"Apotheosis","floor":6,"key":"SMITH"},{"data":"Consecrate","floor":10,"key":"SMITH"},{"data":"Eruption","floor":10,"key":"SMITH"},{"floor":15,"key":"DIG"},{"data":"FollowUp","floor":24,"key":"SMITH"},{"data":"Consecrate","floor":24,"key":"SMITH"},{"data":"Consecrate","floor":32,"key":"SMITH"},{"data":"JustLucky","floor":32,"key":"SMITH"},{"floor":52,"key":"DIG"}],"circlet_count":0,"master_deck":["AscendersBane","Defend_P+1","Defend_P+1","Eruption+1","Vigilance","LikeWater+1","Prostrate+1","Prostrate","Consecrate+1","FollowUp+1","Apotheosis+1","Prostrate+1","LikeWater","Consecrate+1","Consecrate+1","JustLucky+1","SashWhip","JustLucky+1","TalkToTheHand+1","Prostrate","PathToVictory","Trip+1","Infernal Blade+1","DevaForm+1","Pray+1","Judgement+1","Consecrate+1","Brilliance+1","Brilliance+1","Ragnarok","Panacea+1"],"relics":["PureWater","Gremlin Horn","Oddly Smooth Stone","PreservedInsect","MealTicket","Bag of Marbles","ClockworkSouvenir","Unceasing Top","Orichalcum","MerchantsRug","Happy Flower","Kunai","Replay:Arrowhead","aspiration:Nostalgia","Replay:M_SmolderingBlood","Mummified Hand","Tiny Chest","Damaru","Bag of Preparation","Shuriken","Anchor","Bronze Scales","Pen Nib","Membership Card","Guide Book","Replay:Multitool","hubris:EmptyBottle","White Beast Statue","Nunchaku","Bottled Flame","Akabeko","Ancient Tea Set","hubris:SlimyHat","Potion Belt","Ornamental Fan","Mirror","Lantern","Replay:Rubber Ducky","Toxic Egg 2","Thread and Needle","Mercury Hourglass","Vajra","Replay:Ringing Soul","aspiration:ArtOfWarUpgrade","Frozen Egg 2","Replay:Bandana","aspiration:SeaSaltIceCream","Gremlin Horn","Philosopher\u0027s Stone","Replay:Wax Seal","aspiration:HiddenCompartment","Ring of Chaos","Iron Hammer","Calipers","Ring of Peace","ReplayTheSpireMod:Ring of Addiction","Toy Ornithopter","Chameleon Ring","Whetstone","Bottled Tornado","hubris:TenFootPole","aspiration:FrozenJewel","Gremlin Food","Prayer Wheel","hubris:ToyBattleship","Onion Ring","ReplayFunnel","aspiration:HummingbirdHeart","TheAbacus","aspiration:Lifesprig"],"acts_visited":["Exordium","TheCity","TheBeyond","TheEnding"],"potions_floor_usage":[16,16,16,16,16,18,33,33,35,40,44,48,48,48,50,50,50,50,50,50,50,50,55,55,55,55,55],"damage_taken":[{"damage":0,"enemies":"2 Louse","floor":1,"turns":1},{"damage":0,"enemies":"Cultist","floor":2,"turns":1},{"damage":0,"enemies":"Small Slimes","floor":4,"turns":2},{"damage":0,"enemies":"Lagavulin","floor":7,"turns":3},{"damage":0,"enemies":"Exordium Thugs","floor":12,"turns":1},{"damage":0,"enemies":"3 Sentries","floor":14,"turns":1},{"damage":0,"enemies":"Slime Boss","floor":16,"turns":1},{"damage":0,"enemies":"Spheric Guardian","floor":18,"turns":1},{"damage":0,"enemies":"2 Thieves","floor":21,"turns":1},{"damage":0,"enemies":"3 Cultists","floor":22,"turns":1},{"damage":0,"enemies":"Snecko","floor":25,"turns":2},{"damage":0,"enemies":"Centurion and Healer","floor":30,"turns":2},{"damage":0,"enemies":"Cultist and Chosen","floor":31,"turns":1},{"damage":0,"enemies":"Automaton","floor":33,"turns":1},{"damage":0,"enemies":"3 Shapes","floor":35,"turns":1},{"damage":0,"enemies":"Orb Walker","floor":36,"turns":1},{"damage":0,"enemies":"2 Orb Walkers","floor":38,"turns":1},{"damage":0,"enemies":"R_Hoarder","floor":40,"turns":3},{"damage":0,"enemies":"Transient","floor":41,"turns":4},{"damage":0,"enemies":"Writhing Mass","floor":44,"turns":1},{"damage":0,"enemies":"Reptomancer","floor":47,"turns":1},{"damage":0,"enemies":"4 Shapes","floor":48,"turns":1},{"damage":0,"enemies":"Awakened One","floor":50,"turns":2},{"damage":0,"enemies":"Shield and Spear","floor":54,"turns":1},{"damage":0,"enemies":"The Heart","floor":55,"turns":6}],"seed_played":"5064906656652587278","potions_obtained":[{"floor":16,"key":"AttackPotion"},{"floor":33,"key":"BottledMiracle"},{"floor":35,"key":"FearPotion"},{"floor":39,"key":"DuplicationPotion"},{"floor":54,"key":"Venom Potion"}],"is_trial":false,"path_per_floor":["M","M","?","M","$","R","E","?","T","R","T","M","?","E","R","B",null,"M","$","?","M","M","T","R","M","T","R","$","R","M","M","R","B",null,"M","M","$","?","?","E","M","$","T","M","?","T","E","M","R","B",null,"R","$","E","B",null],"character_chosen":"WATCHER","items_purchased":["Gremlin Horn","Oddly Smooth Stone","PreservedInsect","MealTicket","Bag of Marbles","ClockworkSouvenir","Unceasing Top","Orichalcum","Strawberry","MerchantsRug","Happy Flower","Lee\u0027s Waffle","Kunai","Replay:Arrowhead","aspiration:Nostalgia","Mummified Hand","Tiny Chest","Damaru","LikeWater","Prostrate","Bag of Preparation","Consecrate","FollowUp","Shuriken","Anchor","Bronze Scales","Pen Nib","Membership Card","Guide Book","Apotheosis","Prostrate","Replay:Multitool","hubris:EmptyBottle","White Beast Statue","Nunchaku","BottledMiracle","AttackPotion","Bottled Flame","Akabeko","Ancient Tea Set","War Paint","hubris:SlimyHat","Potion Belt","EntropicBrew","Dexterity Potion","LikeWater","Consecrate","Ornamental Fan","Consecrate","JustLucky+1","Mirror","SashWhip","JustLucky","TalkToTheHand","Lantern","Prostrate","Replay:Rubber Ducky","PathToVictory","Toxic Egg 2","Thread and Needle","Mercury Hourglass","Trip+1","Judgement+1","Consecrate","Iron Hammer","Brilliance","Bottled Tornado","hubris:TenFootPole","ReplayFunnel","aspiration:HummingbirdHeart","TheAbacus","PowerPotion","Panacea+1"],"campfire_rested":0,"item_purchase_floors":[0,0,0,0,0,0,0,0,0,0,0,0,0,0,0,0,0,0,0,0,0,0,0,0,0,0,0,0,0,0,0,0,0,0,0,0,0,0,0,0,0,0,0,0,0,0,0,0,0,0,0,0,0,0,0,0,0,0,0,0,0,5,28,28,37,37,42,42,53,53,53,53,53],"current_hp_per_floor":[82,82,82,82,79,79,79,79,79,79,79,79,82,82,82,85,85,85,85,88,88,88,88,88,88,88,88,91,91,91,91,91,94,94,94,94,97,97,100,100,100,100,100,98,98,98,101,99,99,99,99,99,102,100,100],"gold":4926,"neow_bonus":"","is_daily":false,"chose_seed":false,"campfire_upgraded":8,"win_rate":0.0,"timestamp":1613804394,"path_taken":["M","M","?","?","$","R","E","?","T","R","?","M","?","E","R","BOSS","M","$","?","M","?","?","R","M","T","R","$","R","M","M","R","BOSS","M","M","$","?","?","E","M","$","T","M","?","?","E","M","R","BOSS","R","$","E","BOSS"],"items_purchased_type":["Relic","Relic","Relic","Relic","Relic","Relic","Relic","Relic","Relic","Relic","Relic","Relic","Relic","Relic","Relic","Relic","Relic","Relic","Card","Card","Relic","Card","Card","Relic","Relic","Relic","Relic","Relic","Relic","Card","Card","Relic","Relic","Relic","Relic","Potion","Potion","Relic","Relic","Relic","Relic","Relic","Relic","Potion","Potion","Card","Card","Relic","Card","Card","Relic","Card","Card","Card","Relic","Card","Relic","Card","Relic","Relic","Relic","Card","Card","Card","Relic","Card","Relic","Relic","Relic","Relic","Relic","Potion","Card"],"build_version":"2020-12-22","purchased_purges":9,"victory":true,"max_hp_per_floor":[82,82,82,82,79,79,79,79,79,79,79,79,82,82,82,85,85,85,85,88,88,88,88,88,88,88,88,91,91,91,91,91,94,94,94,94,97,97,100,100,100,100,100,98,98,98,101,99,99,99,99,99,102,100,100],"card_choices":[{"not_picked":["JustLucky","ThirdEye+1","Fasting2"],"picked":"SKIP","floor":1},{"not_picked":["Replay:ManipulateFuture+1","Meditate+1","Consecrate"],"picked":"SKIP","floor":2},{"not_picked":["CrushJoints","Whirlwind","Protect+1"],"picked":"SKIP","floor":4},{"not_picked":["Evaluate+1","EmptyBody+1"],"picked":"Infernal Blade+1","floor":7},{"not_picked":["Vault+1","Weave","Protect+1"],"picked":"SKIP","floor":12},{"not_picked":["JustLucky","Nirvana+1","Halt+1"],"picked":"SKIP","floor":14},{"not_picked":["Establishment+1","Bludgeon"],"picked":"DevaForm+1","floor":16},{"not_picked":["EmptyFist","Tantrum","Swivel+1"],"picked":"SKIP","floor":18},{"not_picked":["SignatureMove","Sanctity+1","FollowUp"],"picked":"SKIP","floor":21},{"not_picked":["Vengeance+1","Protect+1","InnerPeace+1"],"picked":"SKIP","floor":22},{"not_picked":["Replay:AtTheReady+1","Replay:Vibes+1","EmptyFist"],"picked":"SKIP","floor":25},{"not_picked":["EmptyFist","DeceiveReality+1","Study+1"],"picked":"SKIP","floor":30},{"not_picked":["WaveOfTheHand+1","Replay:AtTheReady+1","EmptyFist"],"picked":"SKIP","floor":31},{"not_picked":["Wish+1","Alpha+1"],"picked":"Brilliance","floor":33},{"not_picked":["Collect+1","FlyingSleeves","SignatureMove"],"picked":"SKIP","floor":35},{"not_picked":["ReachHeaven+1","EmptyFist","SashWhip"],"picked":"SKIP","floor":36},{"not_picked":["Prostrate+1","BowlingBash","Halt+1"],"picked":"SKIP","floor":40},{"not_picked":["Replay:DivineShield+1","FearNoEvil","Crescendo+1"],"picked":"SKIP","floor":41},{"not_picked":["WheelKick","FlurryOfBlows","Study+1"],"picked":"SKIP","floor":44},{"not_picked":["Consecrate","FollowUp"],"picked":"Ragnarok","floor":47},{"not_picked":["CrushJoints","Halt+1","Replay:AtTheReady+1"],"picked":"SKIP","floor":48},{"not_picked":["Replay:DivineShield+1","FlurryOfBlows","Replay:Cycle+1"],"picked":"SKIP","floor":48},{"not_picked":["Tantrum","Sanctity+1","CrushJoints"],"picked":"SKIP","floor":54}],"player_experience":210421,"relics_obtained":[{"floor":7,"key":"Vajra"},{"floor":9,"key":"Replay:Ringing Soul"},{"floor":11,"key":"Art of War"},{"floor":14,"key":"Replay:Bandana"},{"floor":15,"key":"aspiration:SeaSaltIceCream"},{"floor":23,"key":"Replay:Wax Seal"},{"floor":26,"key":"aspiration:HiddenCompartment"},{"floor":38,"key":"Calipers"},{"floor":39,"key":"Ring of Peace"},{"floor":39,"key":"ReplayTheSpireMod:Ring of Addiction"},{"floor":39,"key":"Toy Ornithopter"},{"floor":39,"key":"Chameleon Ring"},{"floor":40,"key":"Whetstone"},{"floor":43,"key":"aspiration:FrozenJewel"},{"floor":46,"key":"Gremlin Food"},{"floor":47,"key":"Prayer Wheel"},{"floor":52,"key":"Onion Ring"},{"floor":54,"key":"aspiration:Lifesprig"}],"event_choices":[{"damage_healed":0,"gold_gain":0,"player_choice":"1 cards matched","damage_taken":0,"max_hp_gain":0,"max_hp_loss":0,"event_name":"Match and Keep!","floor":3,"gold_loss":0,"cards_obtained":["Parasite"]},{"damage_healed":0,"gold_gain":0,"player_choice":"Forge","damage_taken":0,"max_hp_gain":0,"max_hp_loss":0,"event_name":"Accursed Blacksmith","floor":8,"gold_loss":0,"cards_upgraded":["TalkToTheHand"]},{"damage_healed":0,"gold_gain":0,"player_choice":"Read","damage_taken":0,"max_hp_gain":0,"max_hp_loss":0,"event_name":"The Library","floor":20,"gold_loss":0,"cards_obtained":["Pray"]},{"damage_healed":0,"gold_gain":0,"player_choice":"Fight","damage_taken":0,"max_hp_gain":0,"max_hp_loss":0,"event_name":"Mysterious Sphere","floor":38,"gold_loss":0},{"damage_healed":0,"gold_gain":0,"player_choice":"Gave Potion","damage_taken":0,"relics_obtained":["hubris:ToyBattleship"],"max_hp_gain":0,"max_hp_loss":0,"event_name":"WeMeetAgain","floor":49,"gold_loss":0}],"is_beta":false,"boss_relics":[{"not_picked":["hubris:BlackHole","ChewingGum"],"picked":"Philosopher\u0027s Stone"},{"not_picked":["Abe\u0027s Treasure","Calling Bell"],"picked":"Ring of Chaos"}],"items_purged_floors":[0,0,0,0,0,0,5,19,42],"is_endless":false,"potions_floor_spawned":[1,2,4,7,12,14,16,18,21,22,25,30,31,33,35,36,38,40,41,44,47,48,54],"ascension_level":18}}