{"host":"i9o3eksapkmftcbs","time":1613804479,"event":{"mods":["2.2 Compatiblity","AchievementEnabler","Act Like it!","Arknights","Bard","BaseMod","BetterRewards","Colored Map","Colored Powertips","Conspire","Duelist Mod","Halation","Hubris","Infinite Spire","Lobotomy","Minty Spire (QoL Compilation)","Rare Cards Sparkle","Reliquary","Robot Space Explorer","StSLib","The Blackbeard","The Clintock","The Disciple","The Dragon Tamer","The Mystic","Transform Curses"],"gold_per_floor":[119,119,130,168,185,185,213,213,213,226,254,32,44,72,72,167,167,182,182,182,182,182,212,212,7,54,86,10,39,51,68,68,173,173,183,283,283,283,283,283,283,283],"floor_reached":41,"language":"ENG","playtime":3336,"items_purged":["Clumsy"],"score":539,"play_id":"8e62e88d-f109-49ac-bddf-8b614029eed0","local_time":"20210220010119","is_ascension_mode":true,"campfire_choices":[{"floor":6,"key":"REST"},{"floor":8,"key":"REST"},{"floor":15,"key":"REST"},{"floor":24,"key":"REST"},{"floor":32,"key":"REST"},{"floor":40,"key":"RECALL"}],"circlet_count":0,"master_deck":["bard:Riposte","bard:Inspire","bard:HideousLaughter","bard:LingeringEcho","bard:Improv","bard:ViciousMockery","bard:BottledSong","bard:Silence","bard:Shout","bard:ViciousMockery","bard:GuardPoint","bard:MnemonicVestments","bard:SplendidForm","bard:HideousLaughter","bard:Invisibility","bard:LingeringPerformance","bard:Focused","bard:EnGarde","bard:LifeDrain","bard:BucklerBash","bard:GreaterMagicWeapon","bard:HideousLaughter+1","bard:FalseLife+1","bard:SixFourTime","bard:Greatness","bard:ViciousMockery","bard:Sift","bard:StudiedStrike","bard:GlyphOfWarding","bard:Parry","bard:StudiedStrike+1","bard:SongBolt","bard:Rhapsody","bard:MantleOfInspiration"],"relics":["bard:PitchPipe","bard:BagPipes","Vajra","hubris:Teleporter","reliquary:SilkGlove","hubris:CuriousFeather","Pandora\u0027s Box","halation:PinkSoulGem","Enchiridion","Anchor","Blood Vial","Regal Pillow","reliquary:JackalopeAntler","reliquary:KinkedSpring","Darkstone Periapt"],"acts_visited":["Exordium","TheCity","TheBeyond"],"potions_floor_usage":[4,7,10,14,14,14,23,29,29,31,33,37,37,41],"damage_taken":[{"damage":0,"enemies":"ats:Genji","floor":1,"turns":6},{"damage":0,"enemies":"Cultist","floor":3,"turns":4},{"damage":26,"enemies":"conspire:MimicChest","floor":4,"turns":6},{"damage":9,"enemies":"conspire:RoseBush","floor":5,"turns":3},{"damage":31,"enemies":"Lagavulin","floor":7,"turns":6},{"damage":17,"enemies":"conspire:2 RoseBushes","floor":10,"turns":3},{"damage":41,"enemies":"Gremlin Nob","floor":11,"turns":6},{"damage":0,"enemies":"Blue Slaver","floor":13,"turns":2},{"damage":13,"enemies":"Lagavulin","floor":14,"turns":6},{"damage":18,"enemies":"Hexaghost","floor":16,"turns":13},{"damage":0,"enemies":"conspire:FuzzyDice","floor":18,"turns":5},{"damage":23,"enemies":"theDuelist:KaibaA2","floor":23,"turns":5},{"damage":35,"enemies":"Book of Stabbing","floor":27,"turns":7},{"damage":0,"enemies":"theDuelist:KaibaA2","floor":29,"turns":3},{"damage":12,"enemies":"2 Thieves","floor":30,"turns":4},{"damage":5,"enemies":"Cultist and Chosen","floor":31,"turns":5},{"damage":61,"enemies":"Collector","floor":33,"turns":9},{"damage":19,"enemies":"Orb Walker","floor":35,"turns":5},{"damage":0,"enemies":"3 Shapes","floor":37,"turns":1},{"damage":67,"enemies":"Nightmare","floor":41,"turns":7}],"seed_played":"-6507373129589343882","potions_obtained":[{"floor":1,"key":"Regen Potion"},{"floor":5,"key":"Strength Potion"},{"floor":11,"key":"Block Potion"},{"floor":14,"key":"SmokeBomb"},{"floor":16,"key":"SpeedPotion"},{"floor":27,"key":"FearPotion"},{"floor":30,"key":"EssenceOfSteel"},{"floor":33,"key":"GamblersBrew"},{"floor":35,"key":"Strength Potion"}],"is_trial":false,"path_per_floor":["M","?","M","?","M","R","E","R","T","M","E","$","M","E","R","B",null,"M","?","?","?","?","E","R","$","T","E","$","E","M","M","R","B",null,"M","?","M","?","AVR","R","NM"],"character_chosen":"BARD","items_purchased":["FairyPotion","bard:ViciousMockery","bard:SixFourTime","bard:Greatness","bard:ViciousMockery","bard:Sift","bard:GlyphOfWarding"],"campfire_rested":5,"item_purchase_floors":[12,12,25,25,25,25,28],"current_hp_per_floor":[70,80,80,59,50,74,43,67,67,50,9,9,9,44,68,50,80,80,80,80,64,64,41,65,65,65,32,32,34,24,21,60,1,80,61,61,63,63,63,63,0,0],"gold":283,"neow_bonus":"THREE_RARE_CARDS","is_daily":false,"chose_seed":false,"campfire_upgraded":0,"win_rate":0.0,"timestamp":1613804479,"path_taken":["M","?","?","?","M","R","E","R","T","M","E","$","M","E","R","BOSS","M","?","?","?","?","E","R","?","T","E","$","E","M","?","R","BOSS","M","?","?","?","AVR","R","NM"],"items_purchased_type":["Potion","Card","Card","Card","Card","Card","Card"],"build_version":"2020-12-22","purchased_purges":1,"victory":false,"max_hp_per_floor":[70,80,80,80,80,80,80,80,80,80,80,80,80,80,80,80,80,80,80,80,80,80,80,80,80,80,80,80,80,80,80,80,80,80,80,80,80,80,80,80,80,80],"card_choices":[{"not_picked":["bard:Shifting","bard:Haste"],"picked":"bard:PowerWordStun","floor":0},{"not_picked":["bard:LifeDrain","bard:CuttingWords"],"picked":"bard:HideousLaughter","floor":1},{"not_picked":["bard:CuttingWords","bard:Accelerando"],"picked":"bard:LingeringEcho","floor":3},{"not_picked":["bard:InspiringSong","bard:CuttingWords"],"picked":"bard:Improv","floor":4},{"not_picked":["bard:GlyphOfWarding","bard:Gamble"],"picked":"bard:ViciousMockery","floor":5},{"not_picked":["bard:QuickSong","bard:Doot"],"picked":"bard:BottledSong","floor":7},{"not_picked":["bard:ViciousMockery","bard:Demoralize"],"picked":"bard:Silence","floor":10},{"not_picked":["bard:Fermata","bard:PhantasmalForce"],"picked":"bard:Shout","floor":11},{"not_picked":["bard:QuickSong","bard:InspiringSong"],"picked":"bard:GuardPoint","floor":13},{"not_picked":["bard:Parry","bard:ViciousMockery"],"picked":"bard:MnemonicVestments","floor":14},{"not_picked":["bard:PowerWordStun","bard:Improv"],"picked":"bard:SplendidForm","floor":16},{"not_picked":["bard:DervishDance","bard:ViciousMockery"],"picked":"bard:HideousLaughter+1","floor":18},{"not_picked":["bard:InspiringSong+1","bard:SplendidForm"],"picked":"bard:FalseLife+1","floor":23},{"not_picked":["bard:SplendidForm","bard:DervishDance"],"picked":"bard:StudiedStrike","floor":27},{"not_picked":["bard:Flourish","bard:BestowCurse"],"picked":"bard:Parry","floor":29},{"not_picked":["bard:EchoEcho","bard:BucklerBash+1"],"picked":"bard:StudiedStrike+1","floor":30},{"not_picked":["bard:LingeringPerformance","bard:EnGarde"],"picked":"bard:SongBolt","floor":31},{"not_picked":["bard:DeathMetal","bard:Improv"],"picked":"bard:Rhapsody","floor":33},{"not_picked":["bard:Thunderwave+1","bard:LingeringPerformance+1"],"picked":"bard:MantleOfInspiration","floor":35}],"player_experience":463071,"relics_obtained":[{"floor":4,"key":"Vajra"},{"floor":7,"key":"hubris:Teleporter"},{"floor":11,"key":"reliquary:SilkGlove"},{"floor":14,"key":"reliquary:FerryPass"},{"floor":16,"key":"hubris:CuriousFeather"},{"floor":21,"key":"Enchiridion"},{"floor":23,"key":"Anchor"},{"floor":26,"key":"Blood Vial"},{"floor":27,"key":"Regal Pillow"},{"floor":29,"key":"reliquary:JackalopeAntler"}],"event_choices":[{"cards_removed":["bard:PowerWordStun"],"damage_healed":0,"gold_gain":0,"player_choice":"Offered Rare","damage_taken":0,"max_hp_gain":10,"max_hp_loss":0,"event_name":"Bonfire Elementals","floor":2,"gold_loss":0},{"damage_healed":0,"gold_gain":0,"player_choice":"Obtained Book","damage_taken":16,"max_hp_gain":0,"max_hp_loss":0,"event_name":"Cursed Tome","floor":21,"gold_loss":0},{"damage_healed":0,"gold_gain":0,"player_choice":"Ignored","damage_taken":0,"max_hp_gain":0,"max_hp_loss":0,"event_name":"Ghosts","floor":22,"gold_loss":0},{"damage_healed":0,"gold_gain":100,"player_choice":"Pray","damage_taken":0,"max_hp_gain":0,"max_hp_loss":0,"event_name":"Golden Shrine","floor":36,"gold_loss":0},{"damage_healed":0,"gold_gain":0,"player_choice":"Ignored","damage_taken":0,"max_hp_gain":0,"max_hp_loss":0,"event_name":"SecretPortal","floor":38,"gold_loss":0}],"is_beta":false,"boss_relics":[{"not_picked":["halation:MonkeysPaw","bard:DeepVero"],"picked":"Pandora\u0027s Box"},{"not_picked":["reliquary:Ember","halation:SmartPhone"],"picked":"reliquary:KinkedSpring"}],"items_purged_floors":[12],"is_endless":false,"potions_floor_spawned":[1,5,11,14,16,27,30,33,35],"killed_by":"Nightmare","ascension_level":2}}