{"host":"30jsp143e4v19aze","time":1613806316,"event":{"mods":["BaseMod","Colored Map","Colored Powertips","Curses Come First","DeckTracker","Highlight Path","Minty Spire (QoL Compilation)","Quick Restart","Relic Stats","StSLib","everything is the same but u backflip on backflip","slay the spire mod where everything is the same but ironclad has a cowboy hat"],"gold_per_floor":[109,124,141,23,23,52,64,64,110,110,135,135,146,172,172,172,172],"floor_reached":16,"language":"ENG","playtime":519,"items_purged":["Strike_R"],"score":240,"play_id":"21df0126-5b94-4d2e-8785-b62fed188300","local_time":"20210220083156","is_ascension_mode":true,"campfire_choices":[{"floor":10,"key":"REST"},{"data":"Immolate","floor":12,"key":"SMITH"},{"data":"Rupture","floor":15,"key":"SMITH"}],"circlet_count":0,"master_deck":["AscendersBane","Strike_R","Strike_R","Strike_R","Defend_R","Defend_R","Defend_R","Defend_R","Bash","Whirlwind","Wild Strike","Shrug It Off","Metallicize","Immolate+1","Shrug It Off+1","Rupture+1"],"relics":["Burning Blood","Toxic Egg 2","Toy Ornithopter","Regal Pillow","Darkstone Periapt","Juzu Bracelet"],"acts_visited":["Exordium"],"potions_floor_usage":[6,14],"damage_taken":[{"damage":11,"enemies":"2 Louse","floor":1,"turns":3},{"damage":16,"enemies":"Jaw Worm","floor":2,"turns":5},{"damage":7,"enemies":"Small Slimes","floor":3,"turns":3},{"damage":22,"enemies":"3 Sentries","floor":6,"turns":11},{"damage":0,"enemies":"2 Fungi Beasts","floor":7,"turns":2},{"damage":26,"enemies":"Gremlin Nob","floor":11,"turns":4},{"damage":12,"enemies":"Blue Slaver","floor":13,"turns":4},{"damage":23,"enemies":"Lagavulin","floor":14,"turns":6},{"damage":20,"enemies":"Hexaghost","floor":16,"turns":8}],"seed_played":"4895827847820358309","potions_obtained":[{"floor":2,"key":"Dexterity Potion"},{"floor":3,"key":"ColorlessPotion"},{"floor":6,"key":"DistilledChaos"},{"floor":14,"key":"Block Potion"}],"is_trial":false,"path_per_floor":["M","M","M","$","?","E","M","?","T","R","E","R","M","E","R","B"],"character_chosen":"IRONCLAD","items_purchased":["Metallicize"],"campfire_rested":1,"item_purchase_floors":[4],"current_hp_per_floor":[70,60,59,59,52,36,42,24,24,63,43,43,37,25,25,5,5],"gold":172,"neow_bonus":"TEN_PERCENT_HP_BONUS","is_daily":false,"chose_seed":false,"campfire_upgraded":2,"win_rate":0.0,"timestamp":1613806316,"path_taken":["M","M","M","$","?","E","M","?","T","R","E","R","M","E","R","BOSS"],"items_purchased_type":["Card"],"build_version":"2020-12-22","purchased_purges":1,"victory":false,"max_hp_per_floor":[82,82,82,82,82,82,82,82,82,82,82,82,82,82,82,82,82],"relic_stats":{"Darkstone Periapt":0,"Regal Pillow":15,"counters":[9,46],"Juzu Bracelet":0,"obtain_stats":[{"Darkstone Periapt":11,"Regal Pillow":9,"Juzu Bracelet":14,"Toxic Egg 2":6,"Burning Blood":0,"Toy Ornithopter":8},{"Darkstone Periapt":6,"Regal Pillow":5,"Juzu Bracelet":8,"Toxic Egg 2":4,"Burning Blood":0,"Toy Ornithopter":5},{"Darkstone Periapt":28,"Regal Pillow":24,"Juzu Bracelet":38,"Toxic Egg 2":22,"Burning Blood":0,"Toy Ornithopter":24}],"Burning Blood":48,"Toy Ornithopter":5},"card_choices":[{"not_picked":["Headbutt","Infernal Blade"],"picked":"Whirlwind","floor":1},{"not_picked":["True Grit","Clothesline"],"picked":"Wild Strike","floor":2},{"not_picked":["Cleave","Bloodletting"],"picked":"Shrug It Off","floor":3},{"not_picked":["Body Slam","Clash"],"picked":"Immolate","floor":6},{"not_picked":["Iron Wave","Blood for Blood","Metallicize"],"picked":"SKIP","floor":7},{"not_picked":["Sever Soul","Iron Wave","Perfected Strike"],"picked":"SKIP","floor":11},{"not_picked":["Pommel Strike","Perfected Strike"],"picked":"Shrug It Off+1","floor":13},{"not_picked":["Headbutt","Warcry+1"],"picked":"Rupture","floor":14}],"player_experience":3290194,"relics_obtained":[{"floor":6,"key":"Toxic Egg 2"},{"floor":9,"key":"Regal Pillow"},{"floor":11,"key":"Darkstone Periapt"},{"floor":14,"key":"Juzu Bracelet"}],"event_choices":[{"cards_removed":["Strike_R"],"damage_healed":0,"gold_gain":0,"player_choice":"Card Removal","damage_taken":7,"max_hp_gain":0,"max_hp_loss":0,"event_name":"Golden Wing","floor":5,"gold_loss":0},{"damage_healed":0,"gold_gain":0,"player_choice":"Success","damage_taken":18,"relics_obtained":["Toy Ornithopter"],"max_hp_gain":0,"max_hp_loss":0,"event_name":"Scrap Ooze","floor":8,"gold_loss":0}],"is_beta":false,"boss_relics":[],"items_purged_floors":[4],"is_endless":false,"potions_floor_spawned":[2,3,6,14],"killed_by":"Hexaghost","ascension_level":20}}