{"host":"0kk91h4bq4kgfj0u","time":1613852658,"event":{"mods":["BaseMod","Bestiary","Block Reminder","Colored Map","Colored Powertips","Curses Come First","Highlight Path","Minty Spire (QoL Compilation)","Relic Stats","StSLib"],"gold_per_floor":[113,113,130,130,149,149,178,178,178,151,184,203,238,254,254,254,254],"floor_reached":16,"language":"ENG","playtime":577,"items_purged":[],"score":174,"play_id":"869f6b5b-7b8e-4c91-ad82-d755003e61f4","local_time":"20210220152418","is_ascension_mode":true,"campfire_choices":[{"data":"Rage","floor":6,"key":"SMITH"},{"floor":8,"key":"REST"},{"floor":15,"key":"REST"}],"circlet_count":0,"master_deck":["Strike_R","Strike_R","Strike_R","Strike_R","Defend_R+1","Defend_R+1","Defend_R","Defend_R","Bash","Twin Strike","Cleave","Rage+1","Battle Trance","Heavy Blade","Body Slam","Armaments","Thunderclap"],"relics":["Burning Blood","Shuriken","Bronze Scales","PreservedInsect","Du-Vu Doll"],"acts_visited":["Exordium"],"potions_floor_usage":[11,14,16],"damage_taken":[{"damage":14,"enemies":"2 Louse","floor":1,"turns":4},{"damage":6,"enemies":"Cultist","floor":3,"turns":3},{"damage":0,"enemies":"Jaw Worm","floor":5,"turns":3},{"damage":44,"enemies":"Lagavulin","floor":7,"turns":7},{"damage":27,"enemies":"3 Sentries","floor":11,"turns":7},{"damage":5,"enemies":"3 Louse","floor":12,"turns":2},{"damage":16,"enemies":"Gremlin Nob","floor":13,"turns":3},{"damage":12,"enemies":"Lots of Slimes","floor":14,"turns":2},{"damage":76,"enemies":"Hexaghost","floor":16,"turns":12}],"seed_played":"2769643250540434595","potions_obtained":[{"floor":3,"key":"Regen Potion"},{"floor":7,"key":"BloodPotion"},{"floor":12,"key":"SkillPotion"}],"is_trial":false,"path_per_floor":["M","?","M","?","M","R","E","R","T","?","E","M","E","M","R","B"],"character_chosen":"IRONCLAD","items_purchased":[],"campfire_rested":2,"item_purchase_floors":[],"current_hp_per_floor":[72,54,54,54,60,60,22,48,48,48,44,45,35,29,55,0,0],"gold":254,"neow_bonus":"TEN_PERCENT_HP_BONUS","is_daily":false,"chose_seed":false,"campfire_upgraded":1,"win_rate":0.0,"timestamp":1613852658,"path_taken":["M","?","M","?","?","R","E","R","T","?","E","M","E","M","R","BOSS"],"items_purchased_type":[],"build_version":"2020-12-22","purchased_purges":0,"victory":false,"max_hp_per_floor":[88,88,88,88,88,88,88,88,88,88,88,88,88,88,88,88,88],"relic_stats":{"counters":[9,43],"Shuriken":[2],"Bronze Scales":[109],"PreservedInsect":23,"obtain_stats":[{"Du-Vu Doll":13,"Shuriken":7,"Bronze Scales":9,"PreservedInsect":11,"Burning Blood":0},{"Du-Vu Doll":7,"Shuriken":4,"Bronze Scales":4,"PreservedInsect":5,"Burning Blood":0},{"Du-Vu Doll":29,"Shuriken":17,"Bronze Scales":17,"PreservedInsect":24,"Burning Blood":0}],"Burning Blood":48},"card_choices":[{"not_picked":["Thunderclap","Burning Pact"],"picked":"Twin Strike","floor":1},{"not_picked":["Sever Soul","Havoc"],"picked":"Cleave","floor":3},{"not_picked":["Disarm","Clash"],"picked":"Rage","floor":5},{"not_picked":["Armaments","Shockwave"],"picked":"Battle Trance","floor":7},{"not_picked":["Cleave","Seeing Red"],"picked":"Heavy Blade","floor":11},{"not_picked":["Pummel","Hemokinesis"],"picked":"Body Slam","floor":12},{"not_picked":["Evolve","Combust"],"picked":"Armaments","floor":13},{"not_picked":["Hemokinesis","Heavy Blade"],"picked":"Thunderclap","floor":14}],"player_experience":894041,"relics_obtained":[{"floor":7,"key":"Shuriken"},{"floor":9,"key":"Bronze Scales"},{"floor":11,"key":"PreservedInsect"},{"floor":13,"key":"Du-Vu Doll"}],"event_choices":[{"damage_healed":0,"gold_gain":0,"player_choice":"Entered Light","damage_taken":18,"max_hp_gain":0,"max_hp_loss":0,"event_name":"Shining Light","floor":2,"gold_loss":0,"cards_upgraded":["Defend_R","Defend_R"]},{"cards_removed":["Strike_R"],"damage_healed":0,"gold_gain":0,"player_choice":"Offered Basic","damage_taken":0,"max_hp_gain":0,"max_hp_loss":0,"event_name":"Bonfire Elementals","floor":4,"gold_loss":0},{"damage_healed":0,"gold_gain":0,"player_choice":"Left Gold","damage_taken":0,"max_hp_gain":0,"max_hp_loss":0,"event_name":"World of Goop","floor":10,"gold_loss":27}],"is_beta":false,"boss_relics":[],"items_purged_floors":[],"is_endless":false,"potions_floor_spawned":[3,7,12],"killed_by":"Hexaghost","ascension_level":9}}