{"host":"6dypmz777xraikqf","time":1613843517,"event":{"mods":["AchievementEnabler","BaseMod","BetterRewards","Colored Map","Colored Powertips","Downfall","Highlight Path","Hubris","Infinite Spire","Minty Spire (QoL Compilation)","Replay The Spire","StSLib"],"gold_per_floor":[369,68,343,34,48,78,78,88,111,124,142,155,155,166,166,267,267,284,284,284],"floor_reached":19,"language":"ENG","playtime":1198,"items_purged":["Strike_B","Regret"],"score":214,"play_id":"5bd0813c-94d5-4fae-abd1-ff53a22b2d21","local_time":"20210220175157","is_ascension_mode":true,"campfire_choices":[{"floor":7,"key":"REST"},{"floor":13,"key":"REST"},{"floor":15,"key":"REST"}],"circlet_count":0,"master_deck":["Strike_B","Strike_B","Strike_B","Defend_B","Defend_B","Defend_B","Defend_B","Zap","Dualcast","ReplaySolidLightProjector","Capacitor","BasicCrystalCard","ReplaySort","Stack","Sweeping Beam","Capacitor","Static Discharge","Conserve Battery","Hologram","ReplayRNGCard","Ball Lightning"],"relics":["Cracked Core","infinitespire:Satchel","Raider\u0027s Mask","Quantum Egg","Oddly Smooth Stone","Honey Jar"],"acts_visited":["Exordium","TheCity"],"potions_floor_usage":[12,12,16],"damage_taken":[{"damage":5,"enemies":"Small Slimes","floor":1,"turns":4},{"damage":5,"enemies":"Cultist","floor":5,"turns":4},{"damage":35,"enemies":"Gremlin Nob","floor":6,"turns":4},{"damage":24,"enemies":"infinitespire:Voidling","floor":8,"turns":4},{"damage":15,"enemies":"Gremlin Gang","floor":10,"turns":5},{"damage":8,"enemies":"3 Louse","floor":11,"turns":4},{"damage":0,"enemies":"Large Slime","floor":12,"turns":3},{"damage":0,"enemies":"Red Slaver","floor":14,"turns":6},{"damage":5,"enemies":"Slime Boss","floor":16,"turns":10},{"damage":50,"enemies":"2 Thieves","floor":18,"turns":4},{"damage":27,"enemies":"Shell Parasite","floor":19,"turns":11}],"seed_played":"-4353901023819007733","potions_obtained":[{"floor":10,"key":"Dexterity Potion"},{"floor":11,"key":"ColorlessPotion"},{"floor":12,"key":"DuplicationPotion"},{"floor":16,"key":"PotionOfCapacity"}],"is_trial":false,"path_per_floor":["M","$","?","$","M","E","R","M","T","M","M","M","R","M","R","B",null,"M","M"],"character_chosen":"DEFECT","items_purchased":["Capacitor","infinitespire:Satchel","Raider\u0027s Mask","BasicCrystalCard"],"campfire_rested":3,"item_purchase_floors":[2,2,4,4],"current_hp_per_floor":[63,63,63,63,58,23,43,24,24,9,1,1,21,21,41,36,60,10,0,0],"gold":284,"neow_bonus":"TWO_FIFTY_GOLD","is_daily":false,"chose_seed":false,"campfire_upgraded":0,"win_rate":0.0,"timestamp":1613843517,"path_taken":["M","$","?","$","?","E","R","?","T","M","?","M","R","M","R","BOSS","M","M"],"items_purchased_type":["Card","Relic","Relic","Card"],"build_version":"2020-12-22","purchased_purges":2,"victory":false,"max_hp_per_floor":[68,68,68,68,68,68,68,68,68,68,68,68,68,68,68,68,68,68,68,68],"card_choices":[{"not_picked":["Beam Cell","Steam"],"picked":"ReplaySolidLightProjector","floor":1},{"not_picked":["Beam Cell","Hologram"],"picked":"ReplaySort","floor":5},{"not_picked":["Conserve Battery","hubris:Prefetch"],"picked":"Stack","floor":6},{"not_picked":["Compile Driver","Tempest"],"picked":"Sweeping Beam","floor":8},{"not_picked":["Stack","Sunder"],"picked":"Capacitor","floor":10},{"not_picked":["BasicCrystalCard","Stack"],"picked":"Static Discharge","floor":11},{"not_picked":["Lockon","Streamline"],"picked":"Conserve Battery","floor":12},{"not_picked":["Streamline","Go for the Eyes"],"picked":"Hologram","floor":14},{"not_picked":["Reboot","ReplayTheSpireMod:Omega Cannon"],"picked":"ReplayRNGCard","floor":16},{"not_picked":["Go for the Eyes","Sweeping Beam","Gash"],"picked":"Ball Lightning","floor":18}],"player_experience":275203,"relics_obtained":[{"floor":6,"key":"Quantum Egg"},{"floor":9,"key":"Oddly Smooth Stone"}],"event_choices":[{"damage_healed":0,"gold_gain":275,"player_choice":"Desecrate","damage_taken":0,"max_hp_gain":0,"max_hp_loss":0,"event_name":"Golden Shrine","floor":3,"gold_loss":0,"cards_obtained":["Regret"]}],"is_beta":false,"boss_relics":[{"not_picked":["hubris:ScarierMask","infinitespire:Cupcake"],"picked":"Honey Jar"}],"items_purged_floors":[2,4],"is_endless":false,"potions_floor_spawned":[10,11,12,16],"killed_by":"Shell Parasite","ascension_level":5}}