{"host":"dg9ago0zd82drrsw","time":1613810211,"event":{"mods":["BaseMod","Bestiary","Downfall","GifTheSpireLib","Minty Spire (QoL Compilation)","Relic Stats","StSLib"],"gold_per_floor":[99,99,199,199,56,68,143,163,192,192,192,192,192,211,227,327,327,327,345,364,364,364,364],"floor_reached":21,"language":"ENG","playtime":609,"items_purged":[],"score":239,"play_id":"568823d8-6731-44a6-a252-8c9eba904bd1","local_time":"20210220113651","is_ascension_mode":true,"campfire_choices":[{"data":"Guardian:TwinSlam","floor":1.0,"key":"SMITH"},{"floor":10.0,"key":"REST"},{"data":"Guardian:ShieldCharger","floor":13.0,"key":"SMITH"},{"data":"Guardian:StasisStrike","floor":18,"key":"SMITH"}],"circlet_count":0,"master_deck":["Guardian:Strike_Guardian","Guardian:Strike_Guardian","Guardian:Strike_Guardian","Guardian:Strike_Guardian","Guardian:Defend_Guardian","Guardian:Defend_Guardian","Guardian:Defend_Guardian","Guardian:Defend_Guardian","Guardian:CurlUp","Guardian:TwinSlam+1","Guardian:Clone","Guardian:MultiBeam","Guardian:ShieldCharger+1","Guardian:AncientConstruct","Guardian:TimeCapacitor","Guardian:ChargeCore","Guardian:Preprogram","Guardian:ShieldCharger","Guardian:PolyBeam","Guardian:Planning","Guardian:ChargeCore","Guardian:PiercingHide","Guardian:StasisStrike+1","Guardian:Incinerate","Guardian:FuturePlans+1"],"relics":["Guardian:ModeShifter","downfall:HeartsMalice","Orrery","InkBottle","Smiling Mask","Frozen Egg 2","Black Star"],"acts_visited":["Exordium","TheCity"],"potions_floor_usage":[14,16,16,16,20],"damage_taken":[{"damage":0.0,"enemies":"2 Louse","floor":2.0,"turns":1.0},{"damage":0.0,"enemies":"Cultist","floor":4.0,"turns":1.0},{"damage":0.0,"enemies":"downfall:FleeingMerchant","floor":5.0,"turns":1.0},{"damage":13.0,"enemies":"Small Slimes","floor":6.0,"turns":4.0},{"damage":13.0,"enemies":"Blue Slaver","floor":8.0,"turns":4.0},{"damage":26.0,"enemies":"Gremlin Nob","floor":9.0,"turns":5.0},{"damage":22,"enemies":"Lots of Slimes","floor":14,"turns":2},{"damage":0,"enemies":"Large Slime","floor":15,"turns":6},{"damage":47,"enemies":"WA_ARCHETYPE_RETAIN","floor":16,"turns":13},{"damage":10,"enemies":"Spheric Guardian","floor":19,"turns":6},{"damage":22,"enemies":"downfall:LooterAlt2","floor":20,"turns":3},{"damage":29,"enemies":"3 Cultists","floor":21,"turns":4}],"seed_played":"8254524058180969900","potions_obtained":[{"floor":8.0,"key":"Dexterity Potion"},{"floor":9.0,"key":"Swift Potion"},{"floor":14,"key":"SpeedPotion"},{"floor":15,"key":"ColorlessPotion"},{"floor":19,"key":"champ:CounterPotion"}],"is_trial":false,"path_per_floor":["R","M","?","M","$","M","T","M","E","R","?","T","R","M","M","B",null,"R","M","M","M"],"character_chosen":"GUARDIAN","items_purchased":["Orrery"],"campfire_rested":1,"item_purchase_floors":[5],"current_hp_per_floor":[72,72,72,72,72,59,59,46,20,44,70,70,70,48,48,1,60,60,50,28,0,0,0],"gold":364,"neow_bonus":"THREE_ENEMY_KILL","is_daily":false,"chose_seed":false,"campfire_upgraded":3,"win_rate":0.0,"timestamp":1613810211,"path_taken":["R","M","?","M","?","M","T","M","E","R","?","?","R","M","M","BOSS","R","M","M","?"],"items_purchased_type":["Relic"],"build_version":"2020-12-22","purchased_purges":0,"victory":false,"max_hp_per_floor":[80,80,80,80,80,80,80,80,80,80,80,80,80,80,80,80,80,80,80,80,80,80,80],"relic_stats":{"counters":[12,47],"Black Star":0,"Smiling Mask":0,"obtain_stats":[{"Guardian:ModeShifter":0,"Orrery":5,"downfall:HeartsMalice":0,"Black Star":17,"Frozen Egg 2":12,"Smiling Mask":9,"InkBottle":7},{"Guardian:ModeShifter":0,"Orrery":3,"downfall:HeartsMalice":0,"Black Star":9,"Frozen Egg 2":6,"Smiling Mask":6,"InkBottle":4},{"Guardian:ModeShifter":0,"Orrery":0,"downfall:HeartsMalice":0,"Black Star":34,"Frozen Egg 2":13,"Smiling Mask":13,"InkBottle":4}],"InkBottle":[15]},"card_choices":[{"not_picked":["Guardian:RollAttack","Guardian:Gem_Red"],"picked":"Guardian:Clone","floor":2.0},{"not_picked":["Guardian:VentSteam","Guardian:Gem_Lightblue"],"picked":"Guardian:MultiBeam","floor":4.0},{"not_picked":["Guardian:Gem_Green","Guardian:Preprogram"],"picked":"Guardian:ShieldCharger","floor":5.0},{"not_picked":["Guardian:WalkerClaw","Guardian:Preprogram"],"picked":"Guardian:AncientConstruct","floor":5.0},{"not_picked":["Guardian:TemporalShield","Guardian:ChargeCore"],"picked":"Guardian:TimeCapacitor","floor":5.0},{"not_picked":["Guardian:Gem_Red","Guardian:Gem_Crimson"],"picked":"Guardian:ChargeCore","floor":5.0},{"not_picked":["Guardian:ArmoredProtocol","Guardian:Suspension"],"picked":"Guardian:Preprogram","floor":5.0},{"not_picked":["Guardian:Reroute","Guardian:RollAttack"],"picked":"Guardian:ShieldCharger","floor":5.0},{"not_picked":["Guardian:Gem_Blue","Guardian:VentSteam"],"picked":"Guardian:PolyBeam","floor":6.0},{"not_picked":["Guardian:TimeCapacitor","Guardian:VentSteam"],"picked":"Guardian:Gem_Green","floor":8.0},{"not_picked":["Guardian:ShieldCharger","Guardian:Gem_Fragmented"],"picked":"Guardian:Planning","floor":9.0},{"not_picked":["Guardian:PrismaticBeam","Guardian:RefractedBeam"],"picked":"Guardian:ChargeCore","floor":14},{"not_picked":["Guardian:Reroute","Guardian:Planning"],"picked":"Guardian:PiercingHide","floor":15},{"not_picked":["Guardian:FierceBash","Guardian:GemFire"],"picked":"Guardian:StasisStrike","floor":16},{"not_picked":["Guardian:Reroute","Guardian:PiercingHide"],"picked":"Guardian:Incinerate","floor":19},{"not_picked":["Guardian:PrismaticBeam","Guardian:Recover"],"picked":"Guardian:FuturePlans+1","floor":20}],"player_experience":761515,"relics_obtained":[{"floor":7.0,"key":"InkBottle"},{"floor":9.0,"key":"Smiling Mask"},{"floor":12.0,"key":"Frozen Egg 2"}],"event_choices":[{"damage_healed":26.0,"max_hp_gain":0.0,"max_hp_loss":0.0,"gold_gain":0.0,"event_name":"Big Fish","player_choice":"Banana","floor":11.0,"gold_loss":0.0,"damage_taken":0.0}],"is_beta":false,"boss_relics":[{"not_picked":["bronze:MakeshiftBattery","Guardian:StasisSlotReductionRelic"],"picked":"Black Star"}],"items_purged_floors":[],"is_endless":false,"potions_floor_spawned":[8,9,14,15,19],"killed_by":"3 Cultists","ascension_level":7}}