{"host":"r4yhuzs0e1z69tr3","time":1613857792,"event":{"mods":["BaseMod","Minty Spire (QoL Compilation)","Rare Cards Sparkle"],"gold_per_floor":[118,293,293,305,317,344,344,376,400,382,171,171,188,202,202,305,305,320,137,137,154,154,154,171,171,195,210,210,210,210,55,55,157,157,168,168,168,184,33,33,53,72,124,124,141,141,141],"floor_reached":46,"language":"ENG","playtime":2559,"items_purged":["Doubt"],"score":453,"play_id":"c3b32af7-6c78-4754-a1d0-57b22b7b5f56","local_time":"20210220164952","is_ascension_mode":false,"campfire_choices":[{"data":"Worship","floor":7,"key":"SMITH"},{"floor":12,"key":"REST"},{"floor":15,"key":"REST"},{"data":"Ragnarok","floor":23,"key":"SMITH"},{"data":"WindmillStrike","floor":25,"key":"SMITH"},{"floor":29,"key":"REST"},{"data":"Wallop","floor":32,"key":"SMITH"},{"floor":40,"key":"REST"},{"floor":44,"key":"REST"}],"circlet_count":0,"master_deck":["Defend_P","Eruption+1","Vigilance","Protect","Worship+1","Wallop+1","Brilliance","DeusExMachina","Ragnarok+1","Violence","WindmillStrike+1","Prostrate+1","Bite","Bite","Bite","Bite","Bite","Scrawl","Fasting2+1","Crescendo+1","ConjureBlade+1","Apotheosis","Parasite","WreathOfFlame+1"],"relics":["Velvet Choker","Pen Nib","Tiny Chest","MawBank","SlaversCollar","PreservedInsect","Regal Pillow","Vajra","Astrolabe","Orichalcum","Damaru"],"acts_visited":["Exordium","TheCity","TheBeyond"],"potions_floor_usage":[6,8,16,33,33,38,38,38,41,45],"damage_taken":[{"damage":1,"enemies":"Jaw Worm","floor":1,"turns":3},{"damage":0,"enemies":"Cultist","floor":4,"turns":2},{"damage":0,"enemies":"2 Louse","floor":5,"turns":2},{"damage":4,"enemies":"Gremlin Nob","floor":6,"turns":3},{"damage":44,"enemies":"Lagavulin","floor":8,"turns":13},{"damage":0,"enemies":"Looter","floor":10,"turns":4},{"damage":5,"enemies":"Lots of Slimes","floor":13,"turns":4},{"damage":1,"enemies":"Exordium Wildlife","floor":14,"turns":7},{"damage":38,"enemies":"Hexaghost","floor":16,"turns":9},{"damage":10,"enemies":"Spheric Guardian","floor":18,"turns":4},{"damage":7,"enemies":"Chosen","floor":21,"turns":4},{"damage":15,"enemies":"Snecko","floor":24,"turns":5},{"damage":24,"enemies":"Cultist and Chosen","floor":27,"turns":8},{"damage":20,"enemies":"Champ","floor":33,"turns":5},{"damage":15,"enemies":"3 Shapes","floor":35,"turns":3},{"damage":16,"enemies":"3 Darklings","floor":38,"turns":3},{"damage":38,"enemies":"4 Shapes","floor":41,"turns":5},{"damage":22,"enemies":"Writhing Mass","floor":42,"turns":5},{"damage":4,"enemies":"Spire Growth","floor":45,"turns":4},{"damage":49,"enemies":"Giant Head","floor":46,"turns":5}],"seed_played":"-773317248126637078","potions_obtained":[{"floor":3,"key":"SkillPotion"},{"floor":3,"key":"Ambrosia"},{"floor":3,"key":"DuplicationPotion"},{"floor":13,"key":"Fire Potion"},{"floor":14,"key":"SteroidPotion"},{"floor":16,"key":"Fire Potion"},{"floor":35,"key":"EntropicBrew"},{"floor":42,"key":"Weak Potion"}],"is_trial":false,"path_per_floor":["M","?","?","M","M","E","R","E","T","M","$","R","M","M","R","B",null,"M","$","?","M","?","R","M","R","T","M","?","R","T","$","R","B",null,"M","?","?","M","$","R","M","M","T","R","M","E"],"character_chosen":"WATCHER","items_purchased":["Brilliance","Violence","Vajra","Orichalcum"],"campfire_rested":5,"item_purchase_floors":[11,19,31,39],"current_hp_per_floor":[71,71,71,71,71,67,67,23,23,23,23,44,39,38,59,21,72,62,62,62,55,50,50,37,37,37,25,25,40,40,40,40,30,50,37,37,37,24,24,47,15,3,3,32,36,0,0],"gold":141,"neow_bonus":"BOSS_RELIC","is_daily":false,"chose_seed":false,"campfire_upgraded":4,"win_rate":0.0,"timestamp":1613857792,"path_taken":["M","?","?","M","?","E","R","E","T","M","$","R","M","M","R","BOSS","M","$","?","M","?","R","M","R","T","M","?","R","?","$","R","BOSS","M","?","?","M","$","R","M","M","T","R","M","E"],"items_purchased_type":["Card","Card","Relic","Relic"],"build_version":"2020-12-22","purchased_purges":1,"victory":false,"max_hp_per_floor":[72,72,72,72,72,72,72,72,72,72,72,72,72,72,72,72,72,72,72,72,72,50,50,50,50,50,50,50,50,50,50,50,50,50,50,50,47,47,47,47,47,47,47,47,47,47,47],"card_choices":[{"not_picked":["Halt","Adaptation"],"picked":"Protect","floor":1},{"not_picked":["Consecrate","FlyingSleeves","MentalFortress"],"picked":"SKIP","floor":4},{"not_picked":["Consecrate","EmptyBody","FollowUp"],"picked":"SKIP","floor":5},{"not_picked":["JustLucky","SashWhip"],"picked":"Worship","floor":6},{"not_picked":["FlyingSleeves","Nirvana","Halt"],"picked":"SKIP","floor":8},{"not_picked":["ThirdEye","DeceiveReality"],"picked":"Wallop","floor":10},{"not_picked":["ThirdEye","InnerPeace"],"picked":"DeusExMachina","floor":13},{"not_picked":["FlurryOfBlows","CrushJoints","JustLucky"],"picked":"SKIP","floor":14},{"not_picked":["Omniscience","Scrawl"],"picked":"Ragnarok","floor":16},{"not_picked":["FlyingSleeves","ThirdEye","FollowUp"],"picked":"SKIP","floor":18},{"not_picked":["FollowUp","Halt"],"picked":"Prostrate+1","floor":21},{"not_picked":["WaveOfTheHand","FollowUp+1","EmptyBody+1"],"picked":"SKIP","floor":24},{"not_picked":["Meditate+1","FlurryOfBlows","ClearTheMind"],"picked":"SKIP","floor":27},{"not_picked":["Judgement","MasterReality"],"picked":"Scrawl","floor":33},{"not_picked":["SashWhip+1","EmptyFist+1","FlurryOfBlows+1"],"picked":"SKIP","floor":35},{"not_picked":["Enlightenment","Secret Weapon"],"picked":"Apotheosis","floor":36},{"not_picked":["FlyingSleeves+1","FlurryOfBlows","Evaluate"],"picked":"SKIP","floor":38},{"not_picked":["Adaptation+1","Wallop+1","Pray"],"picked":"SKIP","floor":41},{"not_picked":["EmptyFist+1","Conclude","EmptyMind"],"picked":"SKIP","floor":42},{"not_picked":["SandsOfTime","CutThroughFate+1"],"picked":"WreathOfFlame+1","floor":45}],"player_experience":138850,"relics_obtained":[{"floor":6,"key":"Pen Nib"},{"floor":8,"key":"Tiny Chest"},{"floor":9,"key":"MawBank"},{"floor":26,"key":"PreservedInsect"},{"floor":30,"key":"Regal Pillow"},{"floor":43,"key":"Damaru"}],"event_choices":[{"damage_healed":0,"gold_gain":175,"player_choice":"AGREE","damage_taken":0,"max_hp_gain":0,"max_hp_loss":0,"event_name":"Liars Game","floor":2,"gold_loss":0,"cards_obtained":["Doubt"]},{"damage_healed":0,"gold_gain":0,"player_choice":"Got Potions","damage_taken":0,"max_hp_gain":0,"max_hp_loss":0,"event_name":"Lab","floor":3,"gold_loss":0},{"damage_healed":0,"gold_gain":0,"player_choice":"Read","damage_taken":0,"max_hp_gain":0,"max_hp_loss":0,"event_name":"The Library","floor":20,"gold_loss":0,"cards_obtained":["WindmillStrike"]},{"damage_healed":0,"gold_gain":0,"player_choice":"Became a vampire","damage_taken":0,"max_hp_gain":0,"max_hp_loss":22,"event_name":"Vampires","floor":22,"gold_loss":0,"cards_obtained":["Bite","Bite","Bite","Bite","Bite"]},{"damage_healed":0,"gold_gain":0,"player_choice":"Upgraded","damage_taken":0,"max_hp_gain":0,"max_hp_loss":0,"event_name":"Upgrade Shrine","floor":28,"gold_loss":0,"cards_upgraded":["Eruption"]},{"damage_healed":0,"gold_gain":0,"player_choice":"Memory 1","damage_taken":0,"max_hp_gain":0,"max_hp_loss":0,"event_name":"SensoryStone","floor":36,"gold_loss":0},{"damage_healed":0,"gold_gain":0,"player_choice":"Max HP","damage_taken":0,"max_hp_gain":0,"max_hp_loss":3,"event_name":"Winding Halls","floor":37,"gold_loss":0}],"is_beta":false,"boss_relics":[{"not_picked":["Black Star","Pandora\u0027s Box"],"picked":"SlaversCollar"},{"not_picked":["Empty Cage","Runic Dome"],"picked":"Astrolabe"}],"items_purged_floors":[11],"is_endless":false,"potions_floor_spawned":[4,13,14,16,21,35,42],"killed_by":"Giant Head","ascension_level":0}}