{"host":"vumwfieg2b2mnrfl","time":1613856657,"event":{"mods":["AchievementEnabler","BaseMod","Minty Spire (QoL Compilation)","Rare Cards Sparkle","Relic Stats"],"gold_per_floor":[169,169,196,215,215,215,249,249,300,343,356,356,22,22,22,117,117,142,142,115,115,134,134,134],"floor_reached":23,"language":"ENG","playtime":628,"items_purged":["Regret"],"score":444,"play_id":"7ab58680-2cb4-4a4d-aab4-79e024e60e72","local_time":"20210220153057","is_ascension_mode":true,"campfire_choices":[{"data":"Bouncing Flask","floor":6,"key":"SMITH"},{"floor":8,"key":"REST"},{"data":"Prepared","floor":12,"key":"SMITH"},{"data":"Backflip","floor":15,"key":"SMITH"}],"circlet_count":0,"master_deck":["AscendersBane","Strike_G","Strike_G","Strike_G","Strike_G","Strike_G","Defend_G","Defend_G","Defend_G","Defend_G","Defend_G","Survivor","Neutralize+1","Bouncing Flask+1","Prepared+1","Poisoned Stab","Injury","All Out Attack","Deadly Poison","Backflip+1","Phantasmal Killer","Blur+1","Leg Sweep","Unload+1","Catalyst","Noxious Fumes"],"relics":["Tiny House","Toy Ornithopter","Orichalcum","Golden Idol","Matryoshka","Mercury Hourglass","Blood Vial","Smiling Mask","Molten Egg 2","Sozu"],"acts_visited":["Exordium","TheCity"],"potions_floor_usage":[10,16],"damage_taken":[{"damage":1,"enemies":"Small Slimes","floor":1,"turns":3},{"damage":9,"enemies":"Jaw Worm","floor":4,"turns":2},{"damage":23,"enemies":"Lagavulin","floor":7,"turns":6},{"damage":3,"enemies":"Gremlin Nob","floor":10,"turns":3},{"damage":0,"enemies":"2 Louse","floor":11,"turns":2},{"damage":52,"enemies":"Slime Boss","floor":16,"turns":9},{"damage":17,"enemies":"Shell Parasite","floor":18,"turns":4},{"damage":17,"enemies":"2 Thieves","floor":20,"turns":4},{"damage":3,"enemies":"3 Cultists","floor":22,"turns":4},{"damage":32,"enemies":"Book of Stabbing","floor":23,"turns":4}],"seed_played":"2479394274431741875","potions_obtained":[{"floor":0,"key":"AttackPotion"},{"floor":4,"key":"SpeedPotion"},{"floor":7,"key":"Poison Potion"}],"is_trial":false,"path_per_floor":["M","?","T","M","?","R","E","R","T","E","M","R","$","?","R","B",null,"M","?","M","?","M","E"],"character_chosen":"THE_SILENT","items_purchased":["Molten Egg 2"],"campfire_rested":1,"item_purchase_floors":[13],"current_hp_per_floor":[63,63,63,54,54,54,31,52,52,56,58,58,58,58,58,13,57,42,42,27,27,26,0,0],"gold":134,"neow_bonus":"BOSS_RELIC","is_daily":false,"chose_seed":false,"campfire_upgraded":3,"win_rate":0.0,"timestamp":1613856657,"path_taken":["M","?","?","M","?","R","E","R","T","E","M","R","$","?","R","BOSS","M","?","M","?","?","E"],"items_purchased_type":["Relic"],"build_version":"2020-12-22","purchased_purges":1,"victory":false,"max_hp_per_floor":[71,71,71,71,71,71,71,71,71,71,71,71,71,71,71,71,71,71,71,71,71,71,71,71],"relic_stats":{"Blood Vial":14,"Sozu":1,"counters":[10,41],"Golden Idol":50,"Orichalcum":[120],"Smiling Mask":25,"obtain_stats":[{"Blood Vial":9,"Sozu":17,"Tiny House":0,"Matryoshka":7,"Golden Idol":5,"Molten Egg 2":13,"Orichalcum":3,"Smiling Mask":10,"Toy Ornithopter":2,"Ring of the Snake":0,"Mercury Hourglass":9},{"Blood Vial":3,"Sozu":6,"Tiny House":0,"Matryoshka":3,"Golden Idol":2,"Molten Egg 2":5,"Orichalcum":1,"Smiling Mask":4,"Toy Ornithopter":1,"Ring of the Snake":0,"Mercury Hourglass":3},{"Blood Vial":11,"Sozu":25,"Tiny House":0,"Matryoshka":11,"Golden Idol":5,"Molten Egg 2":16,"Orichalcum":3,"Smiling Mask":14,"Toy Ornithopter":3,"Ring of the Snake":0,"Mercury Hourglass":11}],"Toy Ornithopter":10,"Mercury Hourglass":[120]},"card_choices":[{"not_picked":["PiercingWail","Heel Hook"],"picked":"Bouncing Flask","floor":0},{"not_picked":["Underhanded Strike","Deflect"],"picked":"Prepared","floor":1},{"not_picked":["Tactician","Sucker Punch"],"picked":"Poisoned Stab","floor":4},{"not_picked":["Grand Finale","Eviscerate"],"picked":"All Out Attack","floor":7},{"not_picked":["Backflip","Poisoned Stab"],"picked":"Deadly Poison","floor":10},{"not_picked":["Dagger Throw","Sucker Punch"],"picked":"Backflip","floor":11},{"not_picked":["Storm of Steel","Grand Finale+1"],"picked":"Phantasmal Killer","floor":16},{"not_picked":["Dagger Spray+1","Cloak And Dagger"],"picked":"Blur+1","floor":18},{"not_picked":["Blade Dance","PiercingWail"],"picked":"Leg Sweep","floor":20},{"not_picked":["Crippling Poison","Cloak And Dagger+1"],"picked":"Noxious Fumes","floor":22}],"player_experience":574153,"relics_obtained":[{"floor":3,"key":"Orichalcum"},{"floor":7,"key":"Matryoshka"},{"floor":9,"key":"Mercury Hourglass"},{"floor":9,"key":"Blood Vial"},{"floor":10,"key":"Smiling Mask"}],"event_choices":[{"damage_healed":0,"gold_gain":0,"player_choice":"Box","damage_taken":0,"relics_obtained":["Toy Ornithopter"],"max_hp_gain":0,"max_hp_loss":0,"event_name":"Big Fish","floor":2,"gold_loss":0,"cards_obtained":["Regret"]},{"damage_healed":0,"gold_gain":0,"player_choice":"Take Wound","damage_taken":0,"relics_obtained":["Golden Idol"],"max_hp_gain":0,"max_hp_loss":0,"event_name":"Golden Idol","floor":5,"gold_loss":0,"cards_obtained":["Injury"]},{"damage_healed":0,"gold_gain":0,"player_choice":"Ignored","damage_taken":0,"max_hp_gain":0,"max_hp_loss":0,"event_name":"Liars Game","floor":14,"gold_loss":0},{"damage_healed":0,"gold_gain":0,"player_choice":"Ignored","damage_taken":0,"max_hp_gain":0,"max_hp_loss":0,"event_name":"Ghosts","floor":19,"gold_loss":0},{"damage_healed":0,"gold_gain":0,"player_choice":"2 cards matched","damage_taken":0,"max_hp_gain":0,"max_hp_loss":0,"event_name":"Match and Keep!","floor":21,"gold_loss":0,"cards_obtained":["Unload","Catalyst"]}],"is_beta":false,"boss_relics":[{"not_picked":["Empty Cage","Cursed Key"],"picked":"Sozu"}],"items_purged_floors":[13],"is_endless":false,"potions_floor_spawned":[4,7,18],"killed_by":"Book of Stabbing","ascension_level":20}}