{"host":"g7uq9uzahx9e0kti","time":1613817818,"event":{"mods":["100% Spire Juice","AchievementEnabler","Act Like it!","Arknights","BaseMod","CapriCore","Hermit","Koishi","Minty Spire (QoL Compilation)","Permanent Neow","Quick Restart","StSLib","SuperFastMode","The Bug Knight","The Cursed","The Hierophant","The Poker Player","Together in Spire","WarShipGirlsR/??á´Ò³R mod"],"gold_per_floor":[110,125,145,145,155,155,155,168,168,168,168,201,201,216,216,216,216],"floor_reached":16,"language":"KOR","playtime":645,"items_purged":[],"score":102,"play_id":"993efdca-7166-438b-b15b-3930fbaf401d","local_time":"20210220194338","is_ascension_mode":false,"campfire_choices":[{"data":"hermit:Snapshot","floor":6,"key":"SMITH"},{"floor":10,"key":"REST"},{"data":"hermit:HighCaliber","floor":13,"key":"SMITH"},{"floor":15,"key":"REST"}],"circlet_count":0,"master_deck":["hermit:Strike_Hermit","hermit:Strike_Hermit","hermit:Strike_Hermit","hermit:Defend_Hermit","hermit:Defend_Hermit","hermit:Defend_Hermit","hermit:Defend_Hermit","hermit:Snapshot+1","hermit:Covet","hermit:CalledShot","hermit:Shortfuse","hermit:Misfire","Regret","hermit:SprayPray","hermit:LuckOfTheDraw","hermit:HighCaliber+1","hermit:Grudge","hermit:Headshot"],"relics":["hermit:Momento","Dream Catcher","Pantograph","Ornamental Fan","Blue Candle"],"acts_visited":["Exordium"],"potions_floor_usage":[16,16],"damage_taken":[{"damage":0,"enemies":"2 Louse","floor":1,"turns":2},{"damage":6,"enemies":"ats:Genji","floor":2,"turns":4},{"damage":0,"enemies":"Cultist","floor":3,"turns":3},{"damage":3,"enemies":"Lots of Slimes","floor":5,"turns":3},{"damage":8,"enemies":"2 Fungi Beasts","floor":8,"turns":3},{"damage":29,"enemies":"Gremlin Nob","floor":12,"turns":4},{"damage":17,"enemies":"Exordium Wildlife","floor":14,"turns":3},{"damage":82,"enemies":"Slime Boss","floor":16,"turns":10}],"seed_played":"-9118340895096223586","potions_obtained":[{"floor":2,"key":"FearPotion"},{"floor":3,"key":"PowerPotion"},{"floor":8,"key":"Fire Potion"}],"is_trial":false,"path_per_floor":["M","M","M","?","M","R","?","M","T","R","?","E","R","M","R","B"],"character_chosen":"HERMIT","items_purchased":[],"campfire_rested":2,"item_purchase_floors":[],"current_hp_per_floor":[75,69,69,62,59,59,59,51,51,73,73,44,44,27,49,0,0],"gold":216,"neow_bonus":"RANDOM_COMMON_RELIC","is_daily":false,"chose_seed":false,"campfire_upgraded":2,"win_rate":0.0,"timestamp":1613817818,"path_taken":["M","M","M","?","M","R","?","M","T","R","?","E","R","?","R","BOSS"],"items_purchased_type":[],"build_version":"2020-12-22","purchased_purges":0,"victory":false,"max_hp_per_floor":[75,75,75,75,75,75,75,75,75,75,75,75,75,75,75,75,75],"card_choices":[{"not_picked":["hermit:Roulette","hermit:Determination"],"picked":"hermit:CalledShot","floor":1},{"not_picked":["hermit:EyeOfTheStorm","hermit:HoleUp","hermit:Cheat"],"picked":"SKIP","floor":2},{"not_picked":["hermit:Determination","hermit:Grudge"],"picked":"hermit:Shortfuse","floor":3},{"not_picked":["hermit:Coalescence","hermit:Purgatory"],"picked":"hermit:Misfire","floor":5},{"not_picked":["hermit:Ricochet","hermit:Vantage"],"picked":"hermit:SprayPray","floor":8},{"not_picked":["hermit:Showdown","hermit:CalledShot"],"picked":"hermit:HighCaliber","floor":12},{"not_picked":["hermit:Feint","hermit:Scavenge"],"picked":"hermit:Grudge","floor":14},{"not_picked":["hermit:TrackingShot","hermit:LoneWolf"],"picked":"hermit:Headshot","floor":15}],"player_experience":142974,"relics_obtained":[{"floor":9,"key":"Ornamental Fan"},{"floor":12,"key":"Blue Candle"}],"event_choices":[{"cards_removed":["hermit:Strike_Hermit"],"damage_healed":0,"gold_gain":0,"player_choice":"Card Removal","damage_taken":7,"max_hp_gain":0,"max_hp_loss":0,"event_name":"Golden Wing","floor":4,"gold_loss":0},{"damage_healed":0,"gold_gain":0,"player_choice":"Box","damage_taken":0,"relics_obtained":["Pantograph"],"max_hp_gain":0,"max_hp_loss":0,"event_name":"Big Fish","floor":7,"gold_loss":0,"cards_obtained":["Regret"]},{"damage_healed":0,"gold_gain":0,"player_choice":"1 cards matched","damage_taken":0,"max_hp_gain":0,"max_hp_loss":0,"event_name":"Match and Keep!","floor":11,"gold_loss":0,"cards_obtained":["hermit:LuckOfTheDraw"]}],"is_beta":false,"boss_relics":[],"items_purged_floors":[],"is_endless":false,"potions_floor_spawned":[2,3,8],"killed_by":"Slime Boss","ascension_level":0}}