{"host":"36t3qd3wjvajtu1z","time":1613790265,"event":{"mods":["2.2 Compatiblity","AchievementEnabler","BaseMod","Bestiary","Block Reminder","Colored Powertips","Curses Come First","Filter the Spire","Highlight Path","Minty Spire (QoL Compilation)","Permanent Neow","Quick Restart","Random Character Button","Rare Cards Sparkle","Relic Stats","Slay-I","StSLib","Unknown Chances"],"gold_per_floor":[361,381,51,0,0,0,26,26,26,26,56,26,26,45,45,124,124,141,141,24,36,0,0,17,17,17,17,42,56,23,48,48,48,48],"floor_reached":33,"language":"ENG","playtime":1252,"items_purged":["Pain"],"score":535,"play_id":"376ffe77-12c7-43a4-acc6-060d0e7d7c5d","local_time":"20210219190425","is_ascension_mode":true,"campfire_choices":[{"data":"Rip and Tear","floor":6,"key":"SMITH"},{"floor":10,"key":"REST"},{"floor":13,"key":"REST"},{"data":"Beam Cell","floor":15,"key":"SMITH"},{"data":"Sweeping Beam","floor":23,"key":"SMITH"},{"floor":25,"key":"REST"},{"data":"Conserve Battery","floor":32,"key":"SMITH"}],"circlet_count":0,"master_deck":["AscendersBane","Zap","Dualcast+1","Compile Driver","Rip and Tear+1","Cold Snap","Coolheaded","Machine Learning","Beam Cell+1","Self Repair","Sweeping Beam+1","Core Surge","Cold Snap","Redo","Compile Driver","Thunder Strike","White Noise","Thunder Strike","Steam Power","Dramatic Entrance","Conserve Battery+1","BootSequence","Conserve Battery+1","Core Surge","Ball Lightning+1","Sunder","Buffer"],"relics":["Cracked Core","OrangePellets","Bag of Marbles","The Courier","Vajra","Pandora\u0027s Box","StrikeDummy","Omamori","Thread and Needle"],"acts_visited":["Exordium","TheCity"],"potions_floor_usage":[7,11,28,28,29],"damage_taken":[{"damage":5,"enemies":"2 Louse","floor":1,"turns":3},{"damage":15,"enemies":"Small Slimes","floor":2,"turns":3},{"damage":25,"enemies":"Gremlin Nob","floor":7,"turns":5},{"damage":18,"enemies":"Lagavulin","floor":11,"turns":4},{"damage":5,"enemies":"Jaw Worm","floor":14,"turns":3},{"damage":27,"enemies":"Slime Boss","floor":16,"turns":7},{"damage":31,"enemies":"Shell Parasite","floor":18,"turns":3},{"damage":22,"enemies":"2 Thieves","floor":21,"turns":2},{"damage":10,"enemies":"Cultist and Chosen","floor":24,"turns":4},{"damage":10,"enemies":"Slavers","floor":28,"turns":3},{"damage":14,"enemies":"Snecko","floor":29,"turns":5},{"damage":24,"enemies":"Gremlin Leader","floor":31,"turns":4},{"damage":28,"enemies":"Automaton","floor":33,"turns":4}],"seed_played":"5218479027193899102","potions_obtained":[{"floor":7,"key":"Fruit Juice"},{"floor":11,"key":"PotionOfCapacity"},{"floor":16,"key":"DuplicationPotion"},{"floor":21,"key":"PowerPotion"},{"floor":28,"key":"Regen Potion"}],"is_trial":false,"path_per_floor":["M","M","$","?","?","R","E","?","T","R","E","$","R","M","R","B",null,"M","?","$","M","?","R","M","R","T","?","E","M","$","E","R","B"],"character_chosen":"DEFECT","items_purchased":["Cold Snap","BlessingOfTheForge","OrangePellets","Self Repair","Dramatic Entrance","Conserve Battery","Sunder"],"campfire_rested":3,"item_purchase_floors":[3,3,3,12,20,20,30],"current_hp_per_floor":[59,44,44,44,44,44,24,1,1,23,5,5,27,29,29,2,58,34,34,34,12,12,12,9,31,31,31,35,40,40,23,23,0,0],"gold":48,"neow_bonus":"TWO_FIFTY_GOLD","is_daily":false,"chose_seed":false,"campfire_upgraded":4,"win_rate":0.0,"timestamp":1613790265,"path_taken":["M","M","$","?","?","R","E","?","T","R","E","?","R","M","R","BOSS","M","?","$","M","?","R","M","R","T","?","E","M","?","E","R","BOSS"],"items_purchased_type":["Card","Potion","Relic","Card","Card","Card","Card"],"build_version":"2020-12-22","purchased_purges":1,"victory":false,"max_hp_per_floor":[71,71,71,71,71,71,76,76,76,76,76,76,76,76,76,76,76,76,76,76,76,76,76,76,76,76,76,76,76,76,76,76,76,76],"relic_stats":{"OrangePellets":[2],"counters":[13,50],"Pandora\u0027s Box":["Cold Snap","Redo","Compile Driver","Thunder Strike","White Noise","Thunder Strike","Steam Power"],"obtain_stats":[{"OrangePellets":3,"Vajra":11,"Pandora\u0027s Box":17,"Thread and Needle":31,"The Courier":9,"Bag of Marbles":7,"Omamori":28,"Cracked Core":0,"StrikeDummy":26},{"OrangePellets":2,"Vajra":4,"Pandora\u0027s Box":6,"Thread and Needle":12,"The Courier":3,"Bag of Marbles":3,"Omamori":10,"Cracked Core":0,"StrikeDummy":9},{"OrangePellets":6,"Vajra":15,"Pandora\u0027s Box":25,"Thread and Needle":46,"The Courier":11,"Bag of Marbles":11,"Omamori":37,"Cracked Core":0,"StrikeDummy":34}]},"card_choices":[{"not_picked":["Hello World","Chaos"],"picked":"Compile Driver","floor":1},{"not_picked":["Gash","Turbo"],"picked":"Rip and Tear","floor":2},{"not_picked":["BootSequence","Auto Shields"],"picked":"Machine Learning","floor":7},{"not_picked":["Hologram","Heatsinks"],"picked":"Beam Cell","floor":11},{"not_picked":["Barrage","Coolheaded"],"picked":"Sweeping Beam","floor":14},{"not_picked":["Amplify","Hyperbeam"],"picked":"Core Surge","floor":16},{"not_picked":["Coolheaded","Hello World","Fusion"],"picked":"SKIP","floor":18},{"not_picked":["Rip and Tear","Turbo"],"picked":"BootSequence","floor":21},{"not_picked":["FTL","Rebound"],"picked":"Conserve Battery+1","floor":24},{"not_picked":["Hologram","Auto Shields"],"picked":"Core Surge","floor":28},{"not_picked":["Beam Cell","Redo+1"],"picked":"Ball Lightning+1","floor":29},{"not_picked":["White Noise","Hologram+1"],"picked":"Buffer","floor":31}],"player_experience":567904,"relics_obtained":[{"floor":7,"key":"Bag of Marbles"},{"floor":9,"key":"The Courier"},{"floor":11,"key":"Vajra"},{"floor":26,"key":"StrikeDummy"},{"floor":28,"key":"Omamori"},{"floor":31,"key":"Thread and Needle"}],"event_choices":[{"damage_healed":0,"gold_gain":0,"player_choice":"Left Gold","damage_taken":0,"max_hp_gain":0,"max_hp_loss":0,"event_name":"World of Goop","floor":4,"gold_loss":51},{"damage_healed":0,"gold_gain":0,"cards_transformed":["Strike_B"],"player_choice":"Change","damage_taken":0,"max_hp_gain":0,"max_hp_loss":0,"event_name":"Living Wall","floor":5,"gold_loss":0,"cards_obtained":["Coolheaded"]},{"damage_healed":0,"gold_gain":0,"player_choice":"Entered Light","damage_taken":23,"max_hp_gain":0,"max_hp_loss":0,"event_name":"Shining Light","floor":8,"gold_loss":0,"cards_upgraded":["Dualcast","Strike_B"]},{"damage_healed":0,"gold_gain":0,"player_choice":"Ignored","damage_taken":0,"max_hp_gain":0,"max_hp_loss":0,"event_name":"The Mausoleum","floor":19,"gold_loss":0},{"damage_healed":0,"gold_gain":0,"player_choice":"Paid Fearfully","damage_taken":0,"max_hp_gain":0,"max_hp_loss":0,"event_name":"Masked Bandits","floor":22,"gold_loss":36},{"damage_healed":0,"gold_gain":0,"player_choice":"Ignored","damage_taken":0,"max_hp_gain":0,"max_hp_loss":0,"event_name":"Vampires","floor":27,"gold_loss":0}],"is_beta":false,"boss_relics":[{"not_picked":["Nuclear Battery","Cursed Key"],"picked":"Pandora\u0027s Box"}],"items_purged_floors":[3],"is_endless":false,"potions_floor_spawned":[7,11,16,21,28],"killed_by":"Automaton","ascension_level":17}}