{"host":"msmkw03x1o7nq45i","time":1613782432,"event":{"mods":["AchievementEnabler","BaseMod","Bestiary","Colored Powertips","GifTheSpireLib","Highlight Path","Minty Spire (QoL Compilation)","Random Character Button","Relic Stats","StSLib","everything is the same but u backflip on backflip"],"gold_per_floor":[118,132,158,171,0,28,63,63,63,77,77,47,80,0,0,76,76,91,6,16,16,16,16,50,50,50,69,85,112,112,112,112,188,188,203,203,216,227,243,274,274,302,360,403,415,479,571,213,213,213,213],"floor_reached":50,"language":"ENG","playtime":3202,"items_purged":[],"score":1237,"play_id":"b792269c-e0ad-4d8e-95ce-f6176b1d85df","local_time":"20210220025352","is_ascension_mode":true,"campfire_choices":[{"data":"Hemokinesis","floor":8,"key":"SMITH"},{"data":"Metallicize","floor":11,"key":"SMITH"},{"data":"Rupture","floor":15,"key":"SMITH"},{"data":"Corruption","floor":23,"key":"SMITH"},{"data":"Combust","floor":25,"key":"SMITH"},{"data":"Sword Boomerang","floor":30,"key":"SMITH"},{"data":"Uppercut","floor":32,"key":"SMITH"},{"data":"Burning Pact","floor":41,"key":"SMITH"},{"floor":45,"key":"RECALL"},{"floor":49,"key":"DIG"}],"circlet_count":0,"master_deck":["AscendersBane","Bash","Hemokinesis+1","Headbutt","Burning Pact+1","Metallicize+1","Pommel Strike","Offering+1","Rupture+1","Flame Barrier+1","Corruption+1","Pummel","Limit Break+1","Battle Trance+1","Power Through+1","Combust+1","Thunderclap","Spot Weakness+1","Uppercut+1","Shockwave+1","Flame Barrier+1","Ghostly+1","Ghostly+1","Ghostly+1","Twin Strike","Sword Boomerang+1","RitualDagger+1","Exhume+1","True Grit+1","Spot Weakness+1","Dropkick+1","Disarm+1"],"relics":["Burning Blood","NeowsBlessing","Regal Pillow","Toolbox","Lizard Tail","Toxic Egg 2","Akabeko","Pandora\u0027s Box","CaptainsWheel","HornCleat","Mercury Hourglass","The Courier","Pear","Mark of Pain","Blue Candle","MawBank","Bottled Lightning","Shovel","Kunai","Oddly Smooth Stone","Gambling Chip","Letter Opener"],"acts_visited":["Exordium","TheCity","TheBeyond"],"potions_floor_usage":[6,13,16,16,33,35,38,40,40,44,50],"damage_taken":[{"damage":0,"enemies":"Cultist","floor":1,"turns":1},{"damage":0,"enemies":"Small Slimes","floor":2,"turns":1},{"damage":0,"enemies":"2 Louse","floor":4,"turns":1},{"damage":39,"enemies":"Lagavulin","floor":6,"turns":6},{"damage":12,"enemies":"Blue Slaver","floor":7,"turns":5},{"damage":2,"enemies":"Looter","floor":10,"turns":1},{"damage":12,"enemies":"3 Sentries","floor":13,"turns":4},{"damage":48,"enemies":"The Guardian","floor":16,"turns":16},{"damage":8,"enemies":"Spheric Guardian","floor":18,"turns":4},{"damage":8,"enemies":"2 Thieves","floor":20,"turns":3},{"damage":5,"enemies":"Gremlin Leader","floor":24,"turns":7},{"damage":8,"enemies":"Centurion and Healer","floor":27,"turns":4},{"damage":2,"enemies":"Snake Plant","floor":28,"turns":3},{"damage":12,"enemies":"Book of Stabbing","floor":29,"turns":5},{"damage":12,"enemies":"Champ","floor":33,"turns":5},{"damage":1,"enemies":"3 Darklings","floor":35,"turns":4},{"damage":2,"enemies":"3 Shapes","floor":37,"turns":3},{"damage":6,"enemies":"3 Darklings","floor":38,"turns":3},{"damage":10,"enemies":"Spire Growth","floor":39,"turns":3},{"damage":25,"enemies":"Giant Head","floor":40,"turns":6},{"damage":10,"enemies":"Reptomancer","floor":42,"turns":3},{"damage":8,"enemies":"Giant Head","floor":44,"turns":7},{"damage":6,"enemies":"2 Orb Walkers","floor":46,"turns":4},{"damage":19,"enemies":"Donu and Deca","floor":50,"turns":7}],"seed_played":"-103640867658221890","potions_obtained":[{"floor":2,"key":"Block Potion"},{"floor":10,"key":"DistilledChaos"},{"floor":12,"key":"SkillPotion"},{"floor":13,"key":"Block Potion"},{"floor":16,"key":"Strength Potion"},{"floor":27,"key":"SneckoOil"},{"floor":29,"key":"ColorlessPotion"},{"floor":33,"key":"PowerPotion"},{"floor":37,"key":"Block Potion"},{"floor":39,"key":"EssenceOfSteel"},{"floor":40,"key":"SkillPotion"},{"floor":42,"key":"LiquidMemories"}],"is_trial":false,"path_per_floor":["M","M","T","M","$","E","M","R","T","M","R","?","E","$","R","B",null,"M","?","M","?","T","R","E","R","T","M","M","E","R","?","R","B",null,"M","?","M","M","M","E","R","E","T","E","R","?","T","$","R","B"],"character_chosen":"IRONCLAD","items_purchased":["Toolbox","Flame Barrier+1","Oddly Smooth Stone","Gambling Chip"],"campfire_rested":0,"item_purchase_floors":[5,14,48,48],"current_hp_per_floor":[74,75,75,75,75,42,36,36,36,40,40,40,34,34,34,29,64,62,62,60,37,37,37,37,37,37,35,37,41,41,35,35,29,43,47,47,47,47,43,24,24,20,20,18,18,18,18,18,18,0,0],"gold":213,"neow_bonus":"THREE_ENEMY_KILL","is_daily":false,"chose_seed":false,"campfire_upgraded":8,"win_rate":0.0,"timestamp":1613782432,"path_taken":["M","M","?","M","?","E","M","R","T","M","R","?","E","$","R","BOSS","M","?","M","?","?","R","E","R","T","M","M","E","R","?","R","BOSS","M","?","M","M","?","E","R","E","T","E","R","?","?","?","R","BOSS"],"items_purchased_type":["Relic","Card","Relic","Relic"],"build_version":"2020-12-22","purchased_purges":0,"victory":false,"max_hp_per_floor":[75,75,75,75,75,75,75,75,75,75,75,75,75,75,75,75,75,75,75,75,37,37,37,37,37,37,37,37,47,47,47,47,47,47,47,47,47,47,47,47,47,47,47,47,47,47,47,47,47,47,47],"relic_stats":{"Regal Pillow":0,"counters":[24,106],"Blue Candle":[0],"Letter Opener":[34],"MawBank":72,"Burning Blood":119,"Mercury Hourglass":[228],"Lizard Tail":37,"Shovel":1,"Gambling Chip":[3],"Pandora\u0027s Box":["Pummel","Limit Break","Battle Trance","Power Through","Combust","Thunderclap","Spot Weakness","Uppercut","Shockwave"],"Kunai":[1],"obtain_stats":[{"Regal Pillow":3,"Pear":29,"NeowsBlessing":0,"Blue Candle":40,"Oddly Smooth Stone":48,"The Courier":26,"Letter Opener":49,"MawBank":42,"Burning Blood":0,"Akabeko":13,"Mercury Hourglass":24,"Lizard Tail":6,"CaptainsWheel":19,"HornCleat":22,"Shovel":46,"Gambling Chip":48,"Toolbox":5,"Pandora\u0027s Box":17,"Mark of Pain":34,"Bottled Lightning":44,"Kunai":47,"Toxic Egg 2":9},{"Regal Pillow":2,"Pear":14,"NeowsBlessing":0,"Blue Candle":20,"Oddly Smooth Stone":23,"The Courier":11,"Letter Opener":23,"MawBank":21,"Burning Blood":0,"Akabeko":7,"Mercury Hourglass":11,"Lizard Tail":4,"CaptainsWheel":9,"HornCleat":10,"Shovel":23,"Gambling Chip":23,"Toolbox":3,"Pandora\u0027s Box":8,"Mark of Pain":15,"Bottled Lightning":22,"Kunai":23,"Toxic Egg 2":5},{"Regal Pillow":2,"Pear":61,"NeowsBlessing":0,"Blue Candle":85,"Oddly Smooth Stone":99,"The Courier":49,"Letter Opener":99,"MawBank":88,"Burning Blood":0,"Akabeko":19,"Mercury Hourglass":49,"Lizard Tail":9,"CaptainsWheel":39,"HornCleat":42,"Shovel":99,"Gambling Chip":99,"Toolbox":3,"Pandora\u0027s Box":35,"Mark of Pain":66,"Bottled Lightning":95,"Kunai":99,"Toxic Egg 2":14}]},"card_choices":[{"not_picked":["Iron Wave","Clash"],"picked":"Hemokinesis","floor":1},{"not_picked":["Dark Embrace","Shrug It Off"],"picked":"Headbutt","floor":2},{"not_picked":["Flex","Second Wind"],"picked":"Burning Pact","floor":4},{"not_picked":["Thunderclap","Dropkick"],"picked":"Metallicize","floor":6},{"not_picked":["Twin Strike","Anger"],"picked":"Pommel Strike","floor":7},{"not_picked":["Clash","Shrug It Off+1"],"picked":"Offering+1","floor":10},{"not_picked":["Flex+1","Evolve"],"picked":"Rupture","floor":13},{"not_picked":["Offering+1","Barricade"],"picked":"Corruption","floor":16},{"not_picked":["Cleave","Body Slam"],"picked":"Flame Barrier+1","floor":18},{"not_picked":["Cleave","Armaments+1","Flex+1"],"picked":"SKIP","floor":20},{"not_picked":["Anger","Pommel Strike+1"],"picked":"Twin Strike","floor":24},{"not_picked":["Intimidate+1","Battle Trance+1"],"picked":"Sword Boomerang","floor":27},{"not_picked":["Limit Break+1","Rampage","Iron Wave+1"],"picked":"SKIP","floor":28},{"not_picked":["Rupture","Wild Strike","Thunderclap"],"picked":"SKIP","floor":29},{"not_picked":["Offering+1","Limit Break+1"],"picked":"Exhume+1","floor":33},{"not_picked":["Cleave","Pommel Strike"],"picked":"True Grit+1","floor":35},{"not_picked":["Metallicize","Twin Strike","Heavy Blade"],"picked":"SKIP","floor":37},{"not_picked":["Whirlwind","Battle Trance+1"],"picked":"Spot Weakness+1","floor":38},{"not_picked":["Thunderclap+1","Anger"],"picked":"Dropkick+1","floor":39},{"not_picked":["Twin Strike","Reckless Charge"],"picked":"Disarm+1","floor":40},{"not_picked":["Clash","Carnage+1","Power Through+1"],"picked":"SKIP","floor":42},{"not_picked":["Clash","Twin Strike","Iron Wave"],"picked":"SKIP","floor":44}],"player_experience":563261,"relics_obtained":[{"floor":3,"key":"Regal Pillow"},{"floor":6,"key":"Lizard Tail"},{"floor":9,"key":"Toxic Egg 2"},{"floor":13,"key":"Akabeko"},{"floor":22,"key":"HornCleat"},{"floor":24,"key":"Mercury Hourglass"},{"floor":26,"key":"The Courier"},{"floor":29,"key":"Pear"},{"floor":40,"key":"Blue Candle"},{"floor":42,"key":"MawBank"},{"floor":44,"key":"Bottled Lightning"},{"floor":46,"key":"Shovel"},{"floor":47,"key":"Kunai"},{"floor":49,"key":"Letter Opener"}],"event_choices":[{"damage_healed":0,"gold_gain":0,"player_choice":"Bought 2 Potions","damage_taken":0,"max_hp_gain":0,"max_hp_loss":0,"event_name":"The Woman in Blue","floor":12,"gold_loss":0},{"damage_healed":0,"gold_gain":0,"player_choice":"Obtained Relic","damage_taken":0,"relics_obtained":["CaptainsWheel"],"max_hp_gain":0,"max_hp_loss":0,"event_name":"Addict","floor":19,"gold_loss":85},{"damage_healed":0,"gold_gain":0,"player_choice":"Became a Ghost","damage_taken":0,"max_hp_gain":0,"max_hp_loss":38,"event_name":"Ghosts","floor":21,"gold_loss":0,"cards_obtained":["Ghostly","Ghostly","Ghostly"]},{"damage_healed":0,"gold_gain":0,"player_choice":"Joined the Cult","damage_taken":6,"max_hp_gain":0,"max_hp_loss":0,"event_name":"Nest","floor":31,"gold_loss":0,"cards_obtained":["RitualDagger"]},{"damage_healed":0,"gold_gain":0,"player_choice":"Forge","damage_taken":0,"max_hp_gain":0,"max_hp_loss":0,"event_name":"Accursed Blacksmith","floor":36,"gold_loss":0,"cards_upgraded":["RitualDagger"]},{"damage_healed":0,"gold_gain":0,"player_choice":"Fight","damage_taken":0,"max_hp_gain":0,"max_hp_loss":0,"event_name":"Mysterious Sphere","floor":46,"gold_loss":0}],"is_beta":false,"boss_relics":[{"not_picked":["Astrolabe","Coffee Dripper"],"picked":"Pandora\u0027s Box"},{"not_picked":["Runic Cube","Snecko Eye"],"picked":"Mark of Pain"}],"items_purged_floors":[],"is_endless":false,"potions_floor_spawned":[2,10,13,16,27,29,33,37,39,40,42],"killed_by":"Donu and Deca","ascension_level":18}}