{"host":"8vqkh0x3c7vpgzzm","time":1613848401,"event":{"mods":["AchievementEnabler","BaseMod","Colored Map","Colored Powertips","Curses Come First","DeckTracker","Highlight Path","Minty Spire (QoL Compilation)","Permanent Neow","Quick Restart","Random Character Mod","Rare Cards Sparkle","Relic Sorter","Relic Stats","StSLib","SuperFastMode","Unceasing Turn Reminder","egg","everything is the same but u backflip on backflip"],"gold_per_floor":[113,131,148,148,15,15,56,56,80,80,123,15,15,54,54,147,147,166,7,7,27,27,27,68,92,92,126,149,149,183,197,197,293,293,316,334,254,270,290,290,308,341,341,341,362,6,19,38,38,38],"floor_reached":51,"language":"ENG","playtime":2624,"items_purged":["Strike_G","Strike_G"],"score":1466,"play_id":"d33f59d2-937e-4dbc-bc73-87460cc56962","local_time":"20210220201321","is_ascension_mode":true,"campfire_choices":[{"data":"Infinite Blades","floor":6,"key":"SMITH"},{"data":"Neutralize","floor":8,"key":"SMITH"},{"data":"Predator","floor":13,"key":"SMITH"},{"floor":15,"key":"REST"},{"data":"After Image","floor":23,"key":"SMITH"},{"data":"After Image","floor":29,"key":"SMITH"},{"data":"Infinite Blades","floor":32,"key":"SMITH"},{"data":"Cloak And Dagger","floor":40,"key":"SMITH"},{"floor":44,"key":"REST"},{"floor":49,"key":"REST"}],"circlet_count":0,"master_deck":["AscendersBane","Strike_G","Strike_G","Strike_G","Defend_G","Defend_G","Defend_G","Defend_G","Defend_G","Survivor","Neutralize+1","Infinite Blades+1","Slice","Flying Knee","Blade Dance","Masterful Stab","Die Die Die","Predator+1","Prepared","Backflip","Prepared","After Image+1","Cloak And Dagger","Infinite Blades+1","After Image+1","Cloak And Dagger","Cloak And Dagger+1","Choke+1","Acrobatics","Tools of the Trade","Footwork+1","Crippling Poison+1","Noxious Fumes","Terror+1","Corpse Explosion","Finisher","Apotheosis","Flash of Steel","Backflip","Crippling Poison+1","Blade Dance+1"],"relics":["Ring of the Serpent","NeowsBlessing","Golden Idol","Ancient Tea Set","Boot","Blood Vial","Lizard Tail","Cursed Key","Meat on the Bone","Regal Pillow","The Courier","Gremlin Horn"],"acts_visited":["Exordium","TheCity","TheBeyond"],"potions_floor_usage":[7,16,24,27,33,38,50,50],"damage_taken":[{"damage":0,"enemies":"Cultist","floor":1,"turns":1},{"damage":0,"enemies":"2 Louse","floor":2,"turns":1},{"damage":0,"enemies":"Small Slimes","floor":3,"turns":1},{"damage":17,"enemies":"Lagavulin","floor":7,"turns":5},{"damage":10,"enemies":"3 Sentries","floor":11,"turns":4},{"damage":8,"enemies":"Gremlin Nob","floor":14,"turns":3},{"damage":15,"enemies":"Slime Boss","floor":16,"turns":7},{"damage":6,"enemies":"Chosen","floor":18,"turns":3},{"damage":4,"enemies":"2 Thieves","floor":21,"turns":4},{"damage":12,"enemies":"Gremlin Leader","floor":24,"turns":6},{"damage":3,"enemies":"3 Cultists","floor":25,"turns":5},{"damage":22,"enemies":"Slavers","floor":27,"turns":7},{"damage":10,"enemies":"Cultist and Chosen","floor":28,"turns":7},{"damage":48,"enemies":"Gremlin Leader","floor":30,"turns":8},{"damage":0,"enemies":"Snake Plant","floor":31,"turns":4},{"damage":37,"enemies":"Automaton","floor":33,"turns":12},{"damage":2,"enemies":"Orb Walker","floor":35,"turns":3},{"damage":11,"enemies":"3 Shapes","floor":36,"turns":4},{"damage":12,"enemies":"Jaw Worm Horde","floor":38,"turns":5},{"damage":7,"enemies":"Sphere and 2 Shapes","floor":39,"turns":8},{"damage":22,"enemies":"3 Darklings","floor":41,"turns":5},{"damage":27,"enemies":"Nemesis","floor":42,"turns":7},{"damage":35,"enemies":"4 Shapes","floor":45,"turns":3},{"damage":0,"enemies":"Spire Growth","floor":47,"turns":5},{"damage":11,"enemies":"3 Darklings","floor":48,"turns":6},{"damage":41,"enemies":"Donu and Deca","floor":50,"turns":6}],"seed_played":"5468583428254264661","potions_obtained":[{"floor":1,"key":"BlessingOfTheForge"},{"floor":2,"key":"Energy Potion"},{"floor":14,"key":"Poison Potion"},{"floor":21,"key":"LiquidBronze"},{"floor":25,"key":"Dexterity Potion"},{"floor":31,"key":"Energy Potion"},{"floor":33,"key":"LiquidMemories"},{"floor":41,"key":"Strength Potion"},{"floor":42,"key":"Dexterity Potion"}],"is_trial":false,"path_per_floor":["M","M","M","?","$","R","E","R","T","?","E","$","R","E","R","B",null,"M","$","?","M","$","R","E","M","T","E","M","R","E","M","R","B",null,"M","M","$","M","M","R","M","E","T","R","M","$","M","M","R","B",null],"character_chosen":"THE_SILENT","items_purchased":["Blade Dance","Masterful Stab","Prepared","Backflip","Infinite Blades","Finisher","Apotheosis","Flash of Steel","Backflip"],"campfire_rested":3,"item_purchase_floors":[5,5,12,12,19,46,46,46,46],"current_hp_per_floor":[59,59,59,59,59,59,42,42,42,47,37,37,37,31,50,37,58,54,54,54,52,52,52,42,41,41,33,37,37,44,46,46,23,55,55,46,46,36,43,43,35,22,22,56,35,35,37,40,65,36],"gold":38,"neow_bonus":"THREE_ENEMY_KILL","is_daily":false,"chose_seed":false,"campfire_upgraded":7,"win_rate":0.0,"timestamp":1613848401,"path_taken":["M","?","M","?","$","R","E","R","T","?","E","$","R","E","R","BOSS","M","$","?","M","$","R","E","?","T","E","M","R","E","M","R","BOSS","M","M","$","M","M","R","M","E","T","R","M","$","M","M","R","BOSS"],"items_purchased_type":["Card","Card","Card","Card","Card","Card","Card","Card","Card"],"build_version":"2020-12-22","purchased_purges":2,"victory":true,"max_hp_per_floor":[66,66,66,60,60,60,60,60,60,65,65,65,65,65,65,65,65,65,65,65,65,65,65,65,65,65,65,65,65,65,65,65,65,65,65,65,65,65,65,65,65,65,65,65,65,65,65,65,65,65],"relic_stats":{"Blood Vial":40,"Lizard Tail":32,"Regal Pillow":21,"Gremlin Horn":[3,3],"counters":[26,130],"Golden Idol":164,"Boot":[278],"Cursed Key":0,"obtain_stats":[{"Regal Pillow":27,"NeowsBlessing":0,"Gremlin Horn":42,"Golden Idol":4,"The Courier":30,"Ancient Tea Set":7,"Boot":9,"Cursed Key":17,"Blood Vial":11,"Lizard Tail":14,"Ring of the Serpent":34,"Ring of the Snake":0,"Meat on the Bone":24},{"Regal Pillow":12,"NeowsBlessing":0,"Gremlin Horn":22,"Golden Idol":3,"The Courier":14,"Ancient Tea Set":4,"Boot":4,"Cursed Key":7,"Blood Vial":5,"Lizard Tail":6,"Ring of the Serpent":16,"Ring of the Snake":0,"Meat on the Bone":10},{"Regal Pillow":47,"NeowsBlessing":0,"Gremlin Horn":110,"Golden Idol":3,"The Courier":62,"Ancient Tea Set":8,"Boot":8,"Cursed Key":22,"Blood Vial":12,"Lizard Tail":15,"Ring of the Serpent":78,"Ring of the Snake":0,"Meat on the Bone":35}],"Meat on the Bone":120},"card_choices":[{"not_picked":["Backflip","All Out Attack"],"picked":"Infinite Blades","floor":1},{"not_picked":["Accuracy","Acrobatics"],"picked":"Slice","floor":2},{"not_picked":["Slice","Expertise"],"picked":"Flying Knee","floor":3},{"not_picked":["Infinite Blades","Riddle With Holes"],"picked":"Die Die Die","floor":7},{"not_picked":["Choke","PiercingWail"],"picked":"Predator","floor":11},{"not_picked":["Backflip","Dodge and Roll"],"picked":"Prepared","floor":14},{"not_picked":["Phantasmal Killer","Glass Knife"],"picked":"After Image","floor":16},{"not_picked":["Bane","Predator"],"picked":"Cloak And Dagger","floor":18},{"not_picked":["Dagger Throw","Eviscerate+1"],"picked":"Cloak And Dagger","floor":21},{"not_picked":["Reflex","Flechettes","Catalyst"],"picked":"SKIP","floor":24},{"not_picked":["Eviscerate","Reflex","Bouncing Flask"],"picked":"SKIP","floor":25},{"not_picked":["Dodge and Roll","Sucker Punch","Bane"],"picked":"SKIP","floor":27},{"not_picked":["Dodge and Roll","Sucker Punch","Bane"],"picked":"SKIP","floor":27},{"not_picked":["Dodge and Roll","Sucker Punch","Bane"],"picked":"SKIP","floor":27},{"not_picked":["Sucker Punch","Bane+1"],"picked":"Cloak And Dagger","floor":28},{"not_picked":["Outmaneuver","Eviscerate"],"picked":"Choke+1","floor":30},{"not_picked":["Dagger Spray","Underhanded Strike"],"picked":"Acrobatics","floor":31},{"not_picked":["Grand Finale","Burst"],"picked":"Tools of the Trade","floor":33},{"not_picked":["Cloak And Dagger","Dodge and Roll"],"picked":"Footwork+1","floor":35},{"not_picked":["Dodge and Roll","Riddle With Holes"],"picked":"Crippling Poison+1","floor":36},{"not_picked":["Eviscerate+1","Backflip+1"],"picked":"Noxious Fumes","floor":38},{"not_picked":["Backflip+1","Riddle With Holes"],"picked":"Terror+1","floor":39},{"not_picked":["All Out Attack","Flechettes","Dodge and Roll"],"picked":"SKIP","floor":41},{"not_picked":["Heel Hook","Calculated Gamble"],"picked":"Corpse Explosion","floor":42},{"not_picked":["Accuracy","Outmaneuver","Distraction"],"picked":"SKIP","floor":45},{"not_picked":["Leg Sweep","Footwork"],"picked":"Crippling Poison+1","floor":47},{"not_picked":["Prepared","Poisoned Stab"],"picked":"Blade Dance+1","floor":48}],"player_experience":588488,"relics_obtained":[{"floor":7,"key":"Ancient Tea Set"},{"floor":9,"key":"Boot"},{"floor":11,"key":"Blood Vial"},{"floor":14,"key":"Lizard Tail"},{"floor":24,"key":"Meat on the Bone"},{"floor":27,"key":"Regal Pillow"},{"floor":30,"key":"The Courier"},{"floor":42,"key":"Gremlin Horn"}],"event_choices":[{"damage_healed":0,"gold_gain":0,"player_choice":"Lose Max HP","damage_taken":0,"relics_obtained":["Golden Idol"],"max_hp_gain":0,"max_hp_loss":6,"event_name":"Golden Idol","floor":4,"gold_loss":0},{"damage_healed":0,"gold_gain":0,"player_choice":"Donut","damage_taken":0,"max_hp_gain":5,"max_hp_loss":0,"event_name":"Big Fish","floor":10,"gold_loss":0},{"damage_healed":0,"gold_gain":0,"player_choice":"Copied","damage_taken":0,"max_hp_gain":0,"max_hp_loss":0,"event_name":"Duplicator","floor":20,"gold_loss":0,"cards_obtained":["After Image"]}],"is_beta":false,"boss_relics":[{"not_picked":["Runic Dome","SacredBark"],"picked":"Cursed Key"},{"not_picked":["Sozu","Velvet Choker"],"picked":"Ring of the Serpent"}],"items_purged_floors":[19,37],"is_endless":false,"potions_floor_spawned":[1,2,14,21,25,31,33,41,42,45,47,48],"ascension_level":18}}