{"host":"8ztb9kwpjc2zof9s","time":1613825436,"event":{"mods":["BaseMod","Block Reminder","Curses Come First","Minty Spire (QoL Compilation)","Relic Stats","StSLib"],"gold_per_floor":[109,89,1,19,19,49,49,81,105,115,190,208,65,85,85,164,164,179,79,79,98,98,98,123,141,213,231,247,277,291,306,306,380,380,396,396,414,431,0,0,34,9,80,80,80],"floor_reached":44,"language":"ENG","playtime":1772,"items_purged":["Strike_G","Strike_G","Strike_G"],"score":875,"play_id":"9ec9f49a-94a0-468e-81ea-86311cc77000","local_time":"20210220045036","is_ascension_mode":true,"campfire_choices":[{"floor":7,"key":"REST"},{"data":"Infinite Blades","floor":15,"key":"SMITH"},{"data":"Envenom","floor":23,"key":"SMITH"},{"data":"Blur","floor":32,"key":"SMITH"},{"data":"A Thousand Cuts","floor":40,"key":"SMITH"}],"circlet_count":0,"master_deck":["AscendersBane","Strike_G","Strike_G+1","Defend_G","Defend_G","Defend_G","Defend_G","Defend_G","Survivor","Neutralize+1","Blade Dance","Dash","Blade Dance","Backflip","Terror","Infinite Blades+1","Blade Dance","Envenom+1","Noxious Fumes","Blade Dance","Cloak And Dagger","Blur+1","Venomology","Parasite","A Thousand Cuts+1","Blur","Cloak And Dagger"],"relics":["Ring of the Snake","NeowsBlessing","Nunchaku","Ornamental Fan","Toy Ornithopter","Vajra","Coffee Dripper","Matryoshka","White Beast Statue","Boot","Pantograph","WingedGreaves","Black Star","PreservedInsect","Lantern","Whetstone","Orichalcum","Bottled Tornado"],"acts_visited":["Exordium","TheCity","TheBeyond"],"potions_floor_usage":[8,16,24,25,27,27,28,29,31,33,33,35,37,38,41,41,44,44],"damage_taken":[{"damage":0,"enemies":"Jaw Worm","floor":1,"turns":1},{"damage":0,"enemies":"Cultist","floor":4,"turns":1},{"damage":0,"enemies":"3 Sentries","floor":6,"turns":1},{"damage":10,"enemies":"Lagavulin","floor":8,"turns":6},{"damage":0,"enemies":"Small Slimes","floor":10,"turns":2},{"damage":0,"enemies":"Looter","floor":12,"turns":2},{"damage":0,"enemies":"Red Slaver","floor":14,"turns":3},{"damage":5,"enemies":"Slime Boss","floor":16,"turns":9},{"damage":0,"enemies":"Chosen","floor":18,"turns":4},{"damage":0,"enemies":"Shell Parasite","floor":21,"turns":4},{"damage":13,"enemies":"Gremlin Leader","floor":24,"turns":5},{"damage":29,"enemies":"Snecko","floor":25,"turns":5},{"damage":10,"enemies":"Centurion and Healer","floor":27,"turns":6},{"damage":15,"enemies":"Snake Plant","floor":28,"turns":4},{"damage":21,"enemies":"Book of Stabbing","floor":29,"turns":5},{"damage":0,"enemies":"Snecko","floor":30,"turns":4},{"damage":0,"enemies":"Centurion and Healer","floor":31,"turns":3},{"damage":40,"enemies":"Automaton","floor":33,"turns":9},{"damage":2,"enemies":"3 Shapes","floor":35,"turns":12},{"damage":0,"enemies":"Orb Walker","floor":37,"turns":4},{"damage":30,"enemies":"Writhing Mass","floor":38,"turns":7},{"damage":45,"enemies":"Giant Head","floor":41,"turns":7},{"damage":14,"enemies":"3 Darklings","floor":44,"turns":1}],"seed_played":"892076409779192226","potions_obtained":[{"floor":1,"key":"GamblersBrew"},{"floor":2,"key":"GhostInAJar"},{"floor":4,"key":"Strength Potion"},{"floor":6,"key":"Fire Potion"},{"floor":8,"key":"Explosive Potion"},{"floor":16,"key":"LiquidBronze"},{"floor":24,"key":"SpeedPotion"},{"floor":25,"key":"Weak Potion"},{"floor":27,"key":"Block Potion"},{"floor":28,"key":"CunningPotion"},{"floor":29,"key":"Explosive Potion"},{"floor":30,"key":"PowerPotion"},{"floor":31,"key":"FearPotion"},{"floor":33,"key":"PowerPotion"},{"floor":35,"key":"ColorlessPotion"},{"floor":37,"key":"FearPotion"},{"floor":38,"key":"PowerPotion"},{"floor":41,"key":"Energy Potion"}],"is_trial":false,"path_per_floor":["M","?","$","M","?","E","R","E","T","M","?","M","$","M","R","B",null,"M","$","?","M","T","R","E","M","T","M","M","E","M","M","R","B",null,"M","?","M","M","$","R","E","$","T","M"],"character_chosen":"THE_SILENT","items_purchased":["Blade Dance","Dash","Infinite Blades","PreservedInsect","A Thousand Cuts","Cloak And Dagger"],"campfire_rested":1,"item_purchase_floors":[3,3,13,39,39,42],"current_hp_per_floor":[63,63,63,63,21,21,42,32,32,32,25,25,25,25,25,25,59,59,59,59,59,59,59,51,27,27,27,17,1,1,6,6,1,53,56,56,61,36,36,36,1,1,1,0,0],"gold":80,"neow_bonus":"THREE_ENEMY_KILL","is_daily":false,"chose_seed":false,"campfire_upgraded":4,"win_rate":0.0,"timestamp":1613825436,"path_taken":["M","?","$","?","?","E","R","E","T","M","?","M","$","?","R","BOSS","M","$","?","M","?","R","E","M","T","M","M","E","?","M","R","BOSS","M","?","?","M","$","R","E","?","T","M"],"items_purchased_type":["Card","Card","Card","Relic","Card","Card"],"build_version":"2020-12-22","purchased_purges":3,"victory":false,"max_hp_per_floor":[70,70,70,70,70,70,70,70,70,70,70,70,70,70,70,70,70,70,70,70,70,70,70,70,70,70,70,70,70,70,70,70,70,70,70,70,70,70,70,70,70,70,70,70,70],"relic_stats":{"Nunchaku":[42],"counters":[23,105],"Ornamental Fan":[448],"Pantograph":25,"PreservedInsect":130,"Black Star":1,"Whetstone":["Strike_G","Neutralize"],"Orichalcum":[0],"Boot":[75],"obtain_stats":[{"Lantern":41,"NeowsBlessing":0,"Vajra":9,"PreservedInsect":39,"Whetstone":41,"Orichalcum":43,"Bottled Tornado":43,"Boot":26,"White Beast Statue":24,"Nunchaku":5,"Matryoshka":22,"Ornamental Fan":6,"Pantograph":26,"WingedGreaves":29,"Coffee Dripper":17,"Black Star":34,"Toy Ornithopter":8,"Ring of the Snake":0},{"Lantern":22,"NeowsBlessing":0,"Vajra":4,"PreservedInsect":21,"Whetstone":22,"Orichalcum":22,"Bottled Tornado":22,"Boot":12,"White Beast Statue":11,"Nunchaku":2,"Matryoshka":10,"Ornamental Fan":3,"Pantograph":12,"WingedGreaves":15,"Coffee Dripper":8,"Black Star":18,"Toy Ornithopter":4,"Ring of the Snake":0},{"Lantern":104,"NeowsBlessing":0,"Vajra":9,"PreservedInsect":97,"Whetstone":104,"Orichalcum":104,"Bottled Tornado":104,"Boot":43,"White Beast Statue":38,"Nunchaku":2,"Matryoshka":33,"Ornamental Fan":3,"Pantograph":43,"WingedGreaves":58,"Coffee Dripper":25,"Black Star":74,"Toy Ornithopter":9,"Ring of the Snake":0}],"Toy Ornithopter":85,"Ring of the Snake":[46]},"card_choices":[{"not_picked":["Distraction","Acrobatics","Setup"],"picked":"SKIP","floor":1},{"not_picked":["Flechettes","Heel Hook","Sucker Punch"],"picked":"SKIP","floor":4},{"not_picked":["Concentrate","Riddle With Holes"],"picked":"Blade Dance","floor":6},{"not_picked":["Die Die Die","Crippling Poison"],"picked":"Backflip","floor":8},{"not_picked":["Reflex","Poisoned Stab","Well Laid Plans"],"picked":"SKIP","floor":10},{"not_picked":["All Out Attack","Underhanded Strike"],"picked":"Terror","floor":12},{"not_picked":["Sucker Punch","Heel Hook"],"picked":"Blade Dance","floor":14},{"not_picked":["Unload","Grand Finale"],"picked":"Envenom","floor":16},{"not_picked":["Poisoned Stab","Prepared","Slice"],"picked":"SKIP","floor":18},{"not_picked":["Underhanded Strike","Tactician","Bouncing Flask"],"picked":"SKIP","floor":21},{"not_picked":["Underhanded Strike","Distraction"],"picked":"Noxious Fumes","floor":24},{"not_picked":["Bane+1","Outmaneuver","Tactician"],"picked":"SKIP","floor":25},{"not_picked":["Slice","PiercingWail"],"picked":"Blade Dance","floor":27},{"not_picked":["Bane","Deflect","Acrobatics"],"picked":"SKIP","floor":28},{"not_picked":["Poisoned Stab","Quick Slash"],"picked":"Cloak And Dagger","floor":29},{"not_picked":["Dagger Throw+1","Deadly Poison","Slice"],"picked":"SKIP","floor":30},{"not_picked":["Reflex+1","Bouncing Flask"],"picked":"Blur","floor":31},{"not_picked":["Corpse Explosion","Phantasmal Killer"],"picked":"Venomology","floor":33},{"not_picked":["Eviscerate","Concentrate","All Out Attack"],"picked":"SKIP","floor":35},{"not_picked":["Acrobatics+1","Slice","Crippling Poison"],"picked":"SKIP","floor":37},{"not_picked":["Prepared+1","Dodge and Roll+1","Skewer+1"],"picked":"SKIP","floor":38},{"not_picked":["Backflip","Deadly Poison"],"picked":"Blur","floor":41}],"player_experience":359689,"relics_obtained":[{"floor":6,"key":"Ornamental Fan"},{"floor":8,"key":"Toy Ornithopter"},{"floor":9,"key":"Vajra"},{"floor":22,"key":"Matryoshka"},{"floor":24,"key":"White Beast Statue"},{"floor":26,"key":"Boot"},{"floor":26,"key":"Pantograph"},{"floor":29,"key":"WingedGreaves"},{"floor":41,"key":"Lantern"},{"floor":41,"key":"Whetstone"},{"floor":43,"key":"Orichalcum"},{"floor":43,"key":"Bottled Tornado"}],"event_choices":[{"damage_healed":0,"gold_gain":0,"player_choice":"Bought 1 Potion","damage_taken":0,"max_hp_gain":0,"max_hp_loss":0,"event_name":"The Woman in Blue","floor":2,"gold_loss":0},{"damage_healed":0,"gold_gain":0,"player_choice":"Success","damage_taken":42,"relics_obtained":["Nunchaku"],"max_hp_gain":0,"max_hp_loss":0,"event_name":"Scrap Ooze","floor":5,"gold_loss":0},{"damage_healed":0,"gold_gain":75,"player_choice":"Touch","damage_taken":7,"max_hp_gain":0,"max_hp_loss":0,"event_name":"FaceTrader","floor":11,"gold_loss":0},{"damage_healed":0,"gold_gain":0,"player_choice":"Ignored","damage_taken":0,"max_hp_gain":0,"max_hp_loss":0,"event_name":"Vampires","floor":20,"gold_loss":0},{"damage_healed":0,"gold_gain":0,"player_choice":"Ignored","damage_taken":0,"max_hp_gain":0,"max_hp_loss":0,"event_name":"Transmorgrifier","floor":36,"gold_loss":0}],"is_beta":false,"boss_relics":[{"not_picked":["Philosopher\u0027s Stone","Runic Pyramid"],"picked":"Coffee Dripper"},{"not_picked":["SacredBark","Velvet Choker"],"picked":"Black Star"}],"items_purged_floors":[13,19,39],"is_endless":false,"potions_floor_spawned":[1,4,6,8,16,24,25,27,28,29,30,31,33,35,37,38,41],"killed_by":"3 Darklings","ascension_level":13}}