{"host":"h5acbxt0wmjo1kpm","time":1613817555,"event":{"mods":["2.2 Compatiblity","Act Like it!","AlwaysNeverKeys","Aspiration","Bard","Bartender","BaseMod","Better Third Choice","Colored Map","Elementarium","Gensokyo","GifTheSpireLib","Hallownest","Marisa????????","Menagerie","Minty Spire (QoL Compilation)","Permanent Neow","Potionbrewer","Quick Restart","Relic Filter","Reliquary","Robot Space Explorer","Ruina","RumiaBox-????????","Shade Mod","Spicy Shops","StSLib","Strawberry Spire","The Blackbeard","The Dragon Tamer","The Gatherer","The Hayseed","The Problem Sleuth","The Servant 0.9.4","Wandering Minibosses","Wide Potions"],"gold_per_floor":[113,40,55,75,1,1,46,86,161,216,276,276,330,349,349,453,453,491,553,32,114,204,204,204,304,304,393,165,165,202,275,275,421,421,492,492,4,209,209,250,250,406,406,496,496,242,328,328,328,453,453,453,94,204,299],"floor_reached":56,"language":"ENG","playtime":5040,"items_purged":["blackbeard:BlackbeardStrike","blackbeard:BlackbeardStrike"],"score":2133,"play_id":"307a3fab-da4b-4776-a191-e486a3c67d6f","local_time":"20210220023915","is_ascension_mode":true,"campfire_choices":[{"data":"blackbeard:AgileStrike","floor":6.0,"key":"SMITH"},{"floor":12.0,"key":"REST"},{"data":"blackbeard:Provisioning","floor":15.0,"key":"SMITH"},{"data":"strawberrySpire:PumpUp","floor":24.0,"key":"SMITH"},{"data":"blackbeard:BeatUp","floor":29.0,"key":"SMITH"},{"data":"blackbeard:ChaoticDefense","floor":32.0,"key":"SMITH"},{"floor":41,"key":"REST"},{"floor":45,"key":"RECALL"},{"data":"blackbeard:Rum","floor":49,"key":"SMITH"},{"data":"Limit Break","floor":52,"key":"SMITH"}],"circlet_count":0,"master_deck":["AscendersBane","blackbeard:BlackbeardStrike","blackbeard:BlackbeardStrike","blackbeard:IntimidatingStrike","blackbeard:BlackbeardDefend","blackbeard:BlackbeardDefend","blackbeard:BlackbeardDefend","blackbeard:BlackbeardDefend","blackbeard:Cutlass","blackbeard:AgileStrike+1","blackbeard:Rum+1","blackbeard:Bandana","blackbeard:Sword+1","blackbeard:Spear","blackbeard:BeatUp+1","blackbeard:ChaoticDefense+1","blackbeard:ChaoticDefense","blackbeard:Provisioning+1","blackbeard:RemoveScurvy","blackbeard:Shrapnel","blackbeard:GoldenRain","blackbeard:Bandana","blackbeard:BuriedTreasure+1","strawberrySpire:PumpUp+1","RobotSpaceExplorer:FranticSearch","blackbeard:Eyepatch","blackbeard:Provisioning+1","blackbeard:Provisioning+1","blackbeard:Provisioning+1","blackbeard:Provisioning+1","blackbeard:Sword","Gatherer:EchoOfNature+1","MasterReality","Protect+1","blackbeard:GoldenCannonball+1","Gensokyo:Dawn+1","RobotSpaceExplorer:MiniDrones+1","Limit Break+1","bard:Gamble","blackbeard:Rum+1","Disarm","blackbeard:GoldenStrike+1","CutThroughFate+1"],"relics":["blackbeard:LoadTheCannons","aspiration:Nostalgia","Ring of the Snake","reliquary:PurpleTingedLeaf","potionbrewer:MortarAndPestle","aspiration:SecretTechniqueScroll","MealTicket","blackbeard:BloodOrange","PrismaticShard","Kunai","Molten Egg 2","strawberrySpire:BrokenPrinter","blackbeard:WhitePearl","wanderingMiniBosses:Inkheart","reliquary:RedPaperclip","aspiration:AnachronicSnailShell","reliquary:FingerTrap","reliquary:IridiumChain","Oddly Smooth Stone","PreservedInsect","aspiration:FetidBarrel","blackbeard:PoorMathSkills","potionbrewer:Torch"],"acts_visited":["Menagerie:Menagerie","Hallownest:CityofTears","Gensokyo:Gensokyoest","TheEnding"],"potions_floor_usage":[40,40,42,42,42,44,44,45,47,47,47,47,47,50,50,50,50,50,50,50,50,50,54,54,54,54,55,55,55,55,55,55,55,55],"damage_taken":[{"damage":1.0,"enemies":"Menagerie:2_RABBITS","floor":1.0,"turns":4.0},{"damage":1.0,"enemies":"Menagerie:WhisperingWraith","floor":3.0,"turns":4.0},{"damage":2.0,"enemies":"Menagerie:StygianBoar","floor":4.0,"turns":3.0},{"damage":0.0,"enemies":"Menagerie:Hexasnake","floor":7.0,"turns":2.0},{"damage":10.0,"enemies":"Menagerie:STYGIAN_BOAR_AND_WHISPERING_WRAITH","floor":8.0,"turns":4.0},{"damage":28.0,"enemies":"Menagerie:VoidReaper","floor":10.0,"turns":6.0},{"damage":9.0,"enemies":"Hallownest:eliteVengeflyKing","floor":11.0,"turns":5.0},{"damage":13.0,"enemies":"Menagerie:MaskedSummoner","floor":13.0,"turns":7.0},{"damage":4.0,"enemies":"Menagerie:DREAD_MOTH_AND_GRAFTED_WORMS","floor":14.0,"turns":4.0},{"damage":6.0,"enemies":"Menagerie:AVATARS","floor":16.0,"turns":5.0},{"damage":17.0,"enemies":"Hallownest:2_Mistakes","floor":18.0,"turns":10.0},{"damage":16.0,"enemies":"Hallownest:Guard_and_Sentry","floor":19.0,"turns":6.0},{"damage":6.0,"enemies":"Hallownest:monsterShrumalOgre","floor":21.0,"turns":6.0},{"damage":3.0,"enemies":"Hallownest:Warrior_and_Youth","floor":22.0,"turns":6.0},{"damage":4.0,"enemies":"Hallownest:Nosk","floor":25.0,"turns":5.0},{"damage":29.0,"enemies":"Hallownest:3_Mistakes","floor":27.0,"turns":5.0},{"damage":9.0,"enemies":"Hallownest:eliteSoulWarrior","floor":30.0,"turns":3.0},{"damage":7.0,"enemies":"Hallownest:monsterShrumalOgre","floor":31.0,"turns":5.0},{"damage":19.0,"enemies":"Hallownest:BossMantisLord","floor":33.0,"turns":6.0},{"damage":0.0,"enemies":"Gensokyo:3_Boulders","floor":35.0,"turns":3.0},{"damage":18.0,"enemies":"Gensokyo:3_Boulders","floor":38.0,"turns":4.0},{"damage":4,"enemies":"Gensokyo:Marisa","floor":40,"turns":2},{"damage":0,"enemies":"Gensokyo:Doremy","floor":42,"turns":7},{"damage":9,"enemies":"Gensokyo:AncientGuardian","floor":44,"turns":5},{"damage":18,"enemies":"Gensokyo:Kasen","floor":47,"turns":4},{"damage":0,"enemies":"Gensokyo:Shinki","floor":50,"turns":8},{"damage":3,"enemies":"Shield and Spear","floor":54,"turns":5},{"damage":1,"enemies":"The Heart","floor":55,"turns":8}],"seed_played":"3345600089569566161","potions_obtained":[{"floor":3.0,"key":"AttackPotion"},{"floor":7.0,"key":"potionbrewer:AcidPotion"},{"floor":8.0,"key":"potionbrewer:FreezingPotion"},{"floor":14.0,"key":"potionbrewer:CleansingPotion"},{"floor":16.0,"key":"LiquidBronze"},{"floor":22.0,"key":"potionbrewer:EndurancePotion"},{"floor":25.0,"key":"potionbrewer:BoundlessPotion"},{"floor":30.0,"key":"AttackPotion"},{"floor":31.0,"key":"DuplicationPotion"}],"is_trial":false,"path_per_floor":["M","$","M","M","$","R","M","M","T","E","?","R","E","M","R","B",null,"M","M","$","M","M","?","R","E","T","M","$","R","E","M","R","B",null,"M","?","$","?","?","E","R","E","T","M","R","$","E","?","R","B",null,"R","$","E","B",null],"character_chosen":"BLACKBEARD_CLASS","items_purchased":["blackbeard:Rum","blackbeard:Sword","blackbeard:Spear","MealTicket","blackbeard:BloodOrange","PrismaticShard","blackbeard:Eyepatch","strawberrySpire:BrokenPrinter","reliquary:FingerTrap","reliquary:IridiumChain","blackbeard:GoldenCannonball+1","blackbeard:Rum","blackbeard:PoorMathSkills","blackbeard:GoldenStrike+1"],"campfire_rested":2,"item_purchase_floors":[2,5,5,20,20,20,28,28,37,37,37,46,53,53],"current_hp_per_floor":[63,63,62,60,60,60,60,50,50,22,15,36,28,30,30,56,67,52,42,42,42,51,56,56,64,64,37,52,52,51,49,49,67,70,71,36,51,51,51,47,68,71,71,63,63,71,58,58,58,71,71,71,71,71,71],"gold":299,"neow_bonus":"NOSTALGIA","is_daily":false,"chose_seed":false,"campfire_upgraded":7,"win_rate":0.0,"timestamp":1613817555,"path_taken":["M","$","?","?","?","R","M","M","T","E","?","R","E","M","R","BOSS","M","M","$","M","M","?","R","E","T","M","$","R","E","M","R","BOSS","M","?","$","?","?","E","R","E","T","M","R","$","E","?","R","BOSS","R","$","E","BOSS"],"items_purchased_type":["Card","Card","Card","Relic","Relic","Relic","Card","Relic","Relic","Relic","Card","Card","Relic","Card"],"build_version":"2020-12-22","purchased_purges":2,"victory":true,"max_hp_per_floor":[71,71,71,71,71,71,71,71,71,71,71,71,71,71,71,71,71,71,71,71,71,71,71,71,71,71,71,71,71,71,71,71,71,71,71,71,71,71,71,71,71,71,71,71,71,71,71,71,71,71,71,71,71,71,71],"card_choices":[{"not_picked":["blackbeard:Sharpening","blackbeard:PiratesWill"],"picked":"blackbeard:AgileStrike","floor":1.0},{"not_picked":["blackbeard:Dagger","blackbeard:Sharpening","blackbeard:FieryDefense"],"picked":"SKIP","floor":3.0},{"not_picked":["blackbeard:GoldenStrike","blackbeard:Parrot"],"picked":"blackbeard:Bandana","floor":4.0},{"not_picked":["blackbeard:VengefulSpirit","blackbeard:GoldenStrike"],"picked":"blackbeard:BeatUp","floor":7.0},{"not_picked":["blackbeard:GoldenStrike","blackbeard:CannonBarrage"],"picked":"blackbeard:ChaoticDefense","floor":8.0},{"not_picked":["blackbeard:WiseDefense","blackbeard:UndeadForm"],"picked":"blackbeard:ChaoticDefense","floor":10.0},{"not_picked":["blackbeard:GoldenDefense","blackbeard:AgileStrike"],"picked":"blackbeard:Provisioning","floor":11.0},{"not_picked":["blackbeard:ArmorUp","blackbeard:GoldenStrike"],"picked":"blackbeard:RemoveScurvy","floor":13.0},{"not_picked":["blackbeard:BlindAttacks","blackbeard:ArmorUp"],"picked":"blackbeard:Shrapnel","floor":14.0},{"not_picked":["blackbeard:HumongousCannonball","blackbeard:Parrot"],"picked":"blackbeard:GoldenRain","floor":16.0},{"not_picked":["blackbeard:Sharpening","blackbeard:SmithingHammer"],"picked":"blackbeard:Bandana","floor":18.0},{"not_picked":["blackbeard:ArmorUp","blackbeard:AgileStrike"],"picked":"blackbeard:BuriedTreasure+1","floor":19.0},{"not_picked":["Wild Strike","DTMod:BlazingStrike"],"picked":"strawberrySpire:PumpUp","floor":21.0},{"not_picked":["Desolation","TheSimpletonMod:Potatoes"],"picked":"RobotSpaceExplorer:FranticSearch","floor":22.0},{"not_picked":["Unruled","Foot_Thrust","Forethought"],"picked":"SKIP","floor":25.0},{"not_picked":["RobotSpaceExplorer:SurgingStrike+1","theSleuth:CandyCorn","RobotSpaceExplorer:Discharger"],"picked":"SKIP","floor":27.0},{"not_picked":["strawberrySpire:ReturnNull+1","DoubleEdge+1"],"picked":"blackbeard:Sword","floor":30.0},{"not_picked":["FearNoEvil+1","Momentum"],"picked":"Gatherer:EchoOfNature+1","floor":31.0},{"not_picked":["Storm of Steel","A Thousand Cuts"],"picked":"MasterReality","floor":33.0},{"not_picked":["Gatherer:ScherryThrow+1","RobotSpaceExplorer:Reload+1"],"picked":"Protect+1","floor":35.0},{"not_picked":["Gensokyo:UnlikelyAid+1","Gensokyo:DreamlikeParadise+1"],"picked":"Gensokyo:Dawn+1","floor":38.0},{"not_picked":["DTMod:QuickFly+1","Rip and Tear+1"],"picked":"RobotSpaceExplorer:MiniDrones+1","floor":40},{"not_picked":["PathToVictory","Masterful Stab+1"],"picked":"Limit Break","floor":42},{"not_picked":["Swivel","Doom and Gloom+1"],"picked":"bard:Gamble","floor":44},{"not_picked":["theSleuth:FudgeDeck","Gatherer:Frenzy+1"],"picked":"Disarm","floor":47},{"not_picked":["Rainbow","Cold Snap+1"],"picked":"CutThroughFate+1","floor":54}],"player_experience":2285250,"relics_obtained":[{"floor":9.0,"key":"InkBottle"},{"floor":10.0,"key":"reliquary:PurpleTingedLeaf"},{"floor":11.0,"key":"potionbrewer:MortarAndPestle"},{"floor":13.0,"key":"Pantograph"},{"floor":25.0,"key":"Kunai"},{"floor":26.0,"key":"Molten Egg 2"},{"floor":30.0,"key":"blackbeard:WhitePearl"},{"floor":31.0,"key":"wanderingMiniBosses:Inkheart"},{"floor":40,"key":"Oddly Smooth Stone"},{"floor":42,"key":"PreservedInsect"},{"floor":47,"key":"aspiration:FetidBarrel"},{"floor":54,"key":"potionbrewer:Torch"}],"event_choices":[{"damage_healed":0.0,"max_hp_gain":0.0,"max_hp_loss":0.0,"gold_gain":0.0,"event_name":"Menagerie:StasisChamber","player_choice":"Release","floor":11.0,"gold_loss":0.0,"damage_taken":0.0}],"is_beta":false,"boss_relics":[{"not_picked":["aspiration:WatcherSkillbook","Snecko Eye"],"picked":"aspiration:SecretTechniqueScroll"},{"not_picked":["aspiration:SilentSkillbook","Runic Pyramid"],"picked":"reliquary:RedPaperclip"}],"items_purged_floors":[20,46],"is_endless":false,"potions_floor_spawned":[3,7,8,14,16,22,25,30,31,42,54],"ascension_level":15}}