{"host":"wbn3xdfsa5pc2kse","time":1613841775,"event":{"mods":["AchievementEnabler","BaseMod","Bestiary","Colored Map","Colored Powertips","Curses Come First","Highlight Path","Minty Spire (QoL Compilation)","Permanent Neow","Rare Cards Sparkle","Relic Stats","StSLib"],"gold_per_floor":[113,124,65,82,100,129,129,162,162,189,189,189,189,207,207,301,301,324,249,249,11,32,72,100,112,124,157,169,197,49,83,83,176,176,196,140,0,69,88,131,131,167,167,167,167,1,45,64,64,64,64,64,64,11,50,50,50],"floor_reached":56,"language":"ZHT","playtime":2524,"items_purged":["Defend_P"],"score":2132,"play_id":"c0a6cd5e-054e-4bef-b10b-8939d4df796a","local_time":"20210221012255","is_ascension_mode":true,"campfire_choices":[{"data":"WindmillStrike","floor":7.0,"key":"SMITH"},{"data":"Wallop","floor":15.0,"key":"SMITH"},{"floor":25.0,"key":"REST"},{"data":"Vault","floor":28.0,"key":"SMITH"},{"floor":32.0,"key":"REST"},{"data":"LikeWater","floor":41.0,"key":"SMITH"},{"data":"MentalFortress","floor":44.0,"key":"SMITH"},{"floor":49.0,"key":"RECALL"},{"data":"Vigilance","floor":53.0,"key":"SMITH"}],"circlet_count":0,"master_deck":["AscendersBane","Eruption+1","Vigilance+1","LikeWater+1","TalkToTheHand+1","FearNoEvil+1","WindmillStrike+1","FlurryOfBlows","Wallop+1","CutThroughFate+1","Consecrate+1","EmptyMind+1","FollowUp+1","SandsOfTime+1","Blasphemy+1","WheelKick+1","Judgement+1","LikeWater+1","EmptyFist+1","CrushJoints+1","Vault+1","SashWhip+1","FlurryOfBlows+1","LessonLearned+1","CutThroughFate+1","TalkToTheHand+1","MentalFortress+1","MentalFortress+1","DevaForm+1","CutThroughFate+1"],"relics":["Astrolabe","Oddly Smooth Stone","Bronze Scales","Molten Egg 2","Blood Vial","Anchor","Golden Idol","SlaversCollar","OrangePellets","MawBank","Letter Opener","Pen Nib","Philosopher\u0027s Stone","Red Mask","Mango","Happy Flower","Pantograph","DollysMirror","Gremlin Horn","Yang"],"acts_visited":["Exordium","TheCity","TheBeyond","TheEnding"],"potions_floor_usage":[55,55],"damage_taken":[{"damage":0.0,"enemies":"Small Slimes","floor":1.0,"turns":5.0},{"damage":0.0,"enemies":"Cultist","floor":2.0,"turns":2.0},{"damage":0.0,"enemies":"2 Louse","floor":4.0,"turns":3.0},{"damage":3.0,"enemies":"2 Fungi Beasts","floor":5.0,"turns":4.0},{"damage":1.0,"enemies":"Gremlin Nob","floor":6.0,"turns":3.0},{"damage":0.0,"enemies":"Lagavulin","floor":8.0,"turns":5.0},{"damage":0.0,"enemies":"Gremlin Nob","floor":10.0,"turns":3.0},{"damage":13.0,"enemies":"Exordium Thugs","floor":14.0,"turns":3.0},{"damage":30.0,"enemies":"The Guardian","floor":16.0,"turns":7.0},{"damage":13.0,"enemies":"2 Thieves","floor":18.0,"turns":4.0},{"damage":15.0,"enemies":"3 Byrds","floor":22.0,"turns":2.0},{"damage":0.0,"enemies":"Gremlin Leader","floor":23.0,"turns":4.0},{"damage":15.0,"enemies":"Snecko","floor":24.0,"turns":3.0},{"damage":9.0,"enemies":"Cultist and Chosen","floor":27.0,"turns":5.0},{"damage":5.0,"enemies":"Centurion and Healer","floor":29.0,"turns":5.0},{"damage":15.0,"enemies":"Book of Stabbing","floor":31.0,"turns":5.0},{"damage":12.0,"enemies":"Automaton","floor":33.0,"turns":5.0},{"damage":0.0,"enemies":"Orb Walker","floor":35.0,"turns":3.0},{"damage":1.0,"enemies":"2 Orb Walkers","floor":38.0,"turns":3.0},{"damage":6.0,"enemies":"3 Darklings","floor":39.0,"turns":5.0},{"damage":2.0,"enemies":"Giant Head","floor":40.0,"turns":4.0},{"damage":8.0,"enemies":"Nemesis","floor":42.0,"turns":9.0},{"damage":5.0,"enemies":"Giant Head","floor":47.0,"turns":5.0},{"damage":1.0,"enemies":"Sphere and 2 Shapes","floor":48.0,"turns":2.0},{"damage":49.0,"enemies":"Time Eater","floor":50.0,"turns":8.0},{"damage":37.0,"enemies":"Donu and Deca","floor":51.0,"turns":8.0},{"damage":42,"enemies":"Shield and Spear","floor":55,"turns":6},{"damage":52,"enemies":"The Heart","floor":56,"turns":6}],"seed_played":"4615607516900122914","potions_obtained":[{"floor":4.0,"key":"Dexterity Potion"},{"floor":5.0,"key":"Dexterity Potion"},{"floor":8.0,"key":"PowerPotion"},{"floor":24.0,"key":"LiquidMemories"},{"floor":29.0,"key":"StancePotion"},{"floor":31.0,"key":"SmokeBomb"},{"floor":38.0,"key":"AttackPotion"},{"floor":40.0,"key":"LiquidMemories"},{"floor":42.0,"key":"SneckoOil"},{"floor":47.0,"key":"FearPotion"}],"is_trial":false,"path_per_floor":["M","M","?","M","M","E","R","E","T","E","?","?","?","M","R","B",null,"M","?","?","$","M","E","M","R","T","M","R","M","$","E","R","B",null,"M","$","?","?","M","E","R","E","T","R","?","$","E","M","R","B","B",null,"R","$","E","B"],"character_chosen":"WATCHER","items_purchased":["OrangePellets","Pen Nib","CutThroughFate+1","DollysMirror","Swift Potion"],"campfire_rested":2,"item_purchase_floors":[21,30,36,46,54],"current_hp_per_floor":[61,61,61,61,58,57,57,57,57,59,52,52,52,41,41,13,50,39,39,39,39,26,28,15,33,33,26,26,23,23,10,28,18,51,53,53,53,68,64,64,64,58,58,58,58,58,55,56,56,27,17,61,61,61,21,0,0],"gold":50,"neow_bonus":"BOSS_RELIC","is_daily":false,"chose_seed":false,"campfire_upgraded":6,"win_rate":0.0,"timestamp":1613841775,"path_taken":["M","M","?","M","?","E","R","E","T","E","?","?","?","M","R","BOSS","M","?","?","$","M","E","M","R","T","M","R","M","$","E","R","BOSS","M","$","?","?","?","E","R","E","T","R","?","?","E","M","R","BOSS","BOSS","R","$","E","BOSS"],"items_purchased_type":["Relic","Relic","Card","Relic","Potion"],"build_version":"2020-12-22","purchased_purges":1,"victory":false,"max_hp_per_floor":[68,68,68,68,68,68,68,68,68,68,68,68,62,62,62,62,62,62,62,62,62,62,62,62,62,62,62,62,62,62,62,62,62,62,62,62,62,76,76,76,76,76,76,76,76,76,76,76,76,76,76,76,76,76,76,76,76],"relic_stats":{"Happy Flower":[14],"Gremlin Horn":[4,4],"counters":[28,127],"Golden Idol":174,"Astrolabe":["LikeWater","TalkToTheHand","FearNoEvil"],"Yang":[23],"Pen Nib":[27],"Letter Opener":[20],"MawBank":84,"Blood Vial":42,"OrangePellets":[8],"Bronze Scales":[406],"Pantograph":70,"obtain_stats":[{"Happy Flower":40,"Gremlin Horn":47,"Golden Idol":13,"Astrolabe":0,"Oddly Smooth Stone":3,"Mango":38,"Yang":55,"Pen Nib":30,"Letter Opener":26,"MawBank":23,"Blood Vial":9,"SlaversCollar":17,"OrangePellets":21,"Anchor":10,"DollysMirror":46,"Bronze Scales":6,"Pantograph":42,"Molten Egg 2":8,"Philosopher\u0027s Stone":34,"Red Mask":37,"PureWater":0},{"Happy Flower":21,"Gremlin Horn":23,"Golden Idol":7,"Astrolabe":0,"Oddly Smooth Stone":2,"Mango":19,"Yang":27,"Pen Nib":15,"Letter Opener":13,"MawBank":12,"Blood Vial":6,"SlaversCollar":9,"OrangePellets":10,"Anchor":7,"DollysMirror":22,"Bronze Scales":5,"Pantograph":22,"Molten Egg 2":6,"Philosopher\u0027s Stone":17,"Red Mask":18,"PureWater":0},{"Happy Flower":83,"Gremlin Horn":97,"Golden Idol":25,"Astrolabe":0,"Oddly Smooth Stone":7,"Mango":74,"Yang":121,"Pen Nib":58,"Letter Opener":48,"MawBank":45,"Blood Vial":22,"SlaversCollar":35,"OrangePellets":39,"Anchor":25,"DollysMirror":92,"Bronze Scales":17,"Pantograph":92,"Molten Egg 2":22,"Philosopher\u0027s Stone":68,"Red Mask":71,"PureWater":0}]},"card_choices":[{"not_picked":["Halt","InnerPeace"],"picked":"WindmillStrike","floor":1.0},{"not_picked":["Swivel","Weave"],"picked":"FlurryOfBlows","floor":2.0},{"not_picked":["Consecrate","SashWhip"],"picked":"Wallop","floor":4.0},{"not_picked":["Prostrate","PathToVictory"],"picked":"CutThroughFate","floor":5.0},{"not_picked":["FlyingSleeves","Pray"],"picked":"Consecrate","floor":6.0},{"not_picked":["Scrawl","FlyingSleeves+1"],"picked":"EmptyMind","floor":8.0},{"not_picked":["SashWhip+1","Conclude+1"],"picked":"FollowUp+1","floor":10.0},{"not_picked":["WreathOfFlame","FollowUp+1"],"picked":"SandsOfTime+1","floor":14.0},{"not_picked":["Establishment","DeusExMachina"],"picked":"Blasphemy","floor":16.0},{"not_picked":["InnerPeace","Indignation"],"picked":"WheelKick+1","floor":18.0},{"not_picked":["Consecrate+1","ForeignInfluence"],"picked":"LikeWater","floor":22.0},{"not_picked":["PathToVictory","BowlingBash+1"],"picked":"EmptyFist+1","floor":23.0},{"not_picked":["SashWhip+1","Prostrate"],"picked":"CrushJoints+1","floor":24.0},{"not_picked":["CrushJoints+1","Evaluate"],"picked":"Vault","floor":27.0},{"not_picked":["FollowUp+1","ThirdEye"],"picked":"SashWhip+1","floor":29.0},{"not_picked":["Adaptation","DeusExMachina"],"picked":"FlurryOfBlows+1","floor":31.0},{"not_picked":["Wish","Scrawl"],"picked":"LessonLearned+1","floor":33.0},{"not_picked":["Conclude+1","Collect","Crescendo"],"picked":"SKIP","floor":35.0},{"not_picked":["SashWhip+1","Wallop+1"],"picked":"TalkToTheHand+1","floor":39.0},{"not_picked":["Perseverance","SandsOfTime+1","Vengeance"],"picked":"SKIP","floor":40.0},{"not_picked":["Perseverance","SandsOfTime+1","Vengeance"],"picked":"SKIP","floor":40.0},{"not_picked":["EmptyFist+1","SashWhip+1"],"picked":"MentalFortress","floor":42.0},{"not_picked":["Protect","EmptyBody"],"picked":"DevaForm","floor":47.0},{"not_picked":["Conclude+1","Adaptation","FlyingSleeves+1"],"picked":"SKIP","floor":48.0},{"not_picked":["CrushJoints+1","ForeignInfluence"],"picked":"CutThroughFate+1","floor":55}],"player_experience":841765,"relics_obtained":[{"floor":6.0,"key":"Bronze Scales"},{"floor":8.0,"key":"Molten Egg 2"},{"floor":9.0,"key":"Blood Vial"},{"floor":10.0,"key":"Anchor"},{"floor":23.0,"key":"MawBank"},{"floor":26.0,"key":"Letter Opener"},{"floor":38.0,"key":"Mango"},{"floor":40.0,"key":"Happy Flower"},{"floor":42.0,"key":"Pantograph"},{"floor":47.0,"key":"Gremlin Horn"},{"floor":55,"key":"Yang"}],"event_choices":[{"damage_healed":0.0,"max_hp_gain":0.0,"max_hp_loss":0.0,"gold_gain":0.0,"event_name":"WeMeetAgain","player_choice":"Paid Gold","floor":3.0,"gold_loss":59.0,"damage_taken":0.0,"relics_obtained":["Oddly Smooth Stone"]},{"cards_removed":["Strike_P"],"damage_healed":0.0,"max_hp_gain":0.0,"max_hp_loss":0.0,"gold_gain":0.0,"event_name":"Golden Wing","player_choice":"Card Removal","floor":11.0,"gold_loss":0.0,"damage_taken":7.0},{"damage_healed":0.0,"max_hp_gain":0.0,"max_hp_loss":0.0,"gold_gain":0.0,"event_name":"Liars Game","player_choice":"Ignored","floor":12.0,"gold_loss":0.0,"damage_taken":0.0},{"damage_healed":0.0,"max_hp_gain":0.0,"max_hp_loss":6.0,"gold_gain":0.0,"event_name":"Golden Idol","player_choice":"Lose Max HP","floor":13.0,"gold_loss":0.0,"damage_taken":0.0,"relics_obtained":["Golden Idol"]},{"cards_removed":["Defend_P"],"damage_healed":0.0,"max_hp_gain":0.0,"max_hp_loss":0.0,"gold_gain":0.0,"event_name":"Beggar","player_choice":"Gave Gold","floor":19.0,"gold_loss":75.0,"damage_taken":0.0},{"damage_healed":0.0,"max_hp_gain":0.0,"max_hp_loss":0.0,"gold_gain":0.0,"cards_transformed":["Defend_P"],"event_name":"Transmorgrifier","player_choice":"Transformed","floor":20.0,"gold_loss":0.0,"damage_taken":0.0,"cards_obtained":["Judgement"]},{"damage_healed":0.0,"max_hp_gain":0.0,"max_hp_loss":0.0,"gold_gain":0.0,"event_name":"Tomb of Lord Red Mask","player_choice":"Paid","floor":37.0,"gold_loss":140.0,"damage_taken":0.0,"relics_obtained":["Red Mask"]},{"damage_healed":0.0,"max_hp_gain":0.0,"max_hp_loss":0.0,"gold_gain":0.0,"event_name":"Mysterious Sphere","player_choice":"Fight","floor":38.0,"gold_loss":0.0,"damage_taken":0.0},{"cards_removed":["Defend_P"],"damage_healed":0.0,"max_hp_gain":0.0,"max_hp_loss":0.0,"gold_gain":0.0,"event_name":"Purifier","player_choice":"Purged","floor":45.0,"gold_loss":0.0,"damage_taken":0.0}],"is_beta":false,"boss_relics":[{"not_picked":["Runic Dome","Snecko Eye"],"picked":"SlaversCollar"},{"not_picked":["Calling Bell","Empty Cage"],"picked":"Philosopher\u0027s Stone"}],"items_purged_floors":[21],"is_endless":false,"potions_floor_spawned":[4,5,8,22,24,27,29,31,38,40,42,47],"killed_by":"The Heart","ascension_level":20}}