{"host":"rihxvzvzrfpivboj","time":1613836272,"event":{"mods":["Act Like it!","BaseMod","Better Third Choice","Block Reminder","Colored Map","Colored Powertips","Downfall","Duelist Mod","Gensokyo","GifTheSpireLib","Googly Eyes","Jorbs\u0027s Wanderer Trilogy","Keyboard Shortcuts","Minty Spire (QoL Compilation)","Quick Restart","ReimuÅiîé??öÎÅj","Relic Sorter","StSLib","SuperFastMode","The Bug Knight","Unceasing Turn Reminder","Waifu the Spire"],"gold_per_floor":[115,128,145,156,172,204,204,214,265,265,280,320,343,382,382,502,502,520,545,212,228,228,262,262,285,331,346,346,381,406,445,445,573,573,588,588,602,261,274,308,331,347,347,380,396,396,439,462,462,462,462,462,16,50,50,50],"floor_reached":55,"language":"ENG","playtime":5499,"items_purged":["Strike_Lin:ReiMu","Strike_Lin:ReiMu","Strike_Lin:ReiMu"],"score":1142,"play_id":"5c1f14dd-f5c2-4057-9e19-cb00fb6111fa","local_time":"20210220165112","is_ascension_mode":true,"campfire_choices":[{"data":"NB:ReiMu","floor":7,"key":"SMITH"},{"data":"DependentForm:ReiMu","floor":15,"key":"SMITH"},{"data":"AlertArray:ReiMu","floor":28,"key":"SMITH"},{"data":"SubcavityFantasy:ReiMu","floor":32,"key":"SMITH"},{"floor":49,"key":"RECALL"},{"data":"Revelation:ReiMu","floor":52,"key":"SMITH"}],"circlet_count":0,"master_deck":["Strike_Lin:ReiMu","Defend_Lin:ReiMu","Defend_Lin:ReiMu","Defend_Lin:ReiMu","Defend_Lin:ReiMu","NB:ReiMu+1","Stagnation:ReiMu","DoubleButterfly:ReiMu","SubAcupoint:ReiMu","DoubleButterfly:ReiMu","RainPray2:ReiMu","DoubleButterfly:ReiMu","AlertArray:ReiMu","DependentForm:ReiMu+1","AirManeuver:ReiMu","YinYang:ReiMu","AlertArray:ReiMu+1","Night Terror","DoubleButterfly:ReiMu","OctopathSalyBorderN:ReiMu","Revelation:ReiMu+1","AlertArray:ReiMu","SubcavityFantasy:ReiMu+1","Shading:ReiMu","AirManeuver:ReiMu","Apotheosis","WonderfulDomain:ReiMu+1"],"relics":["Coffee Dripper","Bronze Scales","Tiny Chest","Golden Idol","HollowMod:StagPassRelic","Eternal Feather","Velvet Choker","Pantograph","Juzu Bracelet","Orichalcum","Pear","Smiling Mask","Bottled Flame","DonationBox:ReiMu","PreservedInsect","ClockworkSouvenir","Centennial Puzzle","SkyOrb:ReiMu","Blue Candle","Anchor","HollowMod:JonisBlessing","Mercury Hourglass","FadedRune:ReiMu"],"acts_visited":["Exordium","Exordium","TheBeyond","TheEnding"],"potions_floor_usage":[6,12,14,14,27,29,44,47,50,54,55],"damage_taken":[{"damage":0,"enemies":"Cultist","floor":1,"turns":4},{"damage":1,"enemies":"Jaw Worm","floor":2,"turns":4},{"damage":0,"enemies":"2 Louse","floor":3,"turns":3},{"damage":0,"enemies":"Red Slaver","floor":4,"turns":4},{"damage":1,"enemies":"Large Slime","floor":5,"turns":7},{"damage":0,"enemies":"Gremlin Nob","floor":6,"turns":4},{"damage":0,"enemies":"3 Louse","floor":8,"turns":2},{"damage":0,"enemies":"Looter","floor":11,"turns":3},{"damage":0,"enemies":"3 Sentries","floor":12,"turns":6},{"damage":0,"enemies":"Large Slime","floor":13,"turns":7},{"damage":0,"enemies":"Gremlin Nob","floor":14,"turns":4},{"damage":13,"enemies":"The Guardian","floor":16,"turns":12},{"damage":0,"enemies":"Gensokyo:CosmicMonolith","floor":18,"turns":8},{"damage":2,"enemies":"Gensokyo:AngelMirror","floor":19,"turns":4},{"damage":3,"enemies":"Gensokyo:Slime_Group","floor":21,"turns":6},{"damage":22,"enemies":"Gensokyo:Koishi","floor":23,"turns":8},{"damage":3,"enemies":"Gensokyo:Wraith","floor":25,"turns":4},{"damage":8,"enemies":"Gensokyo:Monolith_and_Dog","floor":27,"turns":4},{"damage":3,"enemies":"Gensokyo:Tenshi","floor":29,"turns":6},{"damage":27,"enemies":"Gensokyo:Koishi","floor":31,"turns":8},{"damage":5,"enemies":"Gensokyo:Eternal_Rivals","floor":33,"turns":11},{"damage":0,"enemies":"Orb Walker","floor":35,"turns":4},{"damage":10,"enemies":"3 Shapes","floor":37,"turns":3},{"damage":0,"enemies":"Sphere and 2 Shapes","floor":39,"turns":5},{"damage":9,"enemies":"Reptomancer","floor":40,"turns":7},{"damage":4,"enemies":"Writhing Mass","floor":41,"turns":7},{"damage":0,"enemies":"3 Darklings","floor":42,"turns":7},{"damage":9,"enemies":"Nemesis","floor":44,"turns":7},{"damage":0,"enemies":"Maw","floor":45,"turns":9},{"damage":0,"enemies":"Giant Head","floor":47,"turns":8},{"damage":0,"enemies":"Sphere and 2 Shapes","floor":48,"turns":4},{"damage":30,"enemies":"Awakened One","floor":50,"turns":13},{"damage":0,"enemies":"Shield and Spear","floor":54,"turns":6},{"damage":75,"enemies":"The Heart","floor":55,"turns":12}],"seed_played":"7753257458296989949","potions_obtained":[{"floor":3,"key":"ZuzhouPotion:ReiMu"},{"floor":4,"key":"SpeedPotion"},{"floor":5,"key":"SteroidPotion"},{"floor":8,"key":"SteroidPotion"},{"floor":11,"key":"Block Potion"},{"floor":14,"key":"ZuzhouPotion:ReiMu"},{"floor":19,"key":"LiquidMemories"},{"floor":25,"key":"Weak Potion"},{"floor":27,"key":"Fire Potion"},{"floor":29,"key":"GrandPatriotsElixir:ReiMu"},{"floor":31,"key":"SteroidPotion"},{"floor":40,"key":"PinkPotion:ReiMu"},{"floor":42,"key":"PowerPotion"},{"floor":45,"key":"Weak Potion"},{"floor":48,"key":"PinkPotion:ReiMu"}],"is_trial":false,"path_per_floor":["M","M","M","M","M","E","R","M","T","?","M","E","M","E","R","B",null,"M","M","$","M","?","E","?","M","T","M","R","E","T","E","R","B",null,"M","?","M","$","M","E","M","M","T","E","M","?","E","M","R","B",null,"R","$","E","B"],"character_chosen":"REIMU","items_purchased":["Pantograph","PreservedInsect","ClockworkSouvenir","HollowMod:JonisBlessing","Mercury Hourglass"],"campfire_rested":0,"item_purchase_floors":[20,38,38,53,53],"current_hp_per_floor":[65,64,64,64,63,63,63,63,63,47,47,47,47,47,56,43,65,65,63,63,60,54,32,32,29,29,21,33,40,40,13,28,48,75,75,75,65,65,65,56,52,52,52,43,43,38,38,38,53,45,75,75,75,75,0,0],"gold":50,"neow_bonus":"BOSS_RELIC","is_daily":false,"chose_seed":false,"campfire_upgraded":5,"win_rate":0.0,"timestamp":1613836272,"path_taken":["M","M","?","M","M","E","R","M","T","?","M","E","M","E","R","BOSS","M","M","$","M","?","E","?","M","T","M","R","E","?","E","R","BOSS","M","?","M","$","M","E","M","M","T","E","M","?","E","M","R","BOSS","R","$","E","BOSS"],"items_purchased_type":["Relic","Relic","Relic","Relic","Relic"],"build_version":"2020-12-22","purchased_purges":3,"victory":false,"max_hp_per_floor":[65,65,65,65,65,65,65,65,65,65,65,65,65,65,65,65,65,65,65,65,65,65,65,65,65,65,65,65,75,75,75,75,75,75,75,75,75,75,75,75,75,75,75,75,75,75,75,75,75,75,75,75,75,75,75,75],"card_choices":[{"not_picked":["AirStrike:ReiMu","CareerPray:ReiMu"],"picked":"DoubleButterfly:ReiMu","floor":1},{"not_picked":["Intuition:ReiMu","TakeOff:ReiMu"],"picked":"SubAcupoint:ReiMu","floor":2},{"not_picked":["ForcedLanding:ReiMu","ManaGlint:ReiMu"],"picked":"DoubleButterfly:ReiMu","floor":3},{"not_picked":["ShadowOfCrow2:ReiMu","Gathering:ReiMu"],"picked":"RainPray2:ReiMu","floor":4},{"not_picked":["SafetyPray:ReiMu","EmergencyTakeOff:ReiMu","OrbThrow:ReiMu"],"picked":"SKIP","floor":5},{"not_picked":["RainPray2:ReiMu","WonderfulDomain:ReiMu"],"picked":"DoubleButterfly:ReiMu","floor":6},{"not_picked":["LearningPray:ReiMu","KamiSacrifice:ReiMu","SafetyPray:ReiMu"],"picked":"SKIP","floor":8},{"not_picked":["ForcedLanding:ReiMu","Meditation:ReiMu"],"picked":"AlertArray:ReiMu","floor":11},{"not_picked":["EmergencyTakeOff:ReiMu","FineLineFantasy:ReiMu"],"picked":"DependentForm:ReiMu","floor":12},{"not_picked":["YinYangSange:ReiMu","Amulet:ReiMu","EmergencyTakeOff:ReiMu"],"picked":"SKIP","floor":13},{"not_picked":["WonderfulDomain:ReiMu","MikOfLucky:ReiMu"],"picked":"AirManeuver:ReiMu","floor":14},{"not_picked":["Free:ReiMu","RunawayExorcism:ReiMu"],"picked":"YinYang:ReiMu","floor":16},{"not_picked":["Enchanting:ReiMu+1","SubcavityInstant:ReiMu","AirStrike:ReiMu"],"picked":"SKIP","floor":18},{"not_picked":["AirStrike:ReiMu","EmergencyTakeOff:ReiMu+1"],"picked":"AlertArray:ReiMu","floor":19},{"not_picked":["ManaGlint:ReiMu","Amulet:ReiMu+1","FoulBorder2:ReiMu"],"picked":"SKIP","floor":21},{"not_picked":["PayForSelf:ReiMu+1","MountainWay:ReiMu"],"picked":"DoubleButterfly:ReiMu","floor":23},{"not_picked":["Amulet:ReiMu+1","TightArray:ReiMu"],"picked":"Revelation:ReiMu","floor":25},{"not_picked":["YinYangSign:ReiMu+1","RainPray2:ReiMu+1"],"picked":"AlertArray:ReiMu","floor":27},{"not_picked":["CollectionFlower2:ReiMu","Intuition:ReiMu"],"picked":"SubcavityFantasy:ReiMu","floor":29},{"not_picked":["KamiSacrifice:ReiMu+1","Gathering:ReiMu","LearningPray:ReiMu"],"picked":"SKIP","floor":31},{"not_picked":["CardOfSanctity:ReiMu","BlastKick2:ReiMu"],"picked":"Shading:ReiMu","floor":33},{"not_picked":["Conquer:ReiMu+1","OrbThrow:ReiMu"],"picked":"AirManeuver:ReiMu","floor":35},{"not_picked":["Deep Breath","Mind Blast"],"picked":"Apotheosis","floor":36},{"not_picked":["PhosphorusFlame:ReiMu","Enchanting:ReiMu+1","BarrageOfMoneybags:ReiMu"],"picked":"SKIP","floor":37},{"not_picked":["Amulet:ReiMu","SpringWay:ReiMu+1","SubAcupoint:ReiMu+1"],"picked":"SKIP","floor":39},{"not_picked":["PayForSelf:ReiMu+1","AlertArray:ReiMu","YinYangSign:ReiMu+1"],"picked":"SKIP","floor":40},{"not_picked":["EmergencyTakeOff:ReiMu","PhosphorusFlame:ReiMu","SpiritualOutbreak2:ReiMu"],"picked":"SKIP","floor":41},{"not_picked":["SpreadBorder2:ReiMu","SafetyPray:ReiMu+1","Authority:ReiMu"],"picked":"SKIP","floor":42},{"not_picked":["SpreadBorder2:ReiMu","AirStrike:ReiMu+1","Intuition:ReiMu"],"picked":"SKIP","floor":44},{"not_picked":["SpreadBorder2:ReiMu+1","Enchanting:ReiMu+1"],"picked":"WonderfulDomain:ReiMu+1","floor":45},{"not_picked":["OctopathBindingBorder2:ReiMu+1","PrepareRite:ReiMu+1","AirManeuver:ReiMu+1"],"picked":"SKIP","floor":47},{"not_picked":["MikOfLucky:ReiMu+1","DoubleButterfly:ReiMu+1","SpreadBorder2:ReiMu+1"],"picked":"SKIP","floor":48},{"not_picked":["SpreadBorder2:ReiMu+1","SealNeedle:ReiMu","PayForSelf:ReiMu"],"picked":"SKIP","floor":54},{"not_picked":["SpreadBorder2:ReiMu+1","SealNeedle:ReiMu","PayForSelf:ReiMu"],"picked":"SKIP","floor":54}],"player_experience":1291372,"relics_obtained":[{"floor":6,"key":"Bronze Scales"},{"floor":9,"key":"Tiny Chest"},{"floor":12,"key":"HollowMod:StagPassRelic"},{"floor":14,"key":"Eternal Feather"},{"floor":23,"key":"Juzu Bracelet"},{"floor":26,"key":"Orichalcum"},{"floor":29,"key":"Pear"},{"floor":30,"key":"Smiling Mask"},{"floor":31,"key":"Bottled Flame"},{"floor":40,"key":"Centennial Puzzle"},{"floor":44,"key":"SkyOrb:ReiMu"},{"floor":47,"key":"Anchor"},{"floor":54,"key":"FadedRune:ReiMu"}],"event_choices":[{"damage_healed":0,"gold_gain":0,"player_choice":"Take Damage","damage_taken":16,"relics_obtained":["Golden Idol"],"max_hp_gain":0,"max_hp_loss":0,"event_name":"Golden Idol","floor":10,"gold_loss":0},{"damage_healed":0,"gold_gain":0,"player_choice":"Memory 1","damage_taken":0,"max_hp_gain":0,"max_hp_loss":0,"event_name":"SensoryStone","floor":36,"gold_loss":0}],"is_beta":false,"boss_relics":[{"not_picked":["Empty Cage","Tiny House"],"picked":"Velvet Choker"},{"not_picked":["Philosopher\u0027s Stone","Runic Dome"],"picked":"DonationBox:ReiMu"}],"items_purged_floors":[20,38,53],"is_endless":false,"potions_floor_spawned":[3,4,5,8,11,14,19,25,27,29,31,40,41,42,45,48],"killed_by":"The Heart","ascension_level":4}}