{"host":"37dk0reb6x0du8wx","time":1613798126,"event":{"mods":["BaseMod","Colored Map","DeckTracker","Minty Spire (QoL Compilation)","Quick Restart","StSLib"],"gold_per_floor":[219,36,36,36,54,54,2,2,2,2,21,21,35,65,65,169,169,187,206,206,83,94,94,114,114,160,173,187,206,21,31,31,136,136,156,170,170,170,26,26,37,37,37,57,57,57,68,88,88,88],"floor_reached":51,"language":"KOR","playtime":6794,"items_purged":["Strike_G","Defend_G"],"score":641,"play_id":"cdeb7ec5-999f-417c-82b7-75bd39b6cad4","local_time":"20210220141526","is_ascension_mode":false,"campfire_choices":[{"data":"Accuracy","floor":6,"key":"SMITH"},{"data":"Blade Dance","floor":8,"key":"SMITH"},{"data":"Cloak And Dagger","floor":10,"key":"SMITH"},{"data":"Cloak And Dagger","floor":15,"key":"SMITH"},{"data":"Blade Dance","floor":23,"key":"SMITH"},{"floor":32,"key":"REST"},{"data":"Bandage Up","floor":40,"key":"SMITH"},{"floor":46,"key":"REST"},{"floor":49,"key":"REST"}],"circlet_count":0,"master_deck":["Strike_G","Defend_G","Defend_G","Defend_G","Survivor","Neutralize","Dagger Spray","Accuracy+1","Blade Dance+1","Slice","Slice","Cloak And Dagger+1","Cloak And Dagger+1","Terror","Blade Dance+1","Cloak And Dagger+1","Writhe","PiercingWail","Bandage Up+1","Good Instincts","Accuracy+1","Parasite","Accuracy+1","Backflip+1"],"relics":["Ring of the Snake","Orrery","HornCleat","Ninja Scroll","InkBottle","Empty Cage","Question Card","Boot","WristBlade","DollysMirror","Pear","Prayer Wheel"],"acts_visited":["Exordium","TheCity","TheBeyond"],"potions_floor_usage":[33,50,50],"damage_taken":[{"damage":0,"enemies":"2 Louse","floor":1,"turns":6},{"damage":0,"enemies":"Cultist","floor":5,"turns":3},{"damage":0,"enemies":"Small Slimes","floor":11,"turns":2},{"damage":0,"enemies":"3 Louse","floor":13,"turns":2},{"damage":13,"enemies":"The Guardian","floor":16,"turns":11},{"damage":6,"enemies":"Shell Parasite","floor":18,"turns":5},{"damage":4,"enemies":"2 Thieves","floor":19,"turns":4},{"damage":0,"enemies":"Snake Plant","floor":22,"turns":3},{"damage":0,"enemies":"Cultist and Chosen","floor":24,"turns":3},{"damage":8,"enemies":"Centurion and Healer","floor":27,"turns":4},{"damage":0,"enemies":"Shelled Parasite and Fungi","floor":28,"turns":3},{"damage":0,"enemies":"Chosen and Byrds","floor":29,"turns":4},{"damage":0,"enemies":"Cultist and Chosen","floor":31,"turns":3},{"damage":53,"enemies":"Champ","floor":33,"turns":10},{"damage":21,"enemies":"3 Shapes","floor":35,"turns":3},{"damage":0,"enemies":"Orb Walker","floor":36,"turns":2},{"damage":0,"enemies":"Sphere and 2 Shapes","floor":41,"turns":2},{"damage":22,"enemies":"Writhing Mass","floor":44,"turns":4},{"damage":0,"enemies":"Spire Growth","floor":47,"turns":2},{"damage":25,"enemies":"Sphere and 2 Shapes","floor":48,"turns":3},{"damage":47,"enemies":"Time Eater","floor":50,"turns":5}],"seed_played":"-3606963081072576829","potions_obtained":[{"floor":5,"key":"Swift Potion"},{"floor":13,"key":"DuplicationPotion"},{"floor":19,"key":"LiquidBronze"},{"floor":33,"key":"CunningPotion"},{"floor":44,"key":"DuplicationPotion"},{"floor":48,"key":"SteroidPotion"}],"is_trial":false,"path_per_floor":["M","$","?","$","M","R","$","R","T","R","M","?","M","?","R","B",null,"M","M","?","$","M","R","M","?","T","M","M","M","$","M","R","B",null,"M","M","?","?","$","R","M","?","T","M","$","R","M","M","R","B",null],"character_chosen":"THE_SILENT","items_purchased":["Accuracy","Orrery","Cloak And Dagger","Blade Dance","Bandage Up","DollysMirror"],"campfire_rested":3,"item_purchase_floors":[2,2,7,21,30,39],"current_hp_per_floor":[70,70,70,70,70,70,70,70,70,70,70,52,52,52,52,39,70,64,60,60,60,60,60,60,60,60,52,52,52,52,56,70,21,70,53,53,53,53,53,53,53,63,63,47,47,71,77,58,80,33],"gold":88,"neow_bonus":"HUNDRED_GOLD","is_daily":false,"chose_seed":false,"campfire_upgraded":6,"win_rate":0.0,"timestamp":1613798126,"path_taken":["M","$","?","$","M","R","?","R","T","R","M","?","M","?","R","BOSS","M","M","?","$","M","R","M","?","T","M","?","M","?","?","R","BOSS","M","M","?","?","$","R","M","?","T","M","$","R","M","M","R","BOSS"],"items_purchased_type":["Card","Relic","Card","Card","Card","Relic"],"build_version":"2020-12-22","purchased_purges":2,"victory":true,"max_hp_per_floor":[70,70,70,70,70,70,70,70,70,70,70,70,70,70,70,70,70,70,70,70,70,70,70,70,70,70,70,70,70,70,70,70,70,70,70,70,70,70,70,70,70,80,80,80,80,80,80,80,80,80],"card_choices":[{"not_picked":["Outmaneuver","Well Laid Plans"],"picked":"Dagger Spray","floor":1},{"not_picked":["Corpse Explosion","Endless Agony"],"picked":"Blade Dance","floor":2},{"not_picked":["Heel Hook","Blur"],"picked":"Slice","floor":2},{"not_picked":["Dagger Spray","Backflip"],"picked":"Slice","floor":2},{"not_picked":["Bane","Dagger Spray","Dagger Throw"],"picked":"SKIP","floor":5},{"not_picked":["Expertise","Poisoned Stab","Wraith Form v2"],"picked":"SKIP","floor":11},{"not_picked":["Flying Knee","Dash"],"picked":"Cloak And Dagger","floor":13},{"not_picked":["Poisoned Stab","Deflect+1"],"picked":"Terror","floor":18},{"not_picked":["Quick Slash","Poisoned Stab+1","Outmaneuver"],"picked":"SKIP","floor":19},{"not_picked":["Leg Sweep","Dagger Throw"],"picked":"Cloak And Dagger+1","floor":22},{"not_picked":["Deflect+1","Dodge and Roll","Tactician"],"picked":"SKIP","floor":24},{"not_picked":["Bouncing Flask","Deadly Poison","Bane+1","Tactician"],"picked":"SKIP","floor":27},{"not_picked":["Setup","Outmaneuver","Expertise"],"picked":"PiercingWail","floor":28},{"not_picked":["Masterful Stab","Sucker Punch","Quick Slash","Finisher"],"picked":"SKIP","floor":29},{"not_picked":["PiercingWail","Underhanded Strike","Sucker Punch","Prepared"],"picked":"SKIP","floor":31},{"not_picked":["Sucker Punch","Flying Knee+1","Slice+1","Poisoned Stab+1"],"picked":"SKIP","floor":35},{"not_picked":["Predator","Dagger Spray+1","Backstab","Flying Knee"],"picked":"SKIP","floor":36},{"not_picked":["Trip","Flash of Steel","Finesse"],"picked":"Good Instincts","floor":38},{"not_picked":["Cloak And Dagger","Catalyst+1","Outmaneuver","Deadly Poison"],"picked":"SKIP","floor":41},{"not_picked":["Poisoned Stab","PiercingWail+1","Dash+1"],"picked":"Accuracy+1","floor":44},{"not_picked":["Distraction","Dodge and Roll","Sucker Punch+1","Setup+1"],"picked":"SKIP","floor":44},{"not_picked":["Noxious Fumes","Phantasmal Killer","Endless Agony"],"picked":"Backflip+1","floor":47},{"not_picked":["Acrobatics","Cloak And Dagger","Crippling Poison","Underhanded Strike+1"],"picked":"SKIP","floor":47},{"not_picked":["Bouncing Flask+1","Quick Slash+1","Acrobatics+1","Poisoned Stab+1"],"picked":"SKIP","floor":48},{"not_picked":["Finisher+1","Acrobatics","Outmaneuver+1","Underhanded Strike+1"],"picked":"SKIP","floor":48}],"player_experience":221744,"relics_obtained":[{"floor":9,"key":"HornCleat"},{"floor":26,"key":"Boot"},{"floor":43,"key":"Prayer Wheel"}],"event_choices":[{"cards_removed":["Strike_G"],"damage_healed":0,"gold_gain":0,"player_choice":"Offered Basic","damage_taken":0,"max_hp_gain":0,"max_hp_loss":0,"event_name":"Bonfire Elementals","floor":3,"gold_loss":0},{"damage_healed":0,"gold_gain":0,"player_choice":"Success","damage_taken":18,"relics_obtained":["Ninja Scroll"],"max_hp_gain":0,"max_hp_loss":0,"event_name":"Scrap Ooze","floor":12,"gold_loss":0},{"damage_healed":0,"gold_gain":30,"player_choice":"Searched \u00273\u0027 times","damage_taken":0,"relics_obtained":["InkBottle"],"max_hp_gain":0,"max_hp_loss":0,"event_name":"Dead Adventurer","floor":14,"gold_loss":0},{"cards_removed":["Strike_G"],"damage_healed":0,"gold_gain":0,"player_choice":"Elegance","damage_taken":0,"max_hp_gain":0,"max_hp_loss":0,"event_name":"Back to Basics","floor":20,"gold_loss":0},{"damage_healed":0,"gold_gain":0,"player_choice":"Opened","damage_taken":0,"relics_obtained":["Question Card"],"max_hp_gain":0,"max_hp_loss":0,"event_name":"The Mausoleum","floor":25,"gold_loss":0,"cards_obtained":["Writhe"]},{"damage_healed":0,"gold_gain":0,"player_choice":"Ignored","damage_taken":0,"max_hp_gain":0,"max_hp_loss":0,"event_name":"Tomb of Lord Red Mask","floor":37,"gold_loss":0},{"damage_healed":0,"gold_gain":0,"player_choice":"Memory 1","damage_taken":0,"max_hp_gain":0,"max_hp_loss":0,"event_name":"SensoryStone","floor":38,"gold_loss":0},{"damage_healed":0,"gold_gain":0,"player_choice":"Gave Potion","damage_taken":0,"relics_obtained":["Pear"],"max_hp_gain":0,"max_hp_loss":0,"event_name":"WeMeetAgain","floor":42,"gold_loss":0}],"is_beta":false,"boss_relics":[{"not_picked":["Pandora\u0027s Box","Cursed Key"],"picked":"Empty Cage"},{"not_picked":["Calling Bell","HoveringKite"],"picked":"WristBlade"}],"items_purged_floors":[21,30],"is_endless":false,"potions_floor_spawned":[5,13,19,22,31,33,41,44,48],"ascension_level":0}}