{"host":"py7qdianp3jrm8dm","time":1613841591,"event":{"mods":["AchievementEnabler","BaseMod","Bestiary","Downfall","Highlight Path","Minty Spire (QoL Compilation)","StSLib"],"gold_per_floor":[114,114,114,65,84,84,119,139,139,150,150,150,185,31,31,31,31],"floor_reached":16,"language":"ENG","playtime":701,"items_purged":[],"score":189,"play_id":"1d696c2d-9f3e-4918-8f25-e7273b43930a","local_time":"20210220171951","is_ascension_mode":true,"campfire_choices":[{"data":"Iron Wave","floor":6.0,"key":"SMITH"},{"floor":12.0,"key":"REST"},{"data":"Fiend Fire","floor":15.0,"key":"SMITH"}],"circlet_count":0,"master_deck":["AscendersBane","Strike_R","Strike_R","Strike_R","Strike_R","Strike_R","Defend_R","Defend_R","Defend_R","Defend_R","Bash","Pommel Strike","Iron Wave+1","Power Through","True Grit","Feel No Pain","Fiend Fire+1"],"relics":["Burning Blood","Calipers","Sundial","Ornamental Fan","Singing Bowl","Regal Pillow","Sling"],"acts_visited":["Exordium"],"potions_floor_usage":[16],"damage_taken":[{"damage":7.0,"enemies":"Small Slimes","floor":1.0,"turns":4.0},{"damage":2.0,"enemies":"Jaw Worm","floor":5.0,"turns":3.0},{"damage":34.0,"enemies":"3 Sentries","floor":7.0,"turns":7.0},{"damage":6.0,"enemies":"Cultist","floor":8.0,"turns":3.0},{"damage":32.0,"enemies":"Exordium Thugs","floor":10.0,"turns":7.0},{"damage":5.0,"enemies":"Lagavulin","floor":13.0,"turns":6.0},{"damage":40,"enemies":"Hexaghost","floor":16,"turns":10}],"seed_played":"-8209435270792689230","potions_obtained":[{"floor":5.0,"key":"EntropicBrew"},{"floor":8.0,"key":"hexamod:SoulburnPotion"}],"is_trial":false,"path_per_floor":["M","?","?","$","M","R","E","M","T","M","T","R","E","$","R","B"],"character_chosen":"IRONCLAD","items_purchased":["PowerPotion","Sling"],"campfire_rested":1,"item_purchase_floors":[4,14],"current_hp_per_floor":[67,67,67,67,71,71,43,43,43,17,17,39,40,40,40,0,0],"gold":31,"neow_bonus":"ONE_RARE_RELIC","is_daily":false,"chose_seed":false,"campfire_upgraded":2,"win_rate":0.0,"timestamp":1613841591,"path_taken":["M","?","?","$","M","R","E","M","T","?","?","R","E","$","R","BOSS"],"items_purchased_type":["Potion","Relic"],"build_version":"2020-12-22","purchased_purges":0,"victory":false,"max_hp_per_floor":[75,75,75,75,75,75,75,75,75,75,75,75,75,75,75,75,75],"card_choices":[{"not_picked":["Thunderclap","Havoc"],"picked":"Pommel Strike","floor":1.0},{"not_picked":["Thunderclap","Burning Pact"],"picked":"Iron Wave","floor":5.0},{"not_picked":["Searing Blow","Inflame"],"picked":"Power Through","floor":7.0},{"not_picked":["Thunderclap","Sword Boomerang"],"picked":"True Grit","floor":8.0},{"not_picked":["Headbutt","Burning Pact"],"picked":"Feel No Pain","floor":10.0},{"not_picked":["Perfected Strike","Clothesline"],"picked":"Fiend Fire","floor":13.0}],"player_experience":623542,"relics_obtained":[{"floor":7.0,"key":"Sundial"},{"floor":9.0,"key":"Ornamental Fan"},{"floor":11.0,"key":"Singing Bowl"},{"floor":13.0,"key":"Regal Pillow"}],"event_choices":[{"damage_healed":0.0,"max_hp_gain":0.0,"max_hp_loss":0.0,"gold_gain":0.0,"event_name":"Shining Light","player_choice":"Ignored","floor":2.0,"gold_loss":0.0,"damage_taken":0.0},{"cards_removed":["Normality"],"damage_healed":0.0,"max_hp_gain":0.0,"max_hp_loss":0.0,"gold_gain":0.0,"event_name":"Fountain of Cleansing","player_choice":"Removed Curses","floor":3.0,"gold_loss":0.0,"damage_taken":0.0}],"is_beta":false,"boss_relics":[],"items_purged_floors":[],"is_endless":false,"potions_floor_spawned":[5,8,10],"killed_by":"Hexaghost","ascension_level":15}}