{"host":"0pyv9je0pz1gg9m7","time":1613818889,"event":{"mods":["AchievementEnabler","BaseMod","Colored Map","DeckTracker","Minty Spire (QoL Compilation)","Permanent Neow","StSLib","SuperFastMode","everything is the same but u backflip on backflip"],"gold_per_floor":[361,19,37,57,72,72,84,84,84,84,102,127,127,158,158,235,235,247,247,267,282,292,292,326,326,326,326,426,438,438,438,438,438,438],"floor_reached":33,"language":"KOR","playtime":1171,"items_purged":[],"score":579,"play_id":"a7029905-ef86-4121-b870-93ca81a2bc16","local_time":"20210220200129","is_ascension_mode":true,"campfire_choices":[{"floor":6.0,"key":"REST"},{"data":"Neutralize","floor":13.0,"key":"SMITH"},{"floor":15.0,"key":"REST"},{"data":"Wraith Form v2","floor":23.0,"key":"SMITH"},{"data":"Bouncing Flask","floor":25.0,"key":"SMITH"},{"data":"Predator","floor":27.0,"key":"SMITH"},{"data":"Bite","floor":32,"key":"SMITH"}],"circlet_count":0,"master_deck":["AscendersBane","Defend_G","Defend_G","Defend_G","Defend_G","Defend_G","Survivor","Neutralize+1","Quick Slash","Bouncing Flask+1","All Out Attack","Masterful Stab","PiercingWail+1","Predator+1","Deadly Poison","Wraith Form v2+1","Bite+1","Bite","Bite","Bite","Bite","Eviscerate+1","Underhanded Strike"],"relics":["Ring of the Snake","Turnip","Ninja Scroll","Matryoshka","Akabeko","Snecko Eye","Strawberry","MealTicket","Pantograph","Tingsha","Molten Egg 2"],"acts_visited":["Exordium","TheCity"],"potions_floor_usage":[],"damage_taken":[{"damage":4.0,"enemies":"Cultist","floor":1.0,"turns":5.0},{"damage":6.0,"enemies":"2 Louse","floor":3.0,"turns":4.0},{"damage":12.0,"enemies":"Small Slimes","floor":4.0,"turns":4.0},{"damage":6.0,"enemies":"Looter","floor":5.0,"turns":4.0},{"damage":9.0,"enemies":"Blue Slaver","floor":7.0,"turns":4.0},{"damage":0.0,"enemies":"Lots of Slimes","floor":11.0,"turns":1.0},{"damage":21.0,"enemies":"3 Sentries","floor":12.0,"turns":7.0},{"damage":3.0,"enemies":"Gremlin Nob","floor":14.0,"turns":3.0},{"damage":33.0,"enemies":"The Guardian","floor":16.0,"turns":10.0},{"damage":1.0,"enemies":"2 Thieves","floor":18.0,"turns":4.0},{"damage":18.0,"enemies":"Shell Parasite","floor":20.0,"turns":5.0},{"damage":6.0,"enemies":"Snecko","floor":21.0,"turns":5.0},{"damage":0.0,"enemies":"Centurion and Healer","floor":22.0,"turns":5.0},{"damage":9.0,"enemies":"Gremlin Leader","floor":24.0,"turns":6.0},{"damage":10.0,"enemies":"Colosseum Slavers","floor":28.0,"turns":6.0},{"damage":14.0,"enemies":"Colosseum Nobs","floor":28.0,"turns":6.0},{"damage":30.0,"enemies":"Snake Plant","floor":29.0,"turns":4.0},{"damage":67,"enemies":"Automaton","floor":33,"turns":6}],"seed_played":"7214984186738088474","potions_obtained":[{"floor":4.0,"key":"Explosive Potion"},{"floor":5.0,"key":"Weak Potion"},{"floor":7.0,"key":"Regen Potion"},{"floor":12.0,"key":"FearPotion"},{"floor":14.0,"key":"DistilledChaos"},{"floor":20.0,"key":"FearPotion"},{"floor":24.0,"key":"ColorlessPotion"},{"floor":29,"key":"FearPotion"}],"is_trial":false,"path_per_floor":["M","$","M","M","M","R","M","?","T","?","M","E","R","E","R","B",null,"M","?","M","M","M","R","E","R","T","R","?","M","?","?","R","B"],"character_chosen":"THE_SILENT","items_purchased":["Turnip"],"campfire_rested":2,"item_purchase_floors":[2],"current_hp_per_floor":[40,40,34,22,16,35,26,26,26,26,26,20,20,17,36,3,50,49,46,28,34,40,40,52,52,52,52,42,18,18,18,18,0,0],"gold":438,"neow_bonus":"TWO_FIFTY_GOLD","is_daily":false,"chose_seed":false,"campfire_upgraded":5,"win_rate":0.0,"timestamp":1613818889,"path_taken":["M","$","M","M","M","R","M","?","T","?","M","E","R","E","R","BOSS","M","?","M","M","M","R","E","R","T","R","?","M","?","?","R","BOSS"],"items_purchased_type":["Relic"],"build_version":"2020-12-22","purchased_purges":0,"victory":false,"max_hp_per_floor":[66,66,66,66,66,66,66,66,66,66,66,66,66,66,66,66,66,66,46,46,46,46,46,53,53,53,53,53,53,53,53,53,53,53],"card_choices":[{"not_picked":["Cloak And Dagger","Calculated Gamble"],"picked":"Quick Slash","floor":1.0},{"not_picked":["Concentrate","Poisoned Stab"],"picked":"Bouncing Flask","floor":3.0},{"not_picked":["Quick Slash","Outmaneuver","Slice"],"picked":"SKIP","floor":4.0},{"not_picked":["Flying Knee","Calculated Gamble"],"picked":"All Out Attack","floor":5.0},{"not_picked":["Concentrate","Acrobatics"],"picked":"Masterful Stab","floor":7.0},{"not_picked":["Bouncing Flask","Finisher"],"picked":"PiercingWail","floor":11.0},{"not_picked":["Sucker Punch","Terror"],"picked":"Predator","floor":12.0},{"not_picked":["Calculated Gamble","Choke"],"picked":"Deadly Poison","floor":14.0},{"not_picked":["Tools of the Trade","Malaise"],"picked":"Wraith Form v2","floor":16.0},{"not_picked":["Deadly Poison","Acrobatics","Cloak And Dagger"],"picked":"SKIP","floor":18.0},{"not_picked":["Slice+1","Dagger Spray"],"picked":"Eviscerate+1","floor":20.0},{"not_picked":["Dagger Throw","Bane"],"picked":"Underhanded Strike","floor":21.0},{"not_picked":["Dodge and Roll","Underhanded Strike","Flying Knee+1"],"picked":"SKIP","floor":22.0},{"not_picked":["Backstab","Deadly Poison","Flechettes"],"picked":"SKIP","floor":24.0},{"not_picked":["Dagger Spray+1","Footwork","Endless Agony+1"],"picked":"SKIP","floor":29}],"player_experience":460639,"relics_obtained":[{"floor":9.0,"key":"Ninja Scroll"},{"floor":12.0,"key":"Matryoshka"},{"floor":14.0,"key":"Akabeko"},{"floor":24.0,"key":"Strawberry"},{"floor":26.0,"key":"MealTicket"},{"floor":26.0,"key":"Pantograph"},{"floor":28.0,"key":"Tingsha"},{"floor":28.0,"key":"Molten Egg 2"}],"event_choices":[{"damage_healed":0.0,"max_hp_gain":0.0,"max_hp_loss":0.0,"gold_gain":0.0,"event_name":"Shining Light","player_choice":"Ignored","floor":8.0,"gold_loss":0.0,"damage_taken":0.0},{"damage_healed":0.0,"max_hp_gain":0.0,"max_hp_loss":0.0,"gold_gain":0.0,"event_name":"Liars Game","player_choice":"Ignored","floor":10.0,"gold_loss":0.0,"damage_taken":0.0},{"damage_healed":0.0,"max_hp_gain":0.0,"max_hp_loss":20.0,"gold_gain":0.0,"event_name":"Vampires","player_choice":"Became a vampire","floor":19.0,"gold_loss":0.0,"damage_taken":0.0,"cards_obtained":["Bite","Bite","Bite","Bite","Bite"]},{"damage_healed":0.0,"max_hp_gain":0.0,"max_hp_loss":0.0,"gold_gain":0.0,"event_name":"Colosseum","player_choice":"Fight","floor":28.0,"gold_loss":0.0,"damage_taken":0.0},{"damage_healed":0.0,"max_hp_gain":0.0,"max_hp_loss":0.0,"gold_gain":0.0,"event_name":"Colosseum","player_choice":"Fought Nobs","floor":28.0,"gold_loss":0.0,"damage_taken":0.0},{"damage_healed":0,"gold_gain":0,"player_choice":"Ignored","damage_taken":0,"max_hp_gain":0,"max_hp_loss":0,"event_name":"The Mausoleum","floor":30,"gold_loss":0},{"damage_healed":0,"gold_gain":0,"player_choice":"Upgraded","damage_taken":0,"max_hp_gain":0,"max_hp_loss":0,"event_name":"Upgrade Shrine","floor":31,"gold_loss":0,"cards_upgraded":["PiercingWail"]}],"is_beta":false,"boss_relics":[{"not_picked":["Ring of the Serpent","SlaversCollar"],"picked":"Snecko Eye"}],"items_purged_floors":[],"is_endless":false,"potions_floor_spawned":[4,5,7,12,14,20,24,28,29],"killed_by":"Automaton","ascension_level":20}}