{"host":"a4s27ghlnr83kbqz","time":1613831266,"event":{"mods":["AchievementEnabler","BaseMod","Colored Map","Minty Spire (QoL Compilation)","Permanent Neow","SuperFastMode"],"gold_per_floor":[118,43,62,62,73,106,123,135,135,135,152,152,166,201,201,278,278,248,248,163,163,163,163,163,163,163,163,163,163,163,163,163,163,163,163,163,40,40,40,40,40,40,40,40,40,40,40,40,40,40],"floor_reached":51,"language":"KOR","playtime":1755,"items_purged":["Regret"],"score":1319,"play_id":"0cb74e39-3299-4144-80b5-6948f3d2756c","local_time":"20210220232746","is_ascension_mode":true,"campfire_choices":[{"data":"1","floor":10.0,"key":"LIFT"},{"data":"2","floor":12.0,"key":"LIFT"},{"data":"3","floor":15.0,"key":"LIFT"},{"data":"A Thousand Cuts","floor":23.0,"key":"SMITH"},{"floor":25.0,"key":"REST"},{"data":"Blade Dance","floor":27.0,"key":"SMITH"},{"data":"Terror","floor":32.0,"key":"SMITH"},{"floor":40,"key":"REST"},{"data":"Accuracy","floor":45,"key":"SMITH"},{"floor":49,"key":"REST"}],"circlet_count":0,"master_deck":["AscendersBane","Strike_G","Strike_G+1","Strike_G","Strike_G","Defend_G","Defend_G","Defend_G","Defend_G","Defend_G","Survivor","Neutralize+1","Apotheosis+1","Dagger Spray","Blade Dance+1","Backflip","Calculated Gamble","Flechettes","A Thousand Cuts+1","Malaise","Blur","PiercingWail","Terror+1","Burst","CurseOfTheBell","Accuracy+1","Dodge and Roll","Noxious Fumes+1","Backflip+1","Dodge and Roll+1"],"relics":["Ring of the Snake","Girya","Pear","White Beast Statue","Ectoplasm","Pen Nib","Matryoshka","StrikeDummy","Calling Bell","Ninja Scroll","FossilizedHelix","Orichalcum","CaptainsWheel","Akabeko","Toxic Egg 2","Tingsha","Bag of Marbles","Centennial Puzzle","Du-Vu Doll","Whetstone"],"acts_visited":["Exordium","TheCity","TheBeyond"],"potions_floor_usage":[44,50],"damage_taken":[{"damage":3.0,"enemies":"Jaw Worm","floor":1.0,"turns":5.0},{"damage":2.0,"enemies":"2 Louse","floor":3.0,"turns":2.0},{"damage":0.0,"enemies":"Small Slimes","floor":5.0,"turns":3.0},{"damage":11.0,"enemies":"Lagavulin","floor":6.0,"turns":6.0},{"damage":0.0,"enemies":"Blue Slaver","floor":7.0,"turns":4.0},{"damage":1.0,"enemies":"Gremlin Gang","floor":8.0,"turns":4.0},{"damage":0.0,"enemies":"Red Slaver","floor":11.0,"turns":3.0},{"damage":2.0,"enemies":"2 Fungi Beasts","floor":13.0,"turns":2.0},{"damage":12.0,"enemies":"3 Sentries","floor":14.0,"turns":4.0},{"damage":14.0,"enemies":"Hexaghost","floor":16.0,"turns":7.0},{"damage":10.0,"enemies":"2 Thieves","floor":18.0,"turns":2.0},{"damage":6.0,"enemies":"Chosen","floor":19.0,"turns":4.0},{"damage":4.0,"enemies":"Shelled Parasite and Fungi","floor":21.0,"turns":4.0},{"damage":10.0,"enemies":"Snecko","floor":24.0,"turns":5.0},{"damage":0.0,"enemies":"3 Cultists","floor":28.0,"turns":4.0},{"damage":10.0,"enemies":"Gremlin Leader","floor":29.0,"turns":2.0},{"damage":0.0,"enemies":"Centurion and Healer","floor":31.0,"turns":5.0},{"damage":30.0,"enemies":"Collector","floor":33.0,"turns":5.0},{"damage":0.0,"enemies":"3 Shapes","floor":35.0,"turns":4.0},{"damage":0.0,"enemies":"3 Darklings","floor":38.0,"turns":5.0},{"damage":17,"enemies":"4 Shapes","floor":39,"turns":7},{"damage":6,"enemies":"Spire Growth","floor":41,"turns":4},{"damage":0,"enemies":"Mind Bloom Boss Battle","floor":42,"turns":5},{"damage":9,"enemies":"Nemesis","floor":44,"turns":11},{"damage":0,"enemies":"Reptomancer","floor":46,"turns":5},{"damage":0,"enemies":"Nemesis","floor":48,"turns":5},{"damage":39,"enemies":"Time Eater","floor":50,"turns":16}],"seed_played":"-3180925446584151151","potions_obtained":[{"floor":6.0,"key":"Poison Potion"},{"floor":7.0,"key":"PowerPotion"},{"floor":13.0,"key":"LiquidMemories"},{"floor":19.0,"key":"Fire Potion"},{"floor":21.0,"key":"Swift Potion"},{"floor":24.0,"key":"LiquidMemories"},{"floor":29.0,"key":"AttackPotion"},{"floor":31.0,"key":"LiquidMemories"},{"floor":33.0,"key":"GhostInAJar"},{"floor":35.0,"key":"Weak Potion"},{"floor":44,"key":"Fire Potion"}],"is_trial":false,"path_per_floor":["M","$","M","?","M","E","M","M","T","R","M","R","M","E","R","B",null,"M","M","?","M","?","R","M","R","T","R","M","E","?","M","R","B",null,"M","?","$","M","M","R","M","?","T","E","R","E","T","E","R","B",null],"character_chosen":"THE_SILENT","items_purchased":["Accuracy","Dexterity Potion"],"campfire_rested":3,"item_purchase_floors":[37,37],"current_hp_per_floor":[60,60,58,58,58,47,47,46,56,56,56,56,54,42,42,28,67,57,51,51,47,47,47,37,61,61,61,61,51,51,51,51,21,65,65,65,65,65,48,72,66,66,66,57,57,57,57,57,80,41],"gold":40,"neow_bonus":"RANDOM_COLORLESS_2","is_daily":false,"chose_seed":false,"campfire_upgraded":4,"win_rate":0.0,"timestamp":1613831266,"path_taken":["M","$","M","?","M","E","M","M","T","R","M","R","M","E","R","BOSS","M","M","?","M","?","R","M","R","T","R","?","E","?","M","R","BOSS","M","?","$","M","M","R","M","?","T","E","R","E","?","E","R","BOSS"],"items_purchased_type":["Card","Potion"],"build_version":"2020-12-22","purchased_purges":1,"victory":true,"max_hp_per_floor":[70,70,70,70,70,70,70,70,80,80,80,80,80,80,80,80,80,80,80,80,80,80,80,80,80,80,80,80,80,80,80,80,80,80,80,80,80,80,80,80,80,80,80,80,80,80,80,80,80,80],"card_choices":[{"not_picked":["Panache","Secret Technique"],"picked":"Apotheosis","floor":0.0},{"not_picked":["Quick Slash","Bane"],"picked":"Dagger Spray","floor":1.0},{"not_picked":["Catalyst","Flying Knee"],"picked":"Blade Dance","floor":3.0},{"not_picked":["Blade Dance","Flying Knee"],"picked":"Backflip","floor":5.0},{"not_picked":["Dodge and Roll","Bullet Time","Setup"],"picked":"SKIP","floor":6.0},{"not_picked":["Backflip","Dagger Spray","Prepared"],"picked":"SKIP","floor":7.0},{"not_picked":["Dagger Spray","Escape Plan"],"picked":"Calculated Gamble","floor":8.0},{"not_picked":["Sucker Punch","Dagger Spray"],"picked":"Flechettes","floor":11.0},{"not_picked":["Flying Knee","Calculated Gamble","Deflect"],"picked":"SKIP","floor":13.0},{"not_picked":["Leg Sweep","PiercingWail"],"picked":"A Thousand Cuts","floor":14.0},{"not_picked":["Unload","Doppelganger"],"picked":"Malaise","floor":16.0},{"not_picked":["Deadly Poison","Acrobatics"],"picked":"Blur","floor":18.0},{"not_picked":["Flying Knee+1","Cloak And Dagger"],"picked":"PiercingWail","floor":19.0},{"not_picked":["Expertise","Sucker Punch","Heel Hook"],"picked":"SKIP","floor":21.0},{"not_picked":["Flying Knee","Deflect","Prepared"],"picked":"SKIP","floor":24.0},{"not_picked":["Outmaneuver","Blade Dance","Dagger Spray"],"picked":"SKIP","floor":28.0},{"not_picked":["Sucker Punch","Underhanded Strike","Dagger Throw"],"picked":"SKIP","floor":29.0},{"not_picked":["Grand Finale","Bane"],"picked":"Terror","floor":31.0},{"not_picked":["Die Die Die","Grand Finale"],"picked":"Burst","floor":33.0},{"not_picked":["Poisoned Stab+1","Flying Knee","Terror"],"picked":"SKIP","floor":35.0},{"not_picked":["Quick Slash+1","Dagger Spray+1"],"picked":"Dodge and Roll","floor":38.0},{"not_picked":["Deflect","Flying Knee"],"picked":"Noxious Fumes+1","floor":39},{"not_picked":["Sucker Punch+1","Riddle With Holes+1","Die Die Die"],"picked":"SKIP","floor":41},{"not_picked":["Bane+1","Accuracy+1"],"picked":"Backflip+1","floor":44},{"not_picked":["Envenom","Cloak And Dagger+1"],"picked":"Dodge and Roll+1","floor":46},{"not_picked":["Deflect+1","Crippling Poison+1","Bane+1"],"picked":"SKIP","floor":48}],"player_experience":1143276,"relics_obtained":[{"floor":6.0,"key":"Girya"},{"floor":9.0,"key":"Pear"},{"floor":14.0,"key":"White Beast Statue"},{"floor":26.0,"key":"Matryoshka"},{"floor":29.0,"key":"StrikeDummy"},{"floor":34.0,"key":"Ninja Scroll"},{"floor":34.0,"key":"FossilizedHelix"},{"floor":34.0,"key":"Orichalcum"},{"floor":42,"key":"CaptainsWheel"},{"floor":43,"key":"Akabeko"},{"floor":43,"key":"Toxic Egg 2"},{"floor":44,"key":"Tingsha"},{"floor":46,"key":"Bag of Marbles"},{"floor":47,"key":"Centennial Puzzle"},{"floor":47,"key":"Du-Vu Doll"},{"floor":48,"key":"Whetstone"}],"event_choices":[{"damage_healed":0.0,"max_hp_gain":0.0,"max_hp_loss":0.0,"gold_gain":0.0,"event_name":"Living Wall","player_choice":"Grow","floor":4.0,"gold_loss":0.0,"damage_taken":0.0,"cards_upgraded":["Apotheosis"]},{"damage_healed":0.0,"max_hp_gain":0.0,"max_hp_loss":0.0,"gold_gain":0.0,"event_name":"Addict","player_choice":"Obtained Relic","floor":20.0,"gold_loss":85.0,"damage_taken":0.0,"relics_obtained":["Pen Nib"]},{"damage_healed":0.0,"max_hp_gain":0.0,"max_hp_loss":0.0,"gold_gain":99.0,"event_name":"Nest","player_choice":"Stole From Cult","floor":22.0,"gold_loss":0.0,"damage_taken":0.0},{"cards_removed":["Strike_G"],"damage_healed":0.0,"max_hp_gain":0.0,"max_hp_loss":0.0,"gold_gain":0.0,"event_name":"Back to Basics","player_choice":"Elegance","floor":30.0,"gold_loss":0.0,"damage_taken":0.0},{"damage_healed":0.0,"max_hp_gain":0.0,"max_hp_loss":0.0,"gold_gain":0.0,"event_name":"Tomb of Lord Red Mask","player_choice":"Ignored","floor":36.0,"gold_loss":0.0,"damage_taken":0.0},{"damage_healed":0,"gold_gain":0,"player_choice":"Fight","damage_taken":0,"max_hp_gain":0,"max_hp_loss":0,"event_name":"MindBloom","floor":42,"gold_loss":0}],"is_beta":false,"boss_relics":[{"not_picked":["Velvet Choker","Empty Cage"],"picked":"Ectoplasm"},{"not_picked":["Sozu","Coffee Dripper"],"picked":"Calling Bell"}],"items_purged_floors":[2],"is_endless":false,"potions_floor_spawned":[6,7,13,14,16,18,19,21,24,28,29,31,33,35,38,39,41,42,44,46,48],"ascension_level":13}}