{"host":"delta","time":1613807023,"event":{"mods":["Act Like it!","BaseMod","Lobotomy","Minty Spire (QoL Compilation)","StSLib","The Hierophant","WarShipGirlsR/战舰少女R mod","残留之物"],"gold_per_floor":[114,114,134,152,327,327,327,327],"floor_reached":7,"language":"ZHS","playtime":445,"items_purged":[],"score":41,"play_id":"fd2653d8-d3d4-422b-bcfa-44d1ffc53348","local_time":"20210220154343","is_ascension_mode":false,"campfire_choices":[{"data":"PlaceholderMod:EvolutionSpray","floor":6,"key":"SMITH"}],"circlet_count":0,"master_deck":["PlaceholderMod:BaseStrike","PlaceholderMod:BaseStrike","PlaceholderMod:BaseStrike","PlaceholderMod:BaseStrike","PlaceholderMod:BaseStrike","PlaceholderMod:BaseDefend","PlaceholderMod:BaseDefend","PlaceholderMod:BaseDefend","PlaceholderMod:BaseDefend","PlaceholderMod:BaseDefend","PlaceholderMod:Crystal","PlaceholderMod:PoisonWhip","PunishingBird","GalaxyChild","PlaceholderMod:ComplexForm","UniverseFragment","PlaceholderMod:EvolutionSpray+1","Doubt"],"relics":["PlaceholderMod:Tancle","CogitoBucket","RabbitCall","Torii"],"acts_visited":["Exordium"],"potions_floor_usage":[],"damage_taken":[{"damage":6,"enemies":"Jaw Worm","floor":1,"turns":5},{"damage":1,"enemies":"Cultist","floor":3,"turns":4},{"damage":2,"enemies":"2 Louse","floor":4,"turns":4},{"damage":79,"enemies":"Gremlin Nob","floor":7,"turns":6}],"seed_played":"-7064678050132654664","potions_obtained":[{"floor":1,"key":"ColorlessPotion"},{"floor":3,"key":"SmokeBomb"}],"is_trial":false,"path_per_floor":["M","?","M","M","?","R","E"],"character_chosen":"THE_PLACEHOLDER","items_purchased":[],"campfire_rested":0,"item_purchase_floors":[],"current_hp_per_floor":[72,72,71,73,73,73,0,0],"gold":327,"neow_bonus":"","is_daily":false,"chose_seed":false,"campfire_upgraded":1,"win_rate":0.0,"timestamp":1613807023,"path_taken":["M","?","M","?","?","R","E"],"items_purchased_type":[],"build_version":"2020-12-18","purchased_purges":0,"victory":false,"max_hp_per_floor":[78,78,78,78,78,78,78,78],"card_choices":[{"not_picked":["VoidDream","Woodsman"],"picked":"PunishingBird","floor":1},{"not_picked":["PlaceholderMod:DissolvingSpikes","PlaceholderMod:PoisonExcitation","PlaceholderMod:AttackAsDefend"],"picked":"SKIP","floor":1},{"not_picked":["FairyFestival","Bloodbath","CherryBlossoms"],"picked":"Singing Bowl","floor":3},{"not_picked":["CherryBlossoms","SpiderBud"],"picked":"GalaxyChild","floor":3},{"not_picked":["PlaceholderMod:SelectReaction","PlaceholderMod:StrongAcid"],"picked":"PlaceholderMod:ComplexForm","floor":3},{"not_picked":["Rudolta","Scorched"],"picked":"UniverseFragment","floor":4},{"not_picked":["PlaceholderMod:Package","PlaceholderMod:StressReaction"],"picked":"PlaceholderMod:EvolutionSpray","floor":4}],"player_experience":328061,"relics_obtained":[],"event_choices":[{"damage_healed":0,"gold_gain":0,"player_choice":"Gave Potion","damage_taken":0,"relics_obtained":["Torii"],"max_hp_gain":0,"max_hp_loss":0,"event_name":"WeMeetAgain","floor":2,"gold_loss":0},{"damage_healed":0,"gold_gain":175,"player_choice":"AGREE","damage_taken":0,"max_hp_gain":0,"max_hp_loss":0,"event_name":"Liars Game","floor":5,"gold_loss":0,"cards_obtained":["Doubt"]}],"is_beta":true,"boss_relics":[],"items_purged_floors":[],"is_endless":false,"potions_floor_spawned":[1,3],"killed_by":"Gremlin Nob","ascension_level":0}}