{"host":"e5vsl4ezcfxwu44d","time":1613849029,"event":{"mods":["BaseMod","Colored Powertips","Downfall","Highlight Path","Minty Spire (QoL Compilation)","StSLib","Unceasing Turn Reminder"],"gold_per_floor":[99,115,135,135,8,19,19,47,59,72,72,72,82,145,156,253,253,53,73,89,89,100,85,85,85,100,134,134,144,44,59,71,71,71,71],"floor_reached":33,"language":"ENG","playtime":3190,"items_purged":["Shame"],"score":298,"play_id":"3370f96c-1f82-44e5-9443-baeeb33b6180","local_time":"20210220142349","is_ascension_mode":false,"campfire_choices":[{"floor":1,"key":"RECALL"},{"data":"bronze:AlphaBuild","floor":11,"key":"SMITH"},{"data":"bronze:Replicate","floor":18,"key":"SMITH"},{"floor":30,"key":"REST"}],"circlet_count":0,"master_deck":["bronze:Defend","bronze:Defend","bronze:Replicate+1","bronze:Goto","bronze:BronzeOrb","bronze:WhirlingStrike","bronze:AlphaBuild+1","bronze:CloningBeam","bronze:FineTuning","bronze:Mutator","bronze:FineTuning","bronze:ForceShield","bronze:FollowUp","bronze:Iterate","bronze:Verify","bronze:HyperBeam","bronze:Boost","bronze:ChosenStrike","bronze:ChosenStrike","bronze:BronzeOrb","Bite","Bite","Bite","Bite","Bite","bronze:Shield+1","bronze:Flail","bronze:WhirlingStrike+1"],"relics":["bronze:BronzeCore","Mercury Hourglass","Pen Nib","Black Star","downfall:HeartBlessingRed","downfall:HeartBlessingBlue","InkBottle","Frozen Egg 2","bronze:BottledCode","bronze:CableSpool","Letter Opener","downfall:HeartBlessingGreen"],"acts_visited":["Exordium","TheCity"],"potions_floor_usage":[14,14,15,16,26,27],"damage_taken":[{"damage":1,"enemies":"Jaw Worm","floor":2,"turns":5},{"damage":1,"enemies":"Cultist","floor":3,"turns":3},{"damage":0,"enemies":"downfall:FleeingMerchant","floor":5,"turns":4},{"damage":0,"enemies":"2 Louse","floor":6,"turns":2},{"damage":8,"enemies":"Gremlin Nob","floor":8,"turns":3},{"damage":0,"enemies":"Large Slime","floor":9,"turns":3},{"damage":1,"enemies":"Blue Slaver","floor":10,"turns":2},{"damage":0,"enemies":"2 Fungi Beasts","floor":13,"turns":2},{"damage":14,"enemies":"Gremlin Nob","floor":14,"turns":3},{"damage":14,"enemies":"Exordium Thugs","floor":15,"turns":3},{"damage":12,"enemies":"SI_SHIV_ARCHETYPE","floor":16,"turns":6},{"damage":0,"enemies":"Chosen","floor":19,"turns":3},{"damage":17,"enemies":"Shell Parasite","floor":20,"turns":4},{"damage":25,"enemies":"3 Cultists","floor":22,"turns":4},{"damage":0,"enemies":"downfall:FleeingMerchant","floor":23,"turns":4},{"damage":17,"enemies":"Shelled Parasite and Fungi","floor":26,"turns":4},{"damage":20,"enemies":"Slavers","floor":27,"turns":6},{"damage":0,"enemies":"Snecko","floor":29,"turns":2},{"damage":3,"enemies":"Chosen and Byrds","floor":31,"turns":4},{"damage":18,"enemies":"Shelled Parasite and Fungi","floor":32,"turns":4},{"damage":42,"enemies":"WA_ARCHETYPE_CALM","floor":33,"turns":5}],"seed_played":"6294343167267641296","potions_obtained":[{"floor":2,"key":"PowerPotion"},{"floor":6,"key":"EssenceOfSteel"},{"floor":8,"key":"sneckomod:MuddlingPotion"},{"floor":9,"key":"sneckomod:MuddlingPotion"},{"floor":14,"key":"champ:CounterPotion"},{"floor":16,"key":"Energy Potion"},{"floor":20,"key":"sneckomod:MuddlingPotion"},{"floor":26,"key":"LiquidBronze"},{"floor":31,"key":"DuplicationPotion"}],"is_trial":false,"path_per_floor":["R","M","M","?","$","M","T","E","M","M","R","?","M","?","M","B",null,"R","M","M","?","M","$","T","?","M","E","?","M","R","M","M","B"],"character_chosen":"THE_AUTOMATON","items_purchased":["bronze:CloningBeam"],"campfire_rested":1,"item_purchase_floors":[5],"current_hp_per_floor":[77,76,75,75,75,75,75,67,67,66,66,71,71,57,43,31,82,92,92,75,75,50,50,50,50,33,13,13,15,32,35,23,0,0,0],"gold":71,"neow_bonus":"TEN_PERCENT_HP_BONUS","is_daily":false,"chose_seed":false,"campfire_upgraded":2,"win_rate":0.0,"timestamp":1613849029,"path_taken":["R","M","M","?","$","?","T","E","M","M","R","?","M","?","M","BOSS","R","M","M","?","M","$","T","?","M","E","?","M","R","M","M","BOSS"],"items_purchased_type":["Card"],"build_version":"2020-12-22","purchased_purges":1,"victory":false,"max_hp_per_floor":[77,77,77,77,77,77,77,77,77,77,77,82,82,82,82,82,82,92,92,92,92,92,92,92,82,82,82,57,57,57,57,57,57,57,57],"card_choices":[{"not_picked":["bronze:Shield","bronze:DelayedGuard"],"picked":"bronze:BronzeOrb","floor":2},{"not_picked":["bronze:Turbo","bronze:Backtrace"],"picked":"bronze:WhirlingStrike","floor":3},{"not_picked":["bronze:ChosenStrike","bronze:BugBarrage"],"picked":"bronze:AlphaBuild","floor":5},{"not_picked":["bronze:ChildClass","bronze:Safeguard"],"picked":"bronze:FineTuning","floor":6},{"not_picked":["bronze:BugBarrage","bronze:FineTuning"],"picked":"bronze:Mutator","floor":8},{"not_picked":["bronze:WildBeam","bronze:BitShift"],"picked":"bronze:FineTuning","floor":9},{"not_picked":["bronze:ChildClass","bronze:BitShift"],"picked":"bronze:ForceShield","floor":10},{"not_picked":["bronze:BugBarrage","bronze:Shield"],"picked":"bronze:FollowUp","floor":13},{"not_picked":["bronze:DarkDash","bronze:OilSpill"],"picked":"bronze:Iterate","floor":14},{"not_picked":["bronze:Turbo","bronze:Frontload"],"picked":"bronze:Verify","floor":15},{"not_picked":["bronze:HardenedForm","bronze:CleanCode"],"picked":"bronze:HyperBeam","floor":16},{"not_picked":["bronze:Deprecate","bronze:Invalidate","bronze:MaxOutput"],"picked":"SKIP","floor":19},{"not_picked":["bronze:FollowUp","bronze:DarkDash+1"],"picked":"bronze:Boost","floor":20},{"not_picked":["bronze:ForceShield","bronze:Backtrace"],"picked":"bronze:ChosenStrike","floor":22},{"not_picked":["bronze:CutThrough","bronze:BuggyMess"],"picked":"bronze:ChosenStrike","floor":23},{"not_picked":["bronze:OilSpill","bronze:Deprecate","bronze:BugBarrage"],"picked":"SKIP","floor":26},{"not_picked":["bronze:Virus","bronze:Invalidate"],"picked":"bronze:BronzeOrb","floor":27},{"not_picked":["bronze:BitShift","bronze:Deprecate"],"picked":"bronze:Shield+1","floor":29},{"not_picked":["bronze:Boost","bronze:BronzeArmor"],"picked":"bronze:Flail","floor":31},{"not_picked":["bronze:Turbo","bronze:Overheat+1"],"picked":"bronze:WhirlingStrike+1","floor":32}],"player_experience":215042,"relics_obtained":[{"floor":8,"key":"Mercury Hourglass"},{"floor":14,"key":"Pen Nib"},{"floor":24,"key":"Frozen Egg 2"},{"floor":27,"key":"bronze:CableSpool"},{"floor":27,"key":"Letter Opener"}],"event_choices":[{"damage_healed":0,"gold_gain":0,"player_choice":"Donut","damage_taken":0,"max_hp_gain":5,"max_hp_loss":0,"event_name":"Big Fish","floor":12,"gold_loss":0},{"damage_healed":0,"gold_gain":0,"player_choice":"Became a vampire","damage_taken":0,"max_hp_gain":0,"max_hp_loss":25,"event_name":"Vampires","floor":28,"gold_loss":0,"cards_obtained":["Bite","Bite","Bite","Bite","Bite"]}],"is_beta":false,"boss_relics":[{"not_picked":["SacredBark","Pandora\u0027s Box"],"picked":"Black Star"}],"items_purged_floors":[5],"is_endless":false,"potions_floor_spawned":[2,6,8,9,14,16,20,26,31],"killed_by":"WA_ARCHETYPE_CALM","ascension_level":0}}