{"host":"vzygucmp2u9s1xuv","time":1613838466,"event":{"mods":["BaseMod","Colored Map","DeckTracker","Keyboard Shortcuts","Minty Spire (QoL Compilation)","Quick Restart","StSLib","SuperFastMode"],"gold_per_floor":[119,119,130,148,148,148,176,176,176,191,20,20,30,49,49,122,122,142,57,7,7,22,22,76,76,101,118,151,163,200,226,238,323,335,360,388,61,114,114,114,126,158,158,190,190,222,241,258,258,258,258,258,90,123,123],"floor_reached":56,"language":"KOR","playtime":2247,"items_purged":["Strike_G"],"score":2113,"play_id":"5c09062e-51aa-48a6-b368-10c16f452da3","local_time":"20210221012746","is_ascension_mode":true,"campfire_choices":[{"data":"Blade Dance","floor":8.0,"key":"SMITH"},{"floor":12.0,"key":"REST"},{"data":"Finisher","floor":15.0,"key":"SMITH"},{"floor":23.0,"key":"REST"},{"floor":32.0,"key":"REST"},{"data":"Cloak And Dagger","floor":40.0,"key":"SMITH"},{"floor":45.0,"key":"RECALL"},{"data":"Blade Dance","floor":49.0,"key":"SMITH"},{"data":"Cloak And Dagger","floor":52.0,"key":"SMITH"}],"circlet_count":0,"master_deck":["AscendersBane","Strike_G","Strike_G","Strike_G","Defend_G","Defend_G","Defend_G","Defend_G","Defend_G","Survivor","Neutralize","PiercingWail","Backstab+1","PiercingWail","Blade Dance+1","Prepared","Finisher+1","After Image+1","Cloak And Dagger+1","After Image+1","Infinite Blades+1","Backstab","Blade Dance+1","A Thousand Cuts+1","After Image+1","Blade Dance","Flash of Steel","Accuracy+1","Cloak And Dagger+1","Backstab","Deflect+1"],"relics":["WristBlade","Orichalcum","Frozen Egg 2","PreservedInsect","Runic Pyramid","Lantern","Omamori","Vajra","MawBank","MutagenicStrength","Red Mask","SlaversCollar","Ninja Scroll","Pocketwatch","Blue Candle","Ancient Tea Set","Sundial","Medical Kit","Ornamental Fan"],"acts_visited":["Exordium","TheCity","TheBeyond","TheEnding"],"potions_floor_usage":[],"damage_taken":[{"damage":0.0,"enemies":"Jaw Worm","floor":1.0,"turns":6.0},{"damage":8.0,"enemies":"Cultist","floor":3.0,"turns":5.0},{"damage":4.0,"enemies":"Small Slimes","floor":4.0,"turns":4.0},{"damage":17.0,"enemies":"3 Sentries","floor":7.0,"turns":15.0},{"damage":4.0,"enemies":"Exordium Wildlife","floor":10.0,"turns":4.0},{"damage":1.0,"enemies":"Blue Slaver","floor":13.0,"turns":2.0},{"damage":1.0,"enemies":"Red Slaver","floor":14.0,"turns":3.0},{"damage":54.0,"enemies":"Slime Boss","floor":16.0,"turns":12.0},{"damage":20.0,"enemies":"Shell Parasite","floor":18.0,"turns":7.0},{"damage":6.0,"enemies":"3 Byrds","floor":22.0,"turns":7.0},{"damage":4.0,"enemies":"Snecko","floor":27.0,"turns":4.0},{"damage":3.0,"enemies":"Book of Stabbing","floor":28.0,"turns":4.0},{"damage":2.0,"enemies":"Masked Bandits","floor":30.0,"turns":5.0},{"damage":0.0,"enemies":"Cultist and Chosen","floor":31.0,"turns":4.0},{"damage":1.0,"enemies":"Collector","floor":33.0,"turns":7.0},{"damage":0.0,"enemies":"Orb Walker","floor":35.0,"turns":3.0},{"damage":0.0,"enemies":"3 Darklings","floor":36.0,"turns":3.0},{"damage":0.0,"enemies":"2 Orb Walkers","floor":38.0,"turns":4.0},{"damage":0.0,"enemies":"Transient","floor":41.0,"turns":6.0},{"damage":0.0,"enemies":"Nemesis","floor":42.0,"turns":3.0},{"damage":3.0,"enemies":"Reptomancer","floor":44.0,"turns":4.0},{"damage":0.0,"enemies":"Giant Head","floor":46.0,"turns":5.0},{"damage":0.0,"enemies":"Jaw Worm Horde","floor":47.0,"turns":4.0},{"damage":0.0,"enemies":"3 Darklings","floor":48.0,"turns":3.0},{"damage":5.0,"enemies":"Donu and Deca","floor":50.0,"turns":7.0},{"damage":9.0,"enemies":"Shield and Spear","floor":54.0,"turns":4.0},{"damage":28,"enemies":"The Heart","floor":55,"turns":9}],"seed_played":"7448299598094518276","potions_obtained":[{"floor":4.0,"key":"Ancient Potion"},{"floor":7.0,"key":"Regen Potion"},{"floor":13.0,"key":"FearPotion"},{"floor":18.0,"key":"LiquidMemories"},{"floor":30.0,"key":"FairyPotion"},{"floor":33.0,"key":"FairyPotion"}],"is_trial":false,"path_per_floor":["M","?","M","M","?","$","E","R","T","M","$","R","M","M","R","B",null,"M","?","$","?","M","R","T","?","T","M","E","?","?","M","R","B",null,"M","M","$","?","?","R","M","E","T","E","R","E","M","M","R","B",null,"R","$","E","B",null],"character_chosen":"THE_SILENT","items_purchased":["PreservedInsect","Cloak And Dagger","Ninja Scroll","Medical Kit"],"campfire_rested":3,"item_purchase_floors":[11,20,37,53],"current_hp_per_floor":[59,59,51,47,47,47,30,30,30,26,26,45,44,43,43,4,51,31,31,31,31,25,44,44,44,44,40,37,37,35,35,54,53,63,63,63,63,63,63,63,63,63,63,60,60,60,60,60,60,55,63,63,63,54,26],"gold":123,"neow_bonus":"BOSS_RELIC","is_daily":false,"chose_seed":false,"campfire_upgraded":5,"win_rate":0.0,"timestamp":1613838466,"path_taken":["M","?","?","M","?","$","E","R","T","M","$","R","M","?","R","BOSS","M","?","$","?","?","R","?","?","T","M","E","?","?","M","R","BOSS","M","M","$","?","?","R","M","E","T","E","R","E","M","M","R","BOSS","R","$","E","BOSS"],"items_purchased_type":["Relic","Card","Relic","Relic"],"build_version":"2020-12-22","purchased_purges":1,"victory":true,"max_hp_per_floor":[66,66,66,66,66,66,66,66,66,66,66,66,66,66,66,66,66,66,66,66,66,66,66,66,66,66,66,66,66,66,66,66,66,66,66,66,66,66,66,66,66,66,66,66,66,66,66,66,66,66,66,66,66,66,66],"card_choices":[{"not_picked":["Tactician","Quick Slash"],"picked":"PiercingWail","floor":1.0},{"not_picked":["Terror","Bane"],"picked":"Backstab","floor":3.0},{"not_picked":["Quick Slash","Noxious Fumes"],"picked":"PiercingWail","floor":4.0},{"not_picked":["Backflip","Noxious Fumes"],"picked":"Blade Dance","floor":7.0},{"not_picked":["Distraction","Bouncing Flask"],"picked":"Prepared","floor":10.0},{"not_picked":["Deflect","Dodge and Roll"],"picked":"Finisher","floor":13.0},{"not_picked":["Flying Knee","Riddle With Holes","Catalyst"],"picked":"SKIP","floor":14.0},{"not_picked":["Venomology","Tools of the Trade+1"],"picked":"After Image+1","floor":16.0},{"not_picked":["Well Laid Plans+1","Setup","Bane+1"],"picked":"SKIP","floor":18.0},{"not_picked":["Bane","Flying Knee"],"picked":"Infinite Blades+1","floor":22.0},{"not_picked":["Dagger Spray+1","All Out Attack","Dodge and Roll"],"picked":"SKIP","floor":27.0},{"not_picked":["Underhanded Strike","Setup"],"picked":"Backstab","floor":28.0},{"not_picked":["Sucker Punch","Dagger Throw"],"picked":"Blade Dance","floor":30.0},{"not_picked":["PiercingWail","Acrobatics"],"picked":"A Thousand Cuts+1","floor":31.0},{"not_picked":["Unload","Storm of Steel"],"picked":"After Image+1","floor":33.0},{"not_picked":["Masterful Stab","Sucker Punch","Expertise"],"picked":"SKIP","floor":35.0},{"not_picked":["Dodge and Roll+1","Flechettes+1"],"picked":"Blade Dance","floor":36.0},{"not_picked":["Violence","Impatience"],"picked":"Flash of Steel","floor":39.0},{"not_picked":["Bouncing Flask","Flechettes+1","Backflip"],"picked":"SKIP","floor":41.0},{"not_picked":["PiercingWail","Prepared"],"picked":"Accuracy+1","floor":42.0},{"not_picked":["Heel Hook","Slice+1","Dodge and Roll"],"picked":"SKIP","floor":44.0},{"not_picked":["Bane","Masterful Stab"],"picked":"Cloak And Dagger","floor":46.0},{"not_picked":["Noxious Fumes+1","Quick Slash","Blade Dance"],"picked":"SKIP","floor":47.0},{"not_picked":["Venomology","Slice"],"picked":"Backstab","floor":48.0},{"not_picked":["Blur","Skewer+1"],"picked":"Deflect+1","floor":54.0}],"player_experience":667603,"relics_obtained":[{"floor":7.0,"key":"Orichalcum"},{"floor":9.0,"key":"Frozen Egg 2"},{"floor":24.0,"key":"Omamori"},{"floor":26.0,"key":"Vajra"},{"floor":28.0,"key":"MawBank"},{"floor":30.0,"key":"Red Mask"},{"floor":38.0,"key":"Pocketwatch"},{"floor":42.0,"key":"Blue Candle"},{"floor":44.0,"key":"Ancient Tea Set"},{"floor":46.0,"key":"Sundial"},{"floor":54.0,"key":"Ornamental Fan"}],"event_choices":[{"cards_removed":["Strike_G"],"damage_healed":0.0,"max_hp_gain":0.0,"max_hp_loss":0.0,"gold_gain":0.0,"event_name":"Bonfire Elementals","player_choice":"Offered Basic","floor":2.0,"gold_loss":0.0,"damage_taken":0.0},{"damage_healed":0.0,"max_hp_gain":0.0,"max_hp_loss":0.0,"gold_gain":0.0,"event_name":"Accursed Blacksmith","player_choice":"Forge","floor":5.0,"gold_loss":0.0,"damage_taken":0.0,"cards_upgraded":["Backstab"]},{"damage_healed":0.0,"max_hp_gain":0.0,"max_hp_loss":0.0,"gold_gain":0.0,"event_name":"Addict","player_choice":"Obtained Relic","floor":19.0,"gold_loss":85.0,"damage_taken":0.0,"relics_obtained":["Lantern"]},{"damage_healed":0.0,"max_hp_gain":0.0,"max_hp_loss":0.0,"gold_gain":0.0,"event_name":"Duplicator","player_choice":"Copied","floor":21.0,"gold_loss":0.0,"damage_taken":0.0,"cards_obtained":["After Image"]},{"damage_healed":0.0,"max_hp_gain":0.0,"max_hp_loss":0.0,"gold_gain":0.0,"event_name":"Ghosts","player_choice":"Ignored","floor":25.0,"gold_loss":0.0,"damage_taken":0.0},{"damage_healed":0.0,"max_hp_gain":0.0,"max_hp_loss":0.0,"gold_gain":0.0,"event_name":"Drug Dealer","player_choice":"Inject Mutagens","floor":29.0,"gold_loss":0.0,"damage_taken":0.0,"relics_obtained":["MutagenicStrength"]},{"damage_healed":0.0,"max_hp_gain":0.0,"max_hp_loss":0.0,"gold_gain":0.0,"event_name":"Masked Bandits","player_choice":"Fought Bandits","floor":30.0,"gold_loss":0.0,"damage_taken":0.0},{"damage_healed":0.0,"max_hp_gain":0.0,"max_hp_loss":0.0,"gold_gain":0.0,"event_name":"Mysterious Sphere","player_choice":"Fight","floor":38.0,"gold_loss":0.0,"damage_taken":0.0},{"damage_healed":0.0,"max_hp_gain":0.0,"max_hp_loss":0.0,"gold_gain":0.0,"event_name":"SensoryStone","player_choice":"Memory 1","floor":39.0,"gold_loss":0.0,"damage_taken":0.0}],"is_beta":false,"boss_relics":[{"not_picked":["Philosopher\u0027s Stone","Busted Crown"],"picked":"Runic Pyramid"},{"not_picked":["Fusion Hammer","HoveringKite"],"picked":"SlaversCollar"}],"items_purged_floors":[37],"is_endless":false,"potions_floor_spawned":[4,7,13,14,18,30,31,33,38,41,44,47],"ascension_level":17}}