{"host":"uixgxi1v9jim9335","time":1613804796,"event":{"mods":["AchievementEnabler","BaseMod","Downfall","Minty Spire (QoL Compilation)","Rare Cards Sparkle","Relic Sorter","StSLib"],"gold_per_floor":[99,117,29,29,42,42,65,83,111,111,122,122,30,49,65,65,65,65],"floor_reached":16,"language":"ENG","playtime":2055,"items_purged":[],"score":102,"play_id":"5f92fe23-2fff-4ad3-a5e9-5f722242ad7d","local_time":"20210220000636","is_ascension_mode":false,"campfire_choices":[{"data":"Slimebound:CorrosiveSpit","floor":1,"key":"SMITH"},{"floor":12,"key":"REST"}],"circlet_count":0,"master_deck":["Slimebound:Strike_Slimebound","Slimebound:Strike_Slimebound","Slimebound:Strike_Slimebound","Slimebound:Tackle","Slimebound:Defend_Slimebound","Slimebound:Defend_Slimebound","Slimebound:Defend_Slimebound","Slimebound:Defend_Slimebound","Slimebound:Split","Slimebound:CorrosiveSpit+1","Slimebound:RejuvenatingLick","Slimebound:AcidTongue","Slimebound:SpikyOuterGoop","Slimebound:ViciousTackle","Slimebound:Dissolve","Slimebound:RollThrough","Slimebound:LevelUp+1","Slimebound:AcidTongue+1","Slimebound:RainOfGoop","Slimebound:SplitLeeching"],"relics":["Slimebound:AbsorbEndCombat","Bag of Preparation","Matryoshka","Ancient Tea Set","Frozen Egg 2"],"acts_visited":["Exordium"],"potions_floor_usage":[13,15,15],"damage_taken":[{"damage":5,"enemies":"2 Louse","floor":2,"turns":2},{"damage":13,"enemies":"downfall:FleeingMerchant","floor":3,"turns":4},{"damage":9,"enemies":"Cultist","floor":5,"turns":3},{"damage":8,"enemies":"Jaw Worm","floor":8,"turns":3},{"damage":42,"enemies":"Gremlin Nob","floor":9,"turns":5},{"damage":27,"enemies":"Lots of Slimes","floor":11,"turns":5},{"damage":15,"enemies":"downfall:FleeingMerchant","floor":13,"turns":4},{"damage":14,"enemies":"Gremlin Gang","floor":14,"turns":6},{"damage":11,"enemies":"Large Slime","floor":15,"turns":4},{"damage":4,"enemies":"SI_SHIV_ARCHETYPE","floor":16,"turns":1}],"seed_played":"-5838663883930238179","potions_obtained":[{"floor":2,"key":"SpeedPotion"},{"floor":5,"key":"BlessingOfTheForge"},{"floor":9,"key":"DuplicationPotion"},{"floor":11,"key":"AttackPotion"},{"floor":14,"key":"sneckomod:MuddlingPotion"},{"floor":15,"key":"Guardian:BlockOnCardUsePotion"}],"is_trial":false,"path_per_floor":["R","M","$","?","M","?","T","M","E","T","M","R","$","M","M","B"],"character_chosen":"SLIMEBOUND","items_purchased":["Slimebound:AcidTongue","Slimebound:AcidTongue+1"],"campfire_rested":1,"item_purchase_floors":[3,13],"current_hp_per_floor":[71,68,61,66,61,66,66,62,24,24,5,27,16,10,3,0,0,0],"gold":65,"neow_bonus":"TEN_PERCENT_HP_BONUS","is_daily":false,"chose_seed":false,"campfire_upgraded":1,"win_rate":0.0,"timestamp":1613804796,"path_taken":["R","M","$","?","?","?","T","M","E","?","M","R","$","M","M","BOSS"],"items_purchased_type":["Card","Card"],"build_version":"2020-12-22","purchased_purges":0,"victory":false,"max_hp_per_floor":[71,71,71,71,71,76,76,76,76,76,76,76,76,76,76,76,76,76],"card_choices":[{"not_picked":["Slimebound:Schlurp","Slimebound:Dissolve"],"picked":"Slimebound:RejuvenatingLick","floor":2},{"not_picked":["Slimebound:Grow","Slimebound:ProtectTheBoss"],"picked":"Slimebound:Prepare","floor":3},{"not_picked":["Slimebound:LivingWall","Slimebound:FinishingTackle"],"picked":"Slimebound:SpikyOuterGoop","floor":5},{"not_picked":["Slimebound:Chomp","Slimebound:RollThrough"],"picked":"Slimebound:ViciousTackle","floor":8},{"not_picked":["Slimebound:PressTheAttack","Slimebound:MassRepurpose"],"picked":"Slimebound:Dissolve","floor":9},{"not_picked":["Slimebound:ForwardTackle","Slimebound:LeadByExample+1"],"picked":"Slimebound:RollThrough","floor":11},{"not_picked":["Slimebound:SlimeSpikes","Slimebound:HauntingLick"],"picked":"Slimebound:LevelUp+1","floor":13},{"not_picked":["Slimebound:SlimeBrawl","Slimebound:PressTheAttack"],"picked":"Slimebound:RainOfGoop","floor":14},{"not_picked":["Slimebound:FinishingTackle","Slimebound:SlimeTap"],"picked":"Slimebound:SplitLeeching","floor":15}],"player_experience":277821,"relics_obtained":[{"floor":7,"key":"Bag of Preparation"},{"floor":9,"key":"Matryoshka"},{"floor":10,"key":"Ancient Tea Set"},{"floor":10,"key":"Frozen Egg 2"}],"event_choices":[{"cards_removed":["Slimebound:Prepare"],"damage_healed":5,"gold_gain":0,"player_choice":"Offered Common","damage_taken":0,"max_hp_gain":0,"max_hp_loss":0,"event_name":"Bonfire Elementals","floor":4,"gold_loss":0},{"cards_removed":["Slimebound:Prepare"],"damage_healed":5,"gold_gain":0,"player_choice":"Offered Special","damage_taken":0,"max_hp_gain":0,"max_hp_loss":0,"event_name":"Bonfire Elementals","floor":4,"gold_loss":0},{"damage_healed":0,"gold_gain":0,"player_choice":"Donut","damage_taken":0,"max_hp_gain":5,"max_hp_loss":0,"event_name":"Big Fish","floor":6,"gold_loss":0}],"is_beta":false,"boss_relics":[],"items_purged_floors":[],"is_endless":false,"potions_floor_spawned":[2,5,9,11,14,15],"killed_by":"SI_SHIV_ARCHETYPE","ascension_level":0}}