{"host":"9kaxb8gkmgtddido","time":1613811373,"event":{"mods":["2.2 Compatiblity","AchievementEnabler","AlwaysNeverKeys","Aspiration","BaseMod","Colored Map","Colored Powertips","Custom Start","DeckTracker","Gremlin Mod","Gremlin Skip","Hubris","Mimic Mod","Minty Spire (QoL Compilation)","Permanent Neow","Quick Restart","Rare Cards Sparkle","Relic Filter","Replay The Spire","Shop Mod","StSLib","SuperFastMode","Synergy Search","TheBandit"],"gold_per_floor":[112,112,131,141,141,141,172,172,172,172,197,230,15,33,33,164,164,188,209,234,257,257,288,288,319,345,381,91,91],"floor_reached":28,"language":"ENG","playtime":1301,"items_purged":["Strike_G"],"score":288,"play_id":"9898bb17-0ef4-4fc9-9453-d7500ae1fd55","local_time":"20210220165613","is_ascension_mode":false,"campfire_choices":[{"data":"Terror","floor":6.0,"key":"SMITH"},{"data":"Cloak And Dagger","floor":8.0,"key":"SMITH"},{"data":"Neutralize","floor":10.0,"key":"SMITH"},{"data":"Finisher","floor":15.0,"key":"SMITH"},{"floor":24,"key":"REST"}],"circlet_count":0,"master_deck":["Strike_G","Strike_G","Strike_G","Strike_G","Defend_G","Defend_G","Defend_G","Defend_G","Survivor","Neutralize+1","Escape Plan","Blade Dance","Slice","Terror+1","Cloak And Dagger+1","Finisher+1","Backstab","Accuracy+1","Slice","Burst","Deflect+1","Backstab","PiercingWail","Cloak And Dagger","Blade Dance","Deflect","Dodge and Roll","Secret Technique","Dagger Throw","ReplayTheSpireMod:Scrap Shanks"],"relics":["Ring of the Snake","Golden Idol","ReplayTheSpireMod:Lightbulb","Centennial Puzzle","hubris:ToyBattleship","aspiration:RitualStick","hubris:Metronome","hubris:AncientText","Strawberry","aspiration:DSix"],"acts_visited":["Exordium","TheCity"],"potions_floor_usage":[25,28],"damage_taken":[{"damage":0.0,"enemies":"Small Slimes","floor":1.0,"turns":6.0},{"damage":0.0,"enemies":"Jaw Worm","floor":3.0,"turns":3.0},{"damage":0.0,"enemies":"2 Louse","floor":4.0,"turns":3.0},{"damage":6.0,"enemies":"Replay:BlueRogue","floor":7.0,"turns":3.0},{"damage":0.0,"enemies":"2 Fungi Beasts","floor":11.0,"turns":2.0},{"damage":13.0,"enemies":"Lagavulin","floor":12.0,"turns":5.0},{"damage":0.0,"enemies":"3 Louse","floor":14.0,"turns":2.0},{"damage":18.0,"enemies":"The Guardian","floor":16.0,"turns":6.0},{"damage":0.0,"enemies":"Shell Parasite","floor":18.0,"turns":4.0},{"damage":0.0,"enemies":"Chosen","floor":19.0,"turns":3.0},{"damage":17.0,"enemies":"Snecko","floor":20.0,"turns":4.0},{"damage":6.0,"enemies":"3 Cultists","floor":21.0,"turns":5.0},{"damage":4,"enemies":"Replay:Snechameleon","floor":23,"turns":4},{"damage":20,"enemies":"Gremlin Leader","floor":25,"turns":4},{"damage":3,"enemies":"Replay:Snechameleon","floor":27,"turns":3},{"damage":11,"enemies":"hubris:Merchant","floor":28,"turns":5}],"seed_played":"-1927803272926421510","potions_obtained":[{"floor":1.0,"key":"Explosive Potion"},{"floor":11.0,"key":"Ancient Potion"},{"floor":12.0,"key":"Strength Potion"},{"floor":14.0,"key":"FairyPotion"},{"floor":16.0,"key":"Elixir"},{"floor":18.0,"key":"Toxic Potion"},{"floor":21.0,"key":"FairyPotion"},{"floor":23,"key":"PowerPotion"},{"floor":27,"key":"SkillPotion"}],"is_trial":false,"path_per_floor":["M","?","M","M","?","R","E","R","T","R","M","E","$","M","R","B",null,"M","M","M","M","?","E","R","E","T","E","$"],"character_chosen":"THE_SILENT","items_purchased":["Backstab","Accuracy+1","Secret Technique","Dagger Throw","ReplayTheSpireMod:Scrap Shanks"],"campfire_rested":1,"item_purchase_floors":[13,13,28,28,28],"current_hp_per_floor":[70,70,70,70,53,53,47,47,47,47,47,34,34,34,34,16,70,70,70,53,47,33,29,50,30,37,34,23,23],"gold":91,"neow_bonus":"REMOVE_CARD","is_daily":false,"chose_seed":false,"campfire_upgraded":4,"win_rate":0.0,"timestamp":1613811373,"path_taken":["M","?","M","M","?","R","E","R","T","R","M","E","$","M","R","BOSS","M","M","M","M","?","E","R","E","T","E","$"],"items_purchased_type":["Card","Card","Card","Card","Card"],"build_version":"2020-12-22","purchased_purges":1,"victory":false,"max_hp_per_floor":[70,70,70,70,70,70,70,70,70,70,70,70,70,70,70,70,70,70,70,70,70,70,70,70,70,77,77,77,77],"card_choices":[{"not_picked":["Blur","Outmaneuver"],"picked":"Escape Plan","floor":1.0},{"not_picked":["Prepared","Poisoned Stab"],"picked":"Slice","floor":3.0},{"not_picked":["Quick Slash","hubris:SlightOfHand"],"picked":"Terror","floor":4.0},{"not_picked":["hubris:Sniper","Tactician"],"picked":"Cloak And Dagger","floor":7.0},{"not_picked":["Flying Knee","Crippling Poison","Riddle With Holes"],"picked":"SKIP","floor":11.0},{"not_picked":["ReplayTheSpireMod:Speed Training","Sucker Punch"],"picked":"Finisher","floor":12.0},{"not_picked":["Dagger Spray","hubris:TrickCloak"],"picked":"Slice","floor":14.0},{"not_picked":["Adrenaline","Die Die Die"],"picked":"Burst","floor":16.0},{"not_picked":["Noxious Fumes","hubris:SlightOfHand"],"picked":"Deflect+1","floor":18.0},{"not_picked":["Deflect","Replay:Poison Smokescreen"],"picked":"Backstab","floor":19.0},{"not_picked":["Slice","Dagger Spray"],"picked":"PiercingWail","floor":20.0},{"not_picked":["Quick Slash","Unload"],"picked":"Cloak And Dagger","floor":21.0},{"not_picked":["hubris:Counter","Escape Plan"],"picked":"Blade Dance","floor":23},{"not_picked":["Caltrops","Draining Mist"],"picked":"Deflect","floor":25},{"not_picked":["Fluid Movement","Prepared"],"picked":"Dodge and Roll","floor":27}],"player_experience":689272,"relics_obtained":[{"floor":7.0,"key":"ReplayTheSpireMod:Lightbulb"},{"floor":9.0,"key":"Centennial Puzzle"},{"floor":12.0,"key":"hubris:ToyBattleship"},{"floor":23,"key":"hubris:Metronome"},{"floor":25,"key":"hubris:AncientText"},{"floor":26,"key":"Strawberry"},{"floor":27,"key":"aspiration:DSix"}],"event_choices":[{"damage_healed":0.0,"max_hp_gain":0.0,"max_hp_loss":0.0,"gold_gain":0.0,"event_name":"Golden Idol","player_choice":"Take Damage","floor":5.0,"gold_loss":0.0,"damage_taken":17.0,"relics_obtained":["Golden Idol"]}],"is_beta":false,"boss_relics":[{"not_picked":["aspiration:IroncladSkillbook","Kintsugi","hubris:RunicObelisk"]}],"items_purged_floors":[13],"is_endless":false,"potions_floor_spawned":[1,11,12,14,16,18,21,23,27],"killed_by":"hubris:Merchant","ascension_level":0}}