{"host":"fauqrvll5t0ss0vm","time":1613836321,"event":{"mods":["2.2 Compatiblity","Act Like it!","Aspiration","Bard","BaseMod","Beaked The Cultist","Better Altar","Better Match","Better Note","Better Sensory Stone","Better Skull","Better Third Choice","Better Vampires","Card Filter","Clockwork Mod","Colored Map","Conspire","Displayed Cursed Tome","Downfall","Emptier Cage","Energized Spire","Friendly Minions","GifTheSpireLib","Glutton Mod","Gremlin Mod","Gremlin Skip","Halation","Hermit","Highlight Path","Hubris","Jorbs\u0027s Wanderer Trilogy","Mad Scientist","Marked Mod","Minty Spire (QoL Compilation)","Permanent Neow","Random Character Button","Relic Filter","Reorder Act Four","Replay The Spire","Shop Mod","Somnambulant","Spikes Relics","StSLib","Stuff the Spire","SuperFastMode","The Construct","The Cursed","The Disciple","The Elementalist","The Judge","The Juggle","The Mystic","The Runesmith","The Sage","The Servant 0.9.4","The Valiant","Trackpad","Uncapped"],"gold_per_floor":[111,127,7,19,19,44,44,71,71,103,103,125,144,175,175,276,276,293,124,141,154,154,154,189,189,214,244,260,270,270,303,303,408,408,420,330,347,158,158,190,190,215,215,234,247,247,267,282,282,282,282,2,2,28,28],"floor_reached":56,"language":"ENG","playtime":4891,"items_purged":["beaked:Strike_Y","beaked:Strike_Y","beaked:Strike_Y"],"score":1349,"play_id":"13c52752-fa90-4048-95df-bf9e6e326213","local_time":"20210220165201","is_ascension_mode":true,"campfire_choices":[{"data":"Deep Breath","floor":7,"key":"SMITH"},{"data":"beaked:Windmill","floor":11,"key":"SMITH"},{"data":"beaked:Windmill","floor":15,"key":"SMITH"},{"data":"beaked:SacrificialScars","floor":23,"key":"SMITH"},{"data":"beaked:TuckingFeathers","floor":25,"key":"SMITH"},{"data":"beaked:TuckingFeathers","floor":32,"key":"SMITH"},{"data":"beaked:AwakenedForm","floor":39,"key":"SMITH"},{"data":"beaked:TuckingFeathers","floor":41,"key":"SMITH"},{"floor":46,"key":"RECALL"},{"floor":49,"key":"DIG"},{"data":"beaked:TuckingFeathers","floor":53,"key":"SMITH"}],"circlet_count":0,"master_deck":["beaked:Strike_Y","beaked:Strike_Y","beaked:Defend_Y","beaked:Defend_Y","beaked:Defend_Y","beaked:Defend_Y","beaked:Ceremony","beaked:Ceremony","beaked:Ceremony","Deep Breath+1","beaked:Flinch+1","beaked:Windmill+1","beaked:Windmill+1","beaked:TuckingFeathers+1","hubris:Insight","beaked:TuckingFeathers+1","beaked:MachineSpirit","beaked:Flinch","beaked:SacrificialScars+1","Dark Shackles","beaked:Windmill+1","ReplayTheSpireMod:Prepare the Ceremony","beaked:TuckingFeathers+1","beaked:Flinch+1","beaked:AwakenedForm+1","beaked:TuckingFeathers+1","ReplayTheSpireMod:Prepare the Ceremony+1","beaked:TuckingFeathers","beaked:CursingBlood+1"],"relics":["beaked:BlessedCoat","Centennial Puzzle","halation:BlackBeret","StuffTheSpire:Tea","Chameleon Ring","Odd Mushroom","Blue Candle","halation:Prosthetics","aspiration:ChemicalBlood","StuffTheSpire:OldFever","trackpad:ZombieHeart","conspire:InfiniteJournal","Red Mask","halation:Komachan","beaked:ShinyBauble","Snack Pack","Replay:Towering Pillar of Hats","hubris:HerbalPaste","Bottled Lightning"],"acts_visited":["Exordium","TheCity","TheBeyond","TheEnding"],"potions_floor_usage":[6,10,19,24,27,31,33,35,38,50,50,55,55],"damage_taken":[{"damage":5,"enemies":"Cultist","floor":1,"turns":4},{"damage":2,"enemies":"2 Louse","floor":2,"turns":4},{"damage":1,"enemies":"Jaw Worm","floor":4,"turns":2},{"damage":10,"enemies":"Gremlin Nob","floor":6,"turns":3},{"damage":20,"enemies":"Lagavulin","floor":8,"turns":6},{"damage":28,"enemies":"Gremlin Nob","floor":10,"turns":5},{"damage":21,"enemies":"The Mushroom Lair","floor":12,"turns":4},{"damage":0,"enemies":"2 Fungi Beasts","floor":13,"turns":4},{"damage":24,"enemies":"3 Sentries","floor":14,"turns":8},{"damage":12,"enemies":"Fading Forest","floor":16,"turns":11},{"damage":13,"enemies":"2 Thieves","floor":18,"turns":3},{"damage":16,"enemies":"Chosen","floor":20,"turns":2},{"damage":6,"enemies":"Centurion and Healer","floor":21,"turns":5},{"damage":26,"enemies":"Slavers","floor":24,"turns":5},{"damage":19,"enemies":"Gremlin Leader","floor":27,"turns":5},{"damage":23,"enemies":"3 Cultists","floor":28,"turns":3},{"damage":13,"enemies":"Chosen and Byrds","floor":29,"turns":2},{"damage":9,"enemies":"Masked Bandits","floor":31,"turns":3},{"damage":34,"enemies":"conspire:MysteriousRune","floor":33,"turns":6},{"damage":14,"enemies":"Orb Walker","floor":35,"turns":3},{"damage":9,"enemies":"3 Shapes","floor":37,"turns":2},{"damage":16,"enemies":"Giant Head","floor":40,"turns":5},{"damage":16,"enemies":"Reptomancer","floor":42,"turns":4},{"damage":18,"enemies":"Transient","floor":44,"turns":4},{"damage":20,"enemies":"Maw","floor":45,"turns":4},{"damage":10,"enemies":"4 Shapes","floor":47,"turns":1},{"damage":32,"enemies":"3 Darklings","floor":48,"turns":3},{"damage":23,"enemies":"conspire:OrnateMirror","floor":50,"turns":3},{"damage":13,"enemies":"Shield and Spear","floor":54,"turns":3},{"damage":16,"enemies":"The Heart","floor":55,"turns":6}],"seed_played":"3367260399378868567","potions_obtained":[{"floor":4,"key":"LiquidMemories"},{"floor":6,"key":"beaked:MendingBrew"},{"floor":8,"key":"Dexterity Potion"},{"floor":12,"key":"Fruit Juice"},{"floor":16,"key":"SteroidPotion"},{"floor":20,"key":"Block Potion"},{"floor":28,"key":"ColorlessPotion"},{"floor":29,"key":"Explosive Potion"},{"floor":29,"key":"SpeedPotion"},{"floor":33,"key":"Venom Potion"},{"floor":35,"key":"Toxic Potion"},{"floor":35,"key":"Venom Potion"},{"floor":37,"key":"sagemod:Wine"},{"floor":44,"key":"SpeedPotion"},{"floor":54,"key":"SteroidPotion"}],"is_trial":false,"path_per_floor":["M","M","$","M","?","E","R","E","T","E","R","?","M","E","R","B",null,"M","$","M","M","?","R","E","R","T","E","M","M","?","?","R","B",null,"M","?","M","$","R","E","R","E","T","M","M","R","M","M","R_BF","B",null,"$","R","E","B",null],"character_chosen":"BEAKED_THE_CULTIST","items_purchased":["beaked:Windmill","Dark Shackles","Guardian:BlockOnCardUsePotion","halation:Komachan","hubris:HerbalPaste"],"campfire_rested":0,"item_purchase_floors":[3,19,19,38,52],"current_hp_per_floor":[50,50,50,50,50,44,44,39,39,44,44,39,50,44,44,50,15,12,19,18,28,28,28,31,31,31,34,27,34,34,50,50,48,56,59,59,62,62,62,66,66,70,70,75,78,78,84,95,95,99,99,99,99,103,108],"gold":28,"neow_bonus":"COLORLESS_CARD","is_daily":false,"chose_seed":false,"campfire_upgraded":9,"win_rate":0.0,"timestamp":1613836321,"path_taken":["M","M","$","?","?","E","R","E","T","E","R","?","M","E","R","BOSS","M","$","M","M","?","R","E","R","T","E","M","M","?","?","R","BOSS","M","?","M","$","R","E","R","E","T","?","M","R","M","M","R_BF","BOSS","$","R","E","BOSS"],"items_purchased_type":["Card","Card","Potion","Relic","Relic"],"build_version":"2020-12-22","purchased_purges":3,"victory":true,"max_hp_per_floor":[50,50,50,50,50,50,50,50,50,50,50,50,50,50,50,50,15,17,24,26,28,28,28,31,31,31,34,40,45,45,51,51,56,56,60,60,63,63,63,67,67,71,71,75,79,79,86,95,95,99,99,99,99,104,108],"card_choices":[{"not_picked":["beaked:Daydream","beaked:Insight"],"picked":"beaked:Flinch","floor":1},{"not_picked":["beaked:FeelMyPain","beaked:BarbedWire"],"picked":"beaked:Windmill","floor":2},{"not_picked":["beaked:Recite","beaked:MimicHuntress"],"picked":"beaked:TuckingFeathers","floor":4},{"not_picked":["Midas Touch","ReplayUltimateDefense"],"picked":"hubris:Insight","floor":5},{"not_picked":["beaked:SacrificialAttack","beaked:Resilience"],"picked":"beaked:TuckingFeathers","floor":6},{"not_picked":["beaked:Foresight","beaked:Cower","beaked:SurvivalInstinct"],"picked":"SKIP","floor":8},{"not_picked":["beaked:Insight","beaked:Overpower"],"picked":"beaked:MachineSpirit","floor":10},{"not_picked":["beaked:Tradeoff","beaked:FeelMyPain"],"picked":"beaked:Flinch","floor":12},{"not_picked":["beaked:SacrificialAttack","beaked:Mantra","beaked:CrazyRituals"],"picked":"SKIP","floor":13},{"not_picked":["beaked:Redirect","beaked:Overpower","beaked:WarriorEssence"],"picked":"SKIP","floor":14},{"not_picked":["beaked:VolatileMisfortune","beaked:WildInstinct"],"picked":"beaked:SacrificialScars","floor":16},{"not_picked":["beaked:SurvivalInstinct+1","beaked:MimicWarrior","beaked:Overexert"],"picked":"SKIP","floor":18},{"not_picked":["beaked:Tradeoff+1","beaked:MimicWarrior"],"picked":"beaked:Windmill+1","floor":20},{"not_picked":["beaked:Tweet","beaked:Pecker"],"picked":"ReplayTheSpireMod:Prepare the Ceremony","floor":21},{"not_picked":["beaked:StickSmack","beaked:Resilience+1"],"picked":"beaked:TuckingFeathers","floor":24},{"not_picked":["beaked:WindBringer","beaked:Resilience","beaked:BounceBack"],"picked":"SKIP","floor":27},{"not_picked":["beaked:WindBringer+1","beaked:VigorBurst","beaked:DesperateSwing"],"picked":"SKIP","floor":28},{"not_picked":["beaked:WarriorSpirit","beaked:FakeOut"],"picked":"beaked:Flinch+1","floor":29},{"not_picked":["beaked:VolatileMisfortune","beaked:DarkTribute"],"picked":"beaked:AwakenedForm","floor":33},{"not_picked":["beaked:Daydream","beaked:Overpower+1"],"picked":"beaked:TuckingFeathers","floor":35},{"not_picked":["beaked:Tweet+1","beaked:Windmill"],"picked":"ReplayTheSpireMod:Prepare the Ceremony+1","floor":37},{"not_picked":["beaked:Foresight+1","beaked:Pecker+1","beaked:DesperateSwing"],"picked":"SKIP","floor":40},{"not_picked":["ReplayTheSpireMod:Wings of Steel","beaked:FullHouse","beaked:Insight+1"],"picked":"SKIP","floor":42},{"not_picked":["beaked:Tweet+1","beaked:SurvivalInstinct","beaked:FeelMyPain"],"picked":"SKIP","floor":44},{"not_picked":["beaked:BraceForImpact","beaked:SurvivalInstinct+1"],"picked":"beaked:TuckingFeathers","floor":45},{"not_picked":["beaked:BounceBack+1","beaked:Foresight+1","beaked:FeelMyPain"],"picked":"SKIP","floor":47},{"not_picked":["beaked:MaddeningMurmurs+1","beaked:VigorBurst+1"],"picked":"beaked:CursingBlood+1","floor":48},{"not_picked":["beaked:CrazyRituals+1","ReplayTheSpireMod:Wings of Steel+1","beaked:Daydream"],"picked":"SKIP","floor":54}],"player_experience":7583144,"relics_obtained":[{"floor":6,"key":"Centennial Puzzle"},{"floor":8,"key":"halation:BlackBeret"},{"floor":9,"key":"StuffTheSpire:Tea"},{"floor":10,"key":"Chameleon Ring"},{"floor":12,"key":"Odd Mushroom"},{"floor":14,"key":"Blue Candle"},{"floor":24,"key":"aspiration:ChemicalBlood"},{"floor":26,"key":"StuffTheSpire:OldFever"},{"floor":27,"key":"trackpad:ZombieHeart"},{"floor":31,"key":"Red Mask"},{"floor":40,"key":"beaked:ShinyBauble"},{"floor":42,"key":"Snack Pack"},{"floor":49,"key":"Replay:Towering Pillar of Hats"},{"floor":54,"key":"Bottled Lightning"}],"event_choices":[{"damage_healed":0,"gold_gain":1,"player_choice":"1","damage_taken":0,"max_hp_gain":0,"max_hp_loss":0,"event_name":"betterStone:BetterStone","floor":5,"gold_loss":0},{"damage_healed":0,"gold_gain":0,"player_choice":"Fought Mushrooms","damage_taken":0,"max_hp_gain":0,"max_hp_loss":0,"event_name":"Mushrooms","floor":12,"gold_loss":0},{"damage_healed":0,"gold_gain":0,"player_choice":"Ignored","damage_taken":0,"max_hp_gain":0,"max_hp_loss":0,"event_name":"betterNote:BetterNote","floor":22,"gold_loss":0,"cards_obtained":["Conclude"]},{"damage_healed":0,"gold_gain":0,"player_choice":"Opened","damage_taken":0,"relics_obtained":["conspire:InfiniteJournal"],"max_hp_gain":0,"max_hp_loss":0,"event_name":"The Mausoleum","floor":30,"gold_loss":0},{"damage_healed":0,"gold_gain":0,"player_choice":"Fought Bandits","damage_taken":0,"max_hp_gain":0,"max_hp_loss":0,"event_name":"Masked Bandits","floor":31,"gold_loss":0},{"cards_removed":["beaked:Strike_Y"],"damage_healed":0,"gold_gain":0,"player_choice":"Upgrade and Remove","damage_taken":0,"max_hp_gain":0,"max_hp_loss":0,"event_name":"Designer","floor":36,"gold_loss":90,"cards_upgraded":["beaked:Flinch"]}],"is_beta":false,"boss_relics":[{"not_picked":["hubris:GrandSneckoEye","energizedSpire:EnergizedDie"],"picked":"halation:Prosthetics"},{"not_picked":["beaked:FlawlessSticks","Fusion Hammer"],"picked":"beaked:BlessedCoat"}],"items_purged_floors":[3,38,52],"is_endless":false,"potions_floor_spawned":[4,6,8,12,16,20,28,29,35,40,47,54],"ascension_level":1}}