{"host":"fuszjwm6fqgjjp4d","time":1613794101,"event":{"mods":["BaseMod","Colored Map","Minty Spire (QoL Compilation)","Permanent Neow","Relic Sorter","Relic Stats","StSLib"],"gold_per_floor":[113,129,73,88,102,102,132,152,179,179,209,223,298,318,318,393,393,403,33,49,49,68,68,102,102,102,134,154,186,186,186,186,186,186],"floor_reached":33,"language":"ENG","playtime":827,"items_purged":[],"score":634,"play_id":"5e8e2382-fbf4-4e00-ac9e-929d42435960","local_time":"20210219220821","is_ascension_mode":true,"campfire_choices":[{"data":"Flex","floor":6.0,"key":"SMITH"},{"data":"Pommel Strike","floor":10.0,"key":"SMITH"},{"data":"Battle Trance","floor":15.0,"key":"SMITH"},{"data":"Limit Break","floor":23.0,"key":"SMITH"},{"floor":25.0,"key":"REST"},{"floor":30,"key":"REST"},{"data":"Flex","floor":32,"key":"SMITH"}],"circlet_count":0,"master_deck":["AscendersBane","Strike_R","Strike_R","Strike_R+1","Strike_R","Strike_R","Defend_R+1","Defend_R","Defend_R+1","Defend_R","Bash","Limit Break+1","Sword Boomerang","Limit Break","Flex+1","Sword Boomerang","Twin Strike","Immolate","Pommel Strike+1","Warcry","Twin Strike","Battle Trance+1","Feed","Headbutt","Pummel","Shrug It Off","Whirlwind","Pommel Strike+1","Pommel Strike","Warcry+1","Flex+1"],"relics":["Burning Blood","StrikeDummy","Smiling Mask","War Paint","Runic Dome","MealTicket","Anchor","Whetstone","Sundial","Question Card","MutagenicStrength"],"acts_visited":["Exordium","TheCity"],"potions_floor_usage":[],"damage_taken":[{"damage":4.0,"enemies":"2 Louse","floor":1.0,"turns":4.0},{"damage":13.0,"enemies":"Small Slimes","floor":2.0,"turns":4.0},{"damage":9.0,"enemies":"Jaw Worm","floor":4.0,"turns":3.0},{"damage":2.0,"enemies":"Exordium Thugs","floor":5.0,"turns":3.0},{"damage":32.0,"enemies":"Gremlin Nob","floor":7.0,"turns":4.0},{"damage":9.0,"enemies":"Gremlin Gang","floor":8.0,"turns":3.0},{"damage":15.0,"enemies":"3 Sentries","floor":11.0,"turns":3.0},{"damage":5.0,"enemies":"Blue Slaver","floor":12.0,"turns":3.0},{"damage":9.0,"enemies":"3 Louse","floor":14.0,"turns":3.0},{"damage":15.0,"enemies":"Hexaghost","floor":16.0,"turns":6.0},{"damage":26.0,"enemies":"3 Byrds","floor":18.0,"turns":5.0},{"damage":12.0,"enemies":"Chosen","floor":20.0,"turns":3.0},{"damage":0.0,"enemies":"Snake Plant","floor":22.0,"turns":2.0},{"damage":33.0,"enemies":"Gremlin Leader","floor":24.0,"turns":5.0},{"damage":37,"enemies":"Slavers","floor":27,"turns":4},{"damage":20,"enemies":"Snecko","floor":28,"turns":4},{"damage":55,"enemies":"Gremlin Leader","floor":29,"turns":8},{"damage":75,"enemies":"Collector","floor":33,"turns":5}],"seed_played":"6309483169224688130","potions_obtained":[{"floor":1.0,"key":"SteroidPotion"},{"floor":5.0,"key":"BloodPotion"},{"floor":11.0,"key":"Energy Potion"},{"floor":20.0,"key":"ColorlessPotion"},{"floor":22.0,"key":"FairyPotion"}],"is_trial":false,"path_per_floor":["M","M","$","M","M","R","E","M","T","R","E","M","?","M","R","B",null,"M","$","M","$","M","R","E","R","T","E","M","E","R","?","R","B"],"character_chosen":"IRONCLAD","items_purchased":["Flex","Pummel","Shrug It Off","Whirlwind","MealTicket"],"campfire_rested":2,"item_purchase_floors":[3,19,19,19,19],"current_hp_per_floor":[70,63,63,60,64,64,38,35,35,35,26,27,16,13,13,19,61,44,44,41,56,65,65,41,67,67,36,22,11,38,38,38,0,0],"gold":186,"neow_bonus":"ONE_RANDOM_RARE_CARD","is_daily":false,"chose_seed":false,"campfire_upgraded":5,"win_rate":0.0,"timestamp":1613794101,"path_taken":["M","M","$","M","M","R","E","M","T","R","E","M","?","M","R","BOSS","M","$","M","$","M","R","E","R","T","E","M","E","R","?","R","BOSS"],"items_purchased_type":["Card","Card","Card","Card","Relic"],"build_version":"2020-12-22","purchased_purges":0,"victory":false,"max_hp_per_floor":[75,75,75,75,75,75,75,75,75,75,75,75,75,75,75,75,75,78,78,81,81,84,84,87,87,87,87,87,90,90,90,90,90,90],"relic_stats":{"counters":[18,72],"Sundial":[0],"MealTicket":15,"Whetstone":["Strike_R","Pommel Strike"],"War Paint":["Defend_R","Defend_R"],"Smiling Mask":0,"Question Card":0,"obtain_stats":[{"Runic Dome":17,"Anchor":24,"Sundial":27,"MutagenicStrength":31,"MealTicket":19,"Whetstone":26,"War Paint":11,"StrikeDummy":7,"Smiling Mask":9,"Question Card":29,"Burning Blood":0},{"Runic Dome":10,"Anchor":14,"Sundial":15,"MutagenicStrength":17,"MealTicket":11,"Whetstone":14,"War Paint":7,"StrikeDummy":5,"Smiling Mask":6,"Question Card":17,"Burning Blood":0},{"Runic Dome":36,"Anchor":51,"Sundial":55,"MutagenicStrength":67,"MealTicket":41,"Whetstone":51,"War Paint":24,"StrikeDummy":18,"Smiling Mask":21,"Question Card":67,"Burning Blood":0}],"Burning Blood":102},"card_choices":[{"not_picked":["Seeing Red","Anger"],"picked":"Sword Boomerang","floor":1.0},{"not_picked":["Clothesline","Armaments"],"picked":"Limit Break","floor":2.0},{"not_picked":["Thunderclap","Perfected Strike"],"picked":"Sword Boomerang","floor":4.0},{"not_picked":["Second Wind","Rage"],"picked":"Twin Strike","floor":5.0},{"not_picked":["Havoc","Iron Wave"],"picked":"Immolate","floor":7.0},{"not_picked":["Sword Boomerang","Havoc"],"picked":"Pommel Strike","floor":8.0},{"not_picked":["Juggernaut","Anger"],"picked":"Warcry","floor":11.0},{"not_picked":["Clothesline","Perfected Strike"],"picked":"Twin Strike","floor":12.0},{"not_picked":["Bloodletting","Pommel Strike"],"picked":"Battle Trance","floor":14.0},{"not_picked":["Brutality","Limit Break"],"picked":"Feed","floor":16.0},{"not_picked":["Sword Boomerang+1","Evolve"],"picked":"Headbutt","floor":18.0},{"not_picked":["Rampage","Iron Wave+1"],"picked":"Pommel Strike","floor":20.0},{"not_picked":["Clash","Dual Wield"],"picked":"Pommel Strike","floor":22.0},{"not_picked":["Rupture","Body Slam","Thunderclap"],"picked":"SKIP","floor":24.0},{"not_picked":["Whirlwind","Body Slam"],"picked":"Warcry+1","floor":27},{"not_picked":["Blood for Blood","Iron Wave","Entrench"],"picked":"SKIP","floor":28},{"not_picked":["Dark Embrace","Berserk"],"picked":"Flex","floor":29}],"player_experience":1505764,"relics_obtained":[{"floor":7.0,"key":"StrikeDummy"},{"floor":9.0,"key":"Smiling Mask"},{"floor":11.0,"key":"War Paint"},{"floor":24.0,"key":"Anchor"},{"floor":26.0,"key":"Whetstone"},{"floor":27,"key":"Sundial"},{"floor":29,"key":"Question Card"}],"event_choices":[{"damage_healed":0.0,"max_hp_gain":0.0,"max_hp_loss":0.0,"gold_gain":75.0,"event_name":"World of Goop","player_choice":"Gather Gold","floor":13.0,"gold_loss":0.0,"damage_taken":11.0},{"damage_healed":0,"gold_gain":0,"player_choice":"Inject Mutagens","damage_taken":0,"relics_obtained":["MutagenicStrength"],"max_hp_gain":0,"max_hp_loss":0,"event_name":"Drug Dealer","floor":31,"gold_loss":0}],"is_beta":false,"boss_relics":[{"not_picked":["Runic Cube","Busted Crown"],"picked":"Runic Dome"}],"items_purged_floors":[],"is_endless":false,"potions_floor_spawned":[1,5,11,12,20,22],"killed_by":"Collector","ascension_level":20}}