{"host":"b7j598ve05halrwk","time":1613805660,"event":{"mods":["2.2 Compatiblity","BaseMod","Block Reminder","DeckTracker","Minty Spire (QoL Compilation)","Relic Stats","Slay the Relics Exporter","StSLib","ojb\u0027s Better Paths Mod","ojb\u0027s Info Mod"],"gold_per_floor":[19,19,33,50,67,98,114,131,131,157,82,98,115,142,142,216,216,231,231,231,2,13,39,39,68,68,68,79,79,79],"floor_reached":29,"language":"ENG","playtime":2038,"items_purged":["Strike_B","Strike_B"],"score":699,"play_id":"ecf35190-98b4-46b7-8d66-1bf95936da60","local_time":"20210220022100","is_ascension_mode":true,"campfire_choices":[{"data":"Defragment","floor":15,"key":"SMITH"},{"floor":24,"key":"REST"}],"circlet_count":0,"master_deck":["AscendersBane","Strike_B","Strike_B","Defend_B","Defend_B","Defend_B","Defend_B","Zap","Dualcast","Glacier","Beam Cell","Rip and Tear","Chill","Buffer","Compile Driver","Rip and Tear","Defragment+1","Ball Lightning","Core Surge","Hyperbeam","BootSequence","RitualDagger","Capacitor","Coolheaded","Go for the Eyes","Glacier","Writhe","Sweeping Beam+1"],"relics":["Cracked Core","Shuriken","Sundial","Singing Bowl","Eternal Feather","Runic Dome","Vajra","Pantograph","Pen Nib"],"acts_visited":["Exordium","TheCity"],"potions_floor_usage":[6,7,12,14,25,25,28],"damage_taken":[{"damage":13,"enemies":"2 Louse","floor":1,"turns":3},{"damage":0,"enemies":"Cultist","floor":3,"turns":5},{"damage":2,"enemies":"Jaw Worm","floor":4,"turns":4},{"damage":3,"enemies":"2 Fungi Beasts","floor":5,"turns":4},{"damage":1,"enemies":"Lagavulin","floor":6,"turns":6},{"damage":8,"enemies":"Exordium Wildlife","floor":7,"turns":3},{"damage":4,"enemies":"Looter","floor":8,"turns":3},{"damage":3,"enemies":"3 Sentries","floor":10,"turns":9},{"damage":0,"enemies":"2 Fungi Beasts","floor":12,"turns":2},{"damage":0,"enemies":"Blue Slaver","floor":13,"turns":4},{"damage":0,"enemies":"Gremlin Nob","floor":14,"turns":3},{"damage":47,"enemies":"Hexaghost","floor":16,"turns":9},{"damage":0,"enemies":"Spheric Guardian","floor":18,"turns":4},{"damage":0,"enemies":"3 Byrds","floor":22,"turns":4},{"damage":65,"enemies":"Gremlin Leader","floor":23,"turns":7},{"damage":0,"enemies":"Slavers","floor":25,"turns":2},{"damage":15,"enemies":"Cultist and Chosen","floor":28,"turns":4},{"damage":48,"enemies":"Gremlin Leader","floor":29,"turns":4}],"seed_played":"5293285774163502900","potions_obtained":[{"floor":3,"key":"BlessingOfTheForge"},{"floor":4,"key":"FocusPotion"},{"floor":7,"key":"Fruit Juice"},{"floor":10,"key":"FearPotion"},{"floor":12,"key":"FairyPotion"},{"floor":18,"key":"Strength Potion"},{"floor":23,"key":"DistilledChaos"},{"floor":25,"key":"FearPotion"}],"is_trial":false,"path_per_floor":["M","?","M","M","M","E","M","M","T","E","$","M","M","E","R","B",null,"M","?","?","$","M","E","R","E","T","?","M","E"],"character_chosen":"DEFECT","items_purchased":["Capacitor","Coolheaded"],"campfire_rested":1,"item_purchase_floors":[21,21],"current_hp_per_floor":[51,81,81,79,76,75,67,63,63,60,60,65,67,67,79,32,74,74,48,42,42,44,12,55,55,55,55,40,0,0],"gold":79,"neow_bonus":"THREE_RARE_CARDS","is_daily":false,"chose_seed":false,"campfire_upgraded":1,"win_rate":0.0,"timestamp":1613805660,"path_taken":["M","?","M","M","?","E","M","M","T","E","?","M","M","E","R","BOSS","M","?","?","?","M","E","R","E","T","?","M","E"],"items_purchased_type":["Card","Card"],"build_version":"2020-12-22","purchased_purges":2,"victory":false,"max_hp_per_floor":[71,81,81,81,81,81,81,81,81,81,81,86,88,88,88,88,88,88,93,93,93,95,95,95,95,95,95,95,95,95],"relic_stats":{"Singing Bowl":4,"counters":[18,80],"Shuriken":[10],"Sundial":[4],"Pantograph":0,"Eternal Feather":27,"Pen Nib":[1],"obtain_stats":[{"Runic Dome":17,"Singing Bowl":10,"Shuriken":6,"Sundial":9,"Pantograph":25,"Vajra":23,"Eternal Feather":14,"Pen Nib":27,"Cracked Core":0},{"Runic Dome":12,"Singing Bowl":8,"Shuriken":5,"Sundial":7,"Pantograph":16,"Vajra":15,"Eternal Feather":11,"Pen Nib":16,"Cracked Core":0},{"Runic Dome":55,"Singing Bowl":37,"Shuriken":22,"Sundial":28,"Pantograph":72,"Vajra":70,"Eternal Feather":46,"Pen Nib":72,"Cracked Core":0}]},"card_choices":[{"not_picked":["Echo Form","Machine Learning"],"picked":"Buffer","floor":0},{"not_picked":["Hologram","Hello World"],"picked":"Glacier","floor":1},{"not_picked":["Rebound","Leap"],"picked":"Beam Cell","floor":3},{"not_picked":["Leap","Barrage"],"picked":"Rip and Tear","floor":4},{"not_picked":["Recycle","Beam Cell"],"picked":"Chill","floor":5},{"not_picked":["Steam Power","Beam Cell"],"picked":"Buffer","floor":6},{"not_picked":["Rebound","Scrape"],"picked":"Compile Driver","floor":7},{"not_picked":["Melter","Skim"],"picked":"Rip and Tear","floor":8},{"not_picked":["Leap","Coolheaded"],"picked":"Defragment","floor":10},{"not_picked":["Gash","Cold Snap"],"picked":"Ball Lightning","floor":12},{"not_picked":["Sweeping Beam","Coolheaded","Buffer"],"picked":"Singing Bowl","floor":13},{"not_picked":["Coolheaded","Reboot"],"picked":"Core Surge","floor":14},{"not_picked":["Creative AI","Reboot"],"picked":"Hyperbeam","floor":16},{"not_picked":["Barrage","FTL+1"],"picked":"BootSequence","floor":18},{"not_picked":["Compile Driver+1","Beam Cell","Steam Power"],"picked":"Singing Bowl","floor":22},{"not_picked":["Turbo","Amplify"],"picked":"Go for the Eyes","floor":23},{"not_picked":["Tempest","Compile Driver"],"picked":"Glacier","floor":25},{"not_picked":["Barrage","Gash"],"picked":"Sweeping Beam+1","floor":28}],"player_experience":1159560,"relics_obtained":[{"floor":6,"key":"Shuriken"},{"floor":9,"key":"Sundial"},{"floor":10,"key":"Singing Bowl"},{"floor":14,"key":"Eternal Feather"},{"floor":23,"key":"Vajra"},{"floor":25,"key":"Pantograph"}],"event_choices":[{"cards_removed":["Buffer"],"damage_healed":20,"gold_gain":0,"player_choice":"Offered Rare","damage_taken":0,"max_hp_gain":10,"max_hp_loss":0,"event_name":"Bonfire Elementals","floor":2,"gold_loss":0},{"damage_healed":0,"gold_gain":0,"player_choice":"Shed Blood","damage_taken":31,"max_hp_gain":5,"max_hp_loss":0,"event_name":"Forgotten Altar","floor":19,"gold_loss":0},{"damage_healed":0,"gold_gain":0,"player_choice":"Joined the Cult","damage_taken":6,"max_hp_gain":0,"max_hp_loss":0,"event_name":"Nest","floor":20,"gold_loss":0,"cards_obtained":["RitualDagger"]},{"damage_healed":0,"gold_gain":0,"player_choice":"Opened","damage_taken":0,"relics_obtained":["Pen Nib"],"max_hp_gain":0,"max_hp_loss":0,"event_name":"The Mausoleum","floor":27,"gold_loss":0,"cards_obtained":["Writhe"]}],"is_beta":false,"boss_relics":[{"not_picked":["Tiny House","Fusion Hammer"],"picked":"Runic Dome"}],"items_purged_floors":[11,21],"is_endless":false,"potions_floor_spawned":[3,4,7,10,12,13,18,23,25],"killed_by":"Gremlin Leader","ascension_level":20}}