{"host":"mqhvlr3kpxebko0t","time":1613823461,"event":{"mods":["AchievementEnabler","BaseMod","Colored Map","Colored Powertips","KOR Keyword Fix","Keyboard Shortcuts","Minty Spire (QoL Compilation)","StSLib","SuperFastMode"],"gold_per_floor":[115,40,54,54,78,103,10,21,46,86,98,110,144,167,179,191,191],"floor_reached":16,"language":"KOR","playtime":188,"items_purged":["Strike_G","Strike_G"],"score":246,"play_id":"50672133-fecb-45cc-9f66-936e5cbb4bd6","local_time":"20210220211741","is_ascension_mode":true,"campfire_choices":[{"data":"Blade Dance","floor":11,"key":"SMITH"},{"data":"Neutralize","floor":15,"key":"SMITH"}],"circlet_count":0,"master_deck":["AscendersBane","Strike_G","Strike_G","Strike_G","Defend_G","Defend_G","Defend_G","Defend_G+1","Defend_G","Survivor","Neutralize+1","Blade Dance","Dagger Spray","Masterful Stab","Backstab+1","Blade Dance+1","Dodge and Roll"],"relics":["Ring of the Snake","NeowsBlessing","Smiling Mask","MawBank","Mummified Hand","Odd Mushroom"],"acts_visited":["Exordium"],"potions_floor_usage":[16],"damage_taken":[{"damage":0.0,"enemies":"2 Louse","floor":1.0,"turns":1.0},{"damage":0.0,"enemies":"Jaw Worm","floor":3.0,"turns":1.0},{"damage":0.0,"enemies":"3 Sentries","floor":6.0,"turns":1.0},{"damage":0,"enemies":"Small Slimes","floor":8,"turns":2},{"damage":29,"enemies":"Gremlin Nob","floor":10,"turns":4},{"damage":0,"enemies":"The Mushroom Lair","floor":13,"turns":2},{"damage":0,"enemies":"3 Louse","floor":14,"turns":2},{"damage":6,"enemies":"The Guardian","floor":16,"turns":6}],"seed_played":"1246047313499959646","potions_obtained":[{"floor":10,"key":"SmokeBomb"},{"floor":13,"key":"EssenceOfSteel"},{"floor":14,"key":"Block Potion"}],"is_trial":false,"path_per_floor":["M","$","M","?","T","E","$","M","T","E","R","?","?","M","R","B"],"character_chosen":"THE_SILENT","items_purchased":["Backstab"],"campfire_rested":0,"item_purchase_floors":[7],"current_hp_per_floor":[59,59,59,64,64,64,64,64,64,35,35,14,14,14,14,8,8],"gold":191,"neow_bonus":"THREE_ENEMY_KILL","is_daily":false,"chose_seed":false,"campfire_upgraded":2,"win_rate":0.0,"timestamp":1613823461,"path_taken":["M","$","M","?","?","E","$","M","T","E","R","?","?","M","R","BOSS"],"items_purchased_type":["Card"],"build_version":"2020-12-22","purchased_purges":2,"victory":false,"max_hp_per_floor":[66,66,66,71,71,71,71,71,71,71,71,71,71,71,71,71,71],"card_choices":[{"not_picked":["PiercingWail","Endless Agony"],"picked":"Blade Dance","floor":1.0},{"not_picked":["Dash","Prepared"],"picked":"Dagger Spray","floor":3.0},{"not_picked":["Infinite Blades","Distraction"],"picked":"Masterful Stab","floor":6},{"not_picked":["Dagger Spray","Calculated Gamble"],"picked":"Blade Dance","floor":8},{"not_picked":["Prepared","Concentrate","Infinite Blades"],"picked":"SKIP","floor":10},{"not_picked":["Calculated Gamble","Masterful Stab"],"picked":"Dodge and Roll","floor":14}],"player_experience":719506,"relics_obtained":[{"floor":5.0,"key":"Smiling Mask"},{"floor":9,"key":"MawBank"},{"floor":10,"key":"Mummified Hand"},{"floor":13,"key":"Odd Mushroom"}],"event_choices":[{"damage_healed":0.0,"max_hp_gain":5.0,"max_hp_loss":0.0,"gold_gain":0.0,"event_name":"Big Fish","player_choice":"Donut","floor":4.0,"gold_loss":0.0,"damage_taken":0.0},{"damage_healed":0,"gold_gain":0,"player_choice":"Entered Light","damage_taken":21,"max_hp_gain":0,"max_hp_loss":0,"event_name":"Shining Light","floor":12,"gold_loss":0,"cards_upgraded":["Backstab","Defend_G"]},{"damage_healed":0,"gold_gain":0,"player_choice":"Fought Mushrooms","damage_taken":0,"max_hp_gain":0,"max_hp_loss":0,"event_name":"Mushrooms","floor":13,"gold_loss":0}],"is_beta":false,"boss_relics":[],"items_purged_floors":[2,7],"is_endless":false,"potions_floor_spawned":[10,13,14],"killed_by":"The Guardian","ascension_level":17}}