{"host":"2se5dq1do2gp0x9k","time":1613798724,"event":{"mods":["AchievementEnabler","BaseMod","Block Reminder","Colored Map","Colored Powertips","Minty Spire (QoL Compilation)","Relic Stats","StSLib","SuperFastMode"],"gold_per_floor":[115,125,143,12,27,27,42,65,65,37,37,56,56,81,81,155,155,170,124,135,135,135],"floor_reached":21,"language":"ENG","playtime":767,"items_purged":["Defend_B"],"score":391,"play_id":"d39c9056-ee8c-4d35-a781-fbdd753e7572","local_time":"20210219212524","is_ascension_mode":true,"campfire_choices":[{"data":"Defragment","floor":6,"key":"SMITH"},{"data":"Coolheaded","floor":11,"key":"SMITH"},{"data":"Go for the Eyes","floor":13,"key":"SMITH"},{"data":"Coolheaded","floor":15,"key":"SMITH"}],"circlet_count":0,"master_deck":["AscendersBane","Strike_B","Strike_B","Strike_B","Strike_B","Defend_B","Defend_B","Defend_B","Zap","Dualcast","Gash","Coolheaded","Defragment+1","Coolheaded+1","Gash","Cold Snap","Go for the Eyes+1","Coolheaded+1","Reboot","Coolheaded","Gash+1"],"relics":["Cracked Core","NeowsBlessing","Odd Mushroom","Incense Burner","Molten Egg 2","SlaversCollar"],"acts_visited":["Exordium","TheCity"],"potions_floor_usage":[14,20],"damage_taken":[{"damage":0,"enemies":"Small Slimes","floor":1,"turns":1},{"damage":0,"enemies":"2 Louse","floor":2,"turns":1},{"damage":0,"enemies":"Jaw Worm","floor":3,"turns":1},{"damage":9,"enemies":"Large Slime","floor":5,"turns":6},{"damage":8,"enemies":"3 Louse","floor":7,"turns":3},{"damage":26,"enemies":"The Mushroom Lair","floor":8,"turns":4},{"damage":4,"enemies":"Looter","floor":12,"turns":4},{"damage":2,"enemies":"3 Sentries","floor":14,"turns":12},{"damage":6,"enemies":"The Guardian","floor":16,"turns":16},{"damage":16,"enemies":"Shell Parasite","floor":18,"turns":6},{"damage":36,"enemies":"2 Thieves","floor":19,"turns":5},{"damage":6,"enemies":"Snake Plant","floor":20,"turns":7},{"damage":1,"enemies":"Centurion and Healer","floor":21,"turns":1}],"seed_played":"-1465237787610126703","potions_obtained":[{"floor":1,"key":"Regen Potion"},{"floor":5,"key":"FearPotion"},{"floor":14,"key":"LiquidMemories"},{"floor":20,"key":"AttackPotion"}],"is_trial":false,"path_per_floor":["M","M","M","$","M","R","M","?","T","$","R","M","R","E","R","B",null,"M","M","M","M"],"character_chosen":"DEFECT","items_purchased":["Coolheaded","Cold Snap"],"campfire_rested":0,"item_purchase_floors":[4,10],"current_hp_per_floor":[64,64,64,64,55,55,47,21,21,21,21,17,17,30,30,24,59,43,7,1,0,0],"gold":135,"neow_bonus":"THREE_ENEMY_KILL","is_daily":false,"chose_seed":false,"campfire_upgraded":4,"win_rate":0.0,"timestamp":1613798724,"path_taken":["M","M","M","$","M","R","M","?","T","$","R","M","R","E","R","BOSS","M","M","M","M"],"items_purchased_type":["Card","Card"],"build_version":"2020-12-22","purchased_purges":1,"victory":false,"max_hp_per_floor":[71,71,71,71,71,71,71,71,71,71,71,71,71,71,71,71,71,71,71,71,71,71],"relic_stats":{"counters":[13,67],"obtain_stats":[{"SlaversCollar":17,"NeowsBlessing":0,"Molten Egg 2":14,"Incense Burner":9,"Odd Mushroom":8,"Cracked Core":0},{"SlaversCollar":9,"NeowsBlessing":0,"Molten Egg 2":8,"Incense Burner":6,"Odd Mushroom":6,"Cracked Core":0},{"SlaversCollar":48,"NeowsBlessing":0,"Molten Egg 2":32,"Incense Burner":16,"Odd Mushroom":16,"Cracked Core":0}]},"card_choices":[{"not_picked":["Tempest","Hologram"],"picked":"Gash","floor":1},{"not_picked":["Stack","Chaos"],"picked":"Coolheaded","floor":2},{"not_picked":["Barrage","Machine Learning"],"picked":"Defragment","floor":3},{"not_picked":["Leap","Beam Cell"],"picked":"Gash","floor":5},{"not_picked":["Thunder Strike","Force Field","Skim"],"picked":"SKIP","floor":7},{"not_picked":["Lockon","Double Energy"],"picked":"Go for the Eyes","floor":12},{"not_picked":["Compile Driver+1","Leap"],"picked":"Coolheaded","floor":14},{"not_picked":["Creative AI","Hyperbeam+1"],"picked":"Reboot","floor":16},{"not_picked":["Heatsinks","Ball Lightning+1"],"picked":"Coolheaded","floor":18},{"not_picked":["Melter+1","Rebound+1"],"picked":"Gash+1","floor":19},{"not_picked":["Rebound+1","Barrage+1","Sweeping Beam+1"],"picked":"SKIP","floor":20}],"player_experience":4082852,"relics_obtained":[{"floor":8,"key":"Odd Mushroom"},{"floor":9,"key":"Incense Burner"},{"floor":14,"key":"Molten Egg 2"}],"event_choices":[{"damage_healed":0,"gold_gain":0,"player_choice":"Fought Mushrooms","damage_taken":0,"max_hp_gain":0,"max_hp_loss":0,"event_name":"Mushrooms","floor":8,"gold_loss":0}],"is_beta":false,"boss_relics":[{"not_picked":["Cursed Key","Runic Pyramid"],"picked":"SlaversCollar"}],"items_purged_floors":[4],"is_endless":false,"potions_floor_spawned":[1,5,14,19,20],"killed_by":"Centurion and Healer","ascension_level":20}}