{"host":"y76clbnovzmw9ubx","time":1613780706,"event":{"mods":["AchievementEnabler","BaseMod","Minty Spire (QoL Compilation)","Permanent Neow","Relic Stats"],"gold_per_floor":[109,124,134,145,155,187,187,205,205,235,235,235,255,270,270,344,344,360,360,374,39,39,67,84,119,119,119,153,167,199,214,214,214,214],"floor_reached":33,"language":"ENG","playtime":2217,"items_purged":["Strike_G"],"score":832,"play_id":"23dfa46b-1541-42d3-a4df-dc0bf0500a60","local_time":"20210219192506","is_ascension_mode":true,"campfire_choices":[{"data":"Noxious Fumes","floor":7,"key":"SMITH"},{"data":"Catalyst","floor":11,"key":"SMITH"},{"data":"Crippling Poison","floor":15,"key":"SMITH"},{"floor":27,"key":"REST"},{"floor":32,"key":"REST"}],"circlet_count":0,"master_deck":["AscendersBane","Strike_G","Defend_G","Defend_G","Defend_G","Defend_G","Survivor","Neutralize","Noxious Fumes+1","Heel Hook","Backstab","Slice","Crippling Poison+1","Sucker Punch","Cloak And Dagger","Catalyst+1","Backstab","Leg Sweep","Wraith Form v2+1","Dodge and Roll","Cloak And Dagger+1","PiercingWail","PiercingWail","Cloak And Dagger+1"],"relics":["Ring of the Snake","Pen Nib","Ninja Scroll","Blood Vial","Empty Cage","Membership Card","Shuriken","Calipers","Singing Bowl","Bronze Scales","Akabeko","Paper Crane"],"acts_visited":["Exordium","TheCity"],"potions_floor_usage":[6,10,25,30,33,33],"damage_taken":[{"damage":2,"enemies":"Small Slimes","floor":1,"turns":4},{"damage":1,"enemies":"Cultist","floor":2,"turns":3},{"damage":0,"enemies":"2 Louse","floor":3,"turns":2},{"damage":8,"enemies":"Blue Slaver","floor":4,"turns":4},{"damage":0,"enemies":"Lots of Slimes","floor":5,"turns":3},{"damage":15,"enemies":"Lagavulin","floor":6,"turns":5},{"damage":13,"enemies":"3 Louse","floor":8,"turns":3},{"damage":0,"enemies":"Gremlin Nob","floor":10,"turns":2},{"damage":0,"enemies":"Looter","floor":13,"turns":2},{"damage":0,"enemies":"Exordium Wildlife","floor":14,"turns":2},{"damage":13,"enemies":"Hexaghost","floor":16,"turns":8},{"damage":3,"enemies":"3 Byrds","floor":18,"turns":4},{"damage":4,"enemies":"2 Thieves","floor":20,"turns":4},{"damage":13,"enemies":"Slavers","floor":23,"turns":7},{"damage":0,"enemies":"Centurion and Healer","floor":24,"turns":5},{"damage":0,"enemies":"Gremlin Leader","floor":25,"turns":6},{"damage":18,"enemies":"Book of Stabbing","floor":28,"turns":4},{"damage":5,"enemies":"Snecko","floor":29,"turns":4},{"damage":0,"enemies":"Slavers","floor":30,"turns":4},{"damage":1,"enemies":"Sentry and Sphere","floor":31,"turns":4},{"damage":60,"enemies":"Champ","floor":33,"turns":10}],"seed_played":"8926411533984887388","potions_obtained":[{"floor":1,"key":"Poison Potion"},{"floor":2,"key":"BlessingOfTheForge"},{"floor":6,"key":"Energy Potion"},{"floor":10,"key":"Fire Potion"},{"floor":25,"key":"SteroidPotion"},{"floor":30,"key":"SpeedPotion"}],"is_trial":false,"path_per_floor":["M","M","M","M","M","E","R","M","T","E","R","?","M","M","R","B",null,"M","?","M","$","?","E","M","E","T","R","E","M","E","M","R","B"],"character_chosen":"THE_SILENT","items_purchased":["Membership Card","Shuriken"],"campfire_rested":2,"item_purchase_floors":[21,21],"current_hp_per_floor":[57,56,56,48,48,33,33,20,20,20,20,25,27,29,29,18,53,52,34,32,32,32,21,23,27,27,48,32,29,33,36,58,0,0],"gold":214,"neow_bonus":"TRANSFORM_TWO_CARDS","is_daily":false,"chose_seed":false,"campfire_upgraded":3,"win_rate":0.0,"timestamp":1613780706,"path_taken":["M","M","M","M","M","E","R","M","T","E","R","?","M","M","R","BOSS","M","?","M","$","?","E","M","E","T","R","E","M","E","?","R","BOSS"],"items_purchased_type":["Relic","Relic"],"build_version":"2020-12-22","purchased_purges":1,"victory":false,"max_hp_per_floor":[60,60,60,60,60,60,60,60,60,60,60,65,65,65,65,65,65,65,70,70,70,70,70,70,72,72,72,72,72,74,76,76,76,76],"relic_stats":{"Blood Vial":26,"Singing Bowl":6,"counters":[21,90],"Shuriken":[28],"Bronze Scales":[67],"Pen Nib":[20],"obtain_stats":[{"Blood Vial":10,"Calipers":23,"Singing Bowl":25,"Ninja Scroll":9,"Shuriken":21,"Bronze Scales":26,"Pen Nib":6,"Membership Card":21,"Paper Crane":30,"Empty Cage":17,"Akabeko":28,"Ring of the Snake":0},{"Blood Vial":8,"Calipers":14,"Singing Bowl":16,"Ninja Scroll":7,"Shuriken":13,"Bronze Scales":16,"Pen Nib":6,"Membership Card":13,"Paper Crane":19,"Empty Cage":11,"Akabeko":17,"Ring of the Snake":0},{"Blood Vial":26,"Calipers":53,"Singing Bowl":64,"Ninja Scroll":24,"Shuriken":46,"Bronze Scales":64,"Pen Nib":21,"Membership Card":46,"Paper Crane":76,"Empty Cage":38,"Akabeko":68,"Ring of the Snake":0}],"Ring of the Snake":[42]},"card_choices":[{"not_picked":["Choke","Noxious Fumes"],"picked":"Backstab","floor":1},{"not_picked":["Eviscerate","PiercingWail","Backflip"],"picked":"SKIP","floor":2},{"not_picked":["Outmaneuver","Riddle With Holes"],"picked":"Slice","floor":3},{"not_picked":["Quick Slash","Distraction"],"picked":"Crippling Poison","floor":4},{"not_picked":["Acrobatics","Dash"],"picked":"Sucker Punch","floor":5},{"not_picked":["Sucker Punch","Bane","Flechettes"],"picked":"SKIP","floor":6},{"not_picked":["Riddle With Holes","All Out Attack"],"picked":"Cloak And Dagger","floor":8},{"not_picked":["Slice","Outmaneuver"],"picked":"Catalyst","floor":10},{"not_picked":["Well Laid Plans","Prepared"],"picked":"Backstab","floor":13},{"not_picked":["Flechettes","Predator"],"picked":"Leg Sweep","floor":14},{"not_picked":["Corpse Explosion","Burst"],"picked":"Wraith Form v2","floor":16},{"not_picked":["Skewer","Deflect"],"picked":"Dodge and Roll","floor":18},{"not_picked":["Finisher","Quick Slash"],"picked":"Cloak And Dagger+1","floor":20},{"not_picked":["Corpse Explosion","Masterful Stab"],"picked":"PiercingWail","floor":23},{"not_picked":["Predator","Dagger Throw","Underhanded Strike"],"picked":"SKIP","floor":24},{"not_picked":["Dash","Wraith Form v2","Deflect"],"picked":"Singing Bowl","floor":25},{"not_picked":["Dagger Throw","All Out Attack"],"picked":"PiercingWail","floor":28},{"not_picked":["Quick Slash","Underhanded Strike"],"picked":"Cloak And Dagger+1","floor":29},{"not_picked":["Slice","Dodge and Roll","Setup"],"picked":"Singing Bowl","floor":30},{"not_picked":["Predator","Outmaneuver","Blade Dance"],"picked":"Singing Bowl","floor":31}],"player_experience":3261706,"relics_obtained":[{"floor":6,"key":"Pen Nib"},{"floor":9,"key":"Ninja Scroll"},{"floor":10,"key":"Blood Vial"},{"floor":23,"key":"Calipers"},{"floor":25,"key":"Singing Bowl"},{"floor":26,"key":"Bronze Scales"},{"floor":28,"key":"Akabeko"},{"floor":30,"key":"Paper Crane"}],"event_choices":[{"damage_healed":0,"gold_gain":0,"player_choice":"Donut","damage_taken":0,"max_hp_gain":5,"max_hp_loss":0,"event_name":"Big Fish","floor":12,"gold_loss":0},{"damage_healed":0,"gold_gain":0,"player_choice":"Shed Blood","damage_taken":23,"max_hp_gain":5,"max_hp_loss":0,"event_name":"Forgotten Altar","floor":19,"gold_loss":0},{"damage_healed":0,"gold_gain":0,"player_choice":"Upgraded","damage_taken":0,"max_hp_gain":0,"max_hp_loss":0,"event_name":"Upgrade Shrine","floor":22,"gold_loss":0,"cards_upgraded":["Wraith Form v2"]}],"is_beta":false,"boss_relics":[{"not_picked":["Tiny House","Velvet Choker"],"picked":"Empty Cage"}],"items_purged_floors":[21],"is_endless":false,"potions_floor_spawned":[1,2,6,10,13,20,23,25,30,31],"killed_by":"Champ","ascension_level":20}}