{"host":"wbn3xdfsa5pc2kse","time":1613813030,"event":{"mods":["AchievementEnabler","BaseMod","Bestiary","Colored Map","Colored Powertips","Curses Come First","Highlight Path","Minty Spire (QoL Compilation)","Permanent Neow","Rare Cards Sparkle","Relic Stats","StSLib"],"gold_per_floor":[99,99,99,59,59,59,59,59,59,59,18,18,18,18,18,18,18,0,0,0,0,0,0,0,0,0,0,0,0],"floor_reached":28,"language":"ZHT","playtime":929,"items_purged":[],"score":660,"play_id":"6fe021f7-3f75-433e-b4eb-30062f5c4790","local_time":"20210220172350","is_ascension_mode":true,"campfire_choices":[{"data":"Tantrum","floor":8.0,"key":"SMITH"},{"data":"TalkToTheHand","floor":12.0,"key":"SMITH"},{"data":"WheelKick","floor":15.0,"key":"SMITH"},{"floor":24.0,"key":"REST"}],"circlet_count":0,"master_deck":["AscendersBane","Strike_P+1","Strike_P+1","Strike_P+1","Strike_P+1","Defend_P+1","Defend_P+1","Defend_P+1","Defend_P+1","Eruption","Vigilance","WheelKick+1","Tantrum+1","Consecrate","Protect","FearNoEvil","Devotion+1","Prostrate","TalkToTheHand+1","ClearTheMind","EmptyBody","DevaForm+1","ThirdEye","CutThroughFate","FlurryOfBlows","MentalFortress+1","Vault"],"relics":["Ectoplasm","Frozen Egg 2","Sundial","Du-Vu Doll","MawBank","Black Star","Regal Pillow","Damaru","Ancient Tea Set","Boot","Juzu Bracelet","Enchiridion"],"acts_visited":["Exordium","TheCity"],"potions_floor_usage":[28],"damage_taken":[{"damage":0.0,"enemies":"Jaw Worm","floor":1.0,"turns":3.0},{"damage":0.0,"enemies":"Cultist","floor":2.0,"turns":4.0},{"damage":0.0,"enemies":"2 Louse","floor":3.0,"turns":1.0},{"damage":0.0,"enemies":"Looter","floor":4.0,"turns":3.0},{"damage":7.0,"enemies":"3 Sentries","floor":6.0,"turns":4.0},{"damage":0.0,"enemies":"Exordium Thugs","floor":7.0,"turns":3.0},{"damage":20.0,"enemies":"Lagavulin","floor":10.0,"turns":4.0},{"damage":14.0,"enemies":"3 Sentries","floor":13.0,"turns":6.0},{"damage":0.0,"enemies":"Exordium Wildlife","floor":14.0,"turns":2.0},{"damage":0.0,"enemies":"Slime Boss","floor":16.0,"turns":5.0},{"damage":17.0,"enemies":"2 Thieves","floor":18.0,"turns":4.0},{"damage":0.0,"enemies":"Spheric Guardian","floor":19.0,"turns":3.0},{"damage":37.0,"enemies":"Chosen and Byrds","floor":20.0,"turns":5.0},{"damage":0.0,"enemies":"3 Cultists","floor":22.0,"turns":3.0},{"damage":4.0,"enemies":"Slavers","floor":23.0,"turns":8.0},{"damage":13.0,"enemies":"Book of Stabbing","floor":25.0,"turns":4.0},{"damage":16,"enemies":"Gremlin Leader","floor":28,"turns":2}],"seed_played":"5110349029732276617","potions_obtained":[{"floor":1.0,"key":"BlessingOfTheForge"},{"floor":3.0,"key":"GamblersBrew"},{"floor":4.0,"key":"Fire Potion"},{"floor":5.0,"key":"Fruit Juice"},{"floor":5.0,"key":"SpeedPotion"},{"floor":6.0,"key":"LiquidMemories"},{"floor":13.0,"key":"Dexterity Potion"},{"floor":18.0,"key":"Weak Potion"},{"floor":20.0,"key":"EssenceOfSteel"},{"floor":25.0,"key":"FearPotion"}],"is_trial":false,"path_per_floor":["M","M","M","M","?","E","M","R","T","E","$","R","E","M","R","B",null,"M","M","M","?","M","E","R","E","T","?","E"],"character_chosen":"WATCHER","items_purchased":["TalkToTheHand"],"campfire_rested":1,"item_purchase_floors":[11],"current_hp_per_floor":[61,61,61,61,66,59,59,59,59,39,39,39,25,25,25,25,61,44,44,7,7,7,3,39,26,26,5,0,0],"gold":0,"neow_bonus":"BOSS_RELIC","is_daily":false,"chose_seed":false,"campfire_upgraded":3,"win_rate":0.0,"timestamp":1613813030,"path_taken":["M","M","M","M","?","E","M","R","T","E","?","R","E","M","R","BOSS","M","M","M","?","M","E","R","E","T","?","E"],"items_purchased_type":["Card"],"build_version":"2020-12-22","purchased_purges":0,"victory":false,"max_hp_per_floor":[68,68,68,68,73,73,73,73,73,73,73,73,73,73,73,73,73,73,73,73,73,73,73,73,73,73,73,73,73],"relic_stats":{"Regal Pillow":15,"counters":[17,64],"Sundial":[2],"Ectoplasm":704,"Black Star":2,"Juzu Bracelet":0,"MawBank":0,"Boot":[0],"obtain_stats":[{"Regal Pillow":23,"Damaru":23,"Enchiridion":27,"Juzu Bracelet":26,"Frozen Egg 2":6,"MawBank":13,"Ancient Tea Set":25,"Boot":25,"Du-Vu Doll":10,"Sundial":9,"Ectoplasm":0,"Black Star":17,"PureWater":0},{"Regal Pillow":15,"Damaru":15,"Enchiridion":16,"Juzu Bracelet":16,"Frozen Egg 2":5,"MawBank":8,"Ancient Tea Set":16,"Boot":16,"Du-Vu Doll":7,"Sundial":6,"Ectoplasm":0,"Black Star":10,"PureWater":0},{"Regal Pillow":58,"Damaru":58,"Enchiridion":62,"Juzu Bracelet":62,"Frozen Egg 2":15,"MawBank":28,"Ancient Tea Set":62,"Boot":62,"Du-Vu Doll":22,"Sundial":18,"Ectoplasm":0,"Black Star":35,"PureWater":0}]},"card_choices":[{"not_picked":["Meditate","FlyingSleeves"],"picked":"WheelKick","floor":1.0},{"not_picked":["Meditate","EmptyFist"],"picked":"Tantrum","floor":2.0},{"not_picked":["CarveReality","FlyingSleeves"],"picked":"Consecrate","floor":3.0},{"not_picked":["Crescendo","EmptyBody"],"picked":"Protect","floor":4.0},{"not_picked":["Fasting2+1","SignatureMove"],"picked":"FearNoEvil","floor":6.0},{"not_picked":["FlyingSleeves","Study+1"],"picked":"Devotion+1","floor":7.0},{"not_picked":["Crescendo","JustLucky"],"picked":"Prostrate","floor":10.0},{"not_picked":["Protect","SignatureMove"],"picked":"ClearTheMind","floor":13.0},{"not_picked":["Protect","JustLucky"],"picked":"EmptyBody","floor":14.0},{"not_picked":["Establishment+1","MasterReality+1"],"picked":"DevaForm+1","floor":16.0},{"not_picked":["Indignation","PathToVictory+1"],"picked":"ThirdEye","floor":18.0},{"not_picked":["Prostrate","EmptyFist"],"picked":"CutThroughFate","floor":19.0},{"not_picked":["Prostrate","CutThroughFate"],"picked":"FlurryOfBlows","floor":20.0},{"not_picked":["Consecrate","EmptyBody"],"picked":"MentalFortress+1","floor":22.0},{"not_picked":["ForeignInfluence","Prostrate"],"picked":"Vault","floor":23.0},{"not_picked":["EmptyBody","EmptyFist","Perseverance"],"picked":"SKIP","floor":25.0}],"player_experience":840836,"relics_obtained":[{"floor":6.0,"key":"Frozen Egg 2"},{"floor":9.0,"key":"Sundial"},{"floor":10.0,"key":"Du-Vu Doll"},{"floor":13.0,"key":"MawBank"},{"floor":23.0,"key":"Regal Pillow"},{"floor":23.0,"key":"Damaru"},{"floor":25.0,"key":"Ancient Tea Set"},{"floor":25.0,"key":"Boot"},{"floor":26.0,"key":"Juzu Bracelet"},{"floor":27.0,"key":"Enchiridion"}],"event_choices":[{"damage_healed":0.0,"max_hp_gain":0.0,"max_hp_loss":0.0,"gold_gain":0.0,"event_name":"Lab","player_choice":"Got Potions","floor":5.0,"gold_loss":0.0,"damage_taken":0.0},{"damage_healed":0.0,"max_hp_gain":0.0,"max_hp_loss":0.0,"gold_gain":0.0,"event_name":"Back to Basics","player_choice":"Simplicity","floor":21.0,"gold_loss":0.0,"damage_taken":0.0,"cards_upgraded":["Strike_P","Strike_P","Strike_P","Strike_P","Defend_P","Defend_P","Defend_P","Defend_P"]},{"damage_healed":0.0,"max_hp_gain":0.0,"max_hp_loss":0.0,"gold_gain":0.0,"event_name":"Cursed Tome","player_choice":"Obtained Book","floor":27.0,"gold_loss":0.0,"damage_taken":21.0}],"is_beta":false,"boss_relics":[{"not_picked":["Philosopher\u0027s Stone","Busted Crown"],"picked":"Black Star"}],"items_purged_floors":[],"is_endless":false,"potions_floor_spawned":[1,3,4,6,13,18,20,25],"killed_by":"Gremlin Leader","ascension_level":20}}