{"host":"6ggzka4dag2kvku2","time":1613820306,"event":{"mods":["AchievementEnabler","BaseMod","DeckTracker","Minty Spire (QoL Compilation)","Permanent Neow","Quick Restart","SuperFastMode"],"gold_per_floor":[114,133,148,148,160,160,188,203,253,288,300,331,331,36,36,133,133,145,145,145,145,165,165,182,216,239,124,158,158,158],"floor_reached":29,"language":"KOR","playtime":11461,"items_purged":["Strike_P"],"score":311,"play_id":"08dbe97e-4c15-4d1b-89e6-5610487d5084","local_time":"20210220202506","is_ascension_mode":true,"campfire_choices":[{"data":"Eruption","floor":6,"key":"SMITH"},{"data":"Tantrum","floor":13,"key":"SMITH"},{"floor":15,"key":"REST"},{"floor":23,"key":"REST"}],"circlet_count":0,"master_deck":["Strike_P","Strike_P+1","Strike_P+1","Defend_P+1","Defend_P+1","Defend_P+1","Defend_P+1","Eruption+1","Vigilance","LessonLearned+1","Consecrate+1","FollowUp+1","Vengeance","ClearTheMind+1","Tantrum+1","Adaptation","Establishment","Crescendo+1","FearNoEvil","FearNoEvil","Adaptation","Evaluate","Crescendo"],"relics":["PureWater","Question Card","Lantern","Matryoshka","Nunchaku","Juzu Bracelet","SacredBark","Nilry\u0027s Codex","MealTicket","Letter Opener","Calipers","Potion Belt","Happy Flower","PreservedInsect"],"acts_visited":["Exordium","TheCity"],"potions_floor_usage":[10,24,29],"damage_taken":[{"damage":0,"enemies":"Cultist","floor":1,"turns":4},{"damage":1,"enemies":"2 Louse","floor":2,"turns":3},{"damage":7,"enemies":"Jaw Worm","floor":3,"turns":3},{"damage":13,"enemies":"Red Slaver","floor":5,"turns":4},{"damage":18,"enemies":"Gremlin Nob","floor":7,"turns":4},{"damage":0,"enemies":"Exordium Thugs","floor":8,"turns":2},{"damage":1,"enemies":"3 Sentries","floor":10,"turns":4},{"damage":2,"enemies":"Gremlin Gang","floor":11,"turns":2},{"damage":18,"enemies":"Gremlin Nob","floor":12,"turns":3},{"damage":30,"enemies":"Hexaghost","floor":16,"turns":6},{"damage":30,"enemies":"3 Byrds","floor":18,"turns":4},{"damage":0,"enemies":"Chosen","floor":22,"turns":3},{"damage":10,"enemies":"3 Cultists","floor":24,"turns":3},{"damage":10,"enemies":"Gremlin Leader","floor":25,"turns":5},{"damage":28,"enemies":"Slavers","floor":28,"turns":6},{"damage":8,"enemies":"Centurion and Healer","floor":29,"turns":3}],"seed_played":"386495050690820484","potions_obtained":[{"floor":1,"key":"Energy Potion"},{"floor":3,"key":"BottledMiracle"},{"floor":5,"key":"SpeedPotion"},{"floor":7,"key":"AttackPotion"},{"floor":8,"key":"BottledMiracle"},{"floor":16,"key":"Swift Potion"},{"floor":25,"key":"DistilledChaos"},{"floor":28,"key":"Energy Potion"}],"is_trial":false,"path_per_floor":["M","M","M","?","M","R","E","M","T","E","M","E","R","$","R","B",null,"M","?","?","T","M","R","M","E","T","$","E","M"],"character_chosen":"WATCHER","items_purchased":["Adaptation","Juzu Bracelet","Adaptation","Evaluate"],"campfire_rested":2,"item_purchase_floors":[14,14,27,27],"current_hp_per_floor":[72,71,64,72,59,59,41,41,41,40,38,20,20,20,41,11,72,42,26,26,26,26,47,37,27,27,42,14,6,6],"gold":158,"neow_bonus":"ONE_RANDOM_RARE_CARD","is_daily":false,"chose_seed":false,"campfire_upgraded":2,"win_rate":0.0,"timestamp":1613820306,"path_taken":["M","M","M","?","M","R","E","M","T","E","?","E","R","$","R","BOSS","M","?","?","?","M","R","M","E","T","$","E","M"],"items_purchased_type":["Card","Relic","Card","Card"],"build_version":"2020-12-22","purchased_purges":1,"victory":false,"max_hp_per_floor":[72,72,72,72,72,72,72,72,72,72,72,72,72,72,72,72,72,72,72,72,72,72,72,72,72,72,72,72,72,72],"card_choices":[{"not_picked":["Meditate","FollowUp"],"picked":"Consecrate","floor":1},{"not_picked":["JustLucky","WheelKick","Wallop"],"picked":"SKIP","floor":2},{"not_picked":["CrushJoints","SashWhip"],"picked":"FollowUp","floor":3},{"not_picked":["FlurryOfBlows","EmptyBody","SignatureMove"],"picked":"SKIP","floor":5},{"not_picked":["Weave","CrushJoints","BowlingBash"],"picked":"SKIP","floor":7},{"not_picked":["FollowUp","Perseverance","EmptyBody","SignatureMove"],"picked":"SKIP","floor":8},{"not_picked":["Protect","MasterReality","CarveReality"],"picked":"Vengeance","floor":10},{"not_picked":["Weave","Worship","Prostrate"],"picked":"ClearTheMind","floor":11},{"not_picked":["Weave","Sanctity","EmptyFist"],"picked":"Tantrum","floor":12},{"not_picked":["SpiritShield","Omniscience","Brilliance"],"picked":"Establishment","floor":16},{"not_picked":["FlyingSleeves","FlurryOfBlows","JustLucky+1"],"picked":"Crescendo+1","floor":18},{"not_picked":["WindmillStrike","Consecrate","WreathOfFlame","PathToVictory"],"picked":"SKIP","floor":22},{"not_picked":["SandsOfTime","Halt","Prostrate+1"],"picked":"FearNoEvil","floor":24},{"not_picked":["DevaForm","WaveOfTheHand","TalkToTheHand+1"],"picked":"FearNoEvil","floor":25},{"not_picked":["Vengeance+1","ReachHeaven","Worship"],"picked":"Crescendo","floor":28}],"player_experience":102629,"relics_obtained":[{"floor":7,"key":"Question Card"},{"floor":9,"key":"Lantern"},{"floor":10,"key":"Matryoshka"},{"floor":12,"key":"Nunchaku"},{"floor":19,"key":"Nilry\u0027s Codex"},{"floor":21,"key":"MealTicket"},{"floor":21,"key":"Letter Opener"},{"floor":25,"key":"Calipers"},{"floor":26,"key":"Potion Belt"},{"floor":26,"key":"Happy Flower"},{"floor":28,"key":"PreservedInsect"}],"event_choices":[{"damage_healed":8,"gold_gain":0,"player_choice":"Full Heal","damage_taken":0,"max_hp_gain":0,"max_hp_loss":0,"event_name":"Wheel of Change","floor":4,"gold_loss":0},{"damage_healed":0,"gold_gain":0,"player_choice":"Obtained Book","damage_taken":16,"max_hp_gain":0,"max_hp_loss":0,"event_name":"Cursed Tome","floor":19,"gold_loss":0},{"damage_healed":0,"gold_gain":0,"player_choice":"Ignored","damage_taken":0,"max_hp_gain":0,"max_hp_loss":0,"event_name":"Ghosts","floor":20,"gold_loss":0}],"is_beta":false,"boss_relics":[{"not_picked":["Runic Dome","Snecko Eye"],"picked":"SacredBark"}],"items_purged_floors":[14],"is_endless":false,"potions_floor_spawned":[1,3,5,7,8,16,18,25,28],"killed_by":"Centurion and Healer","ascension_level":2}}