{"host":"f5gffvlv6a66yqkd","time":1613798509,"event":{"mods":["2.2 Compatiblity","BaseMod","Colored Map","Custom Start","DeckTracker","Keyboard Shortcuts","Minty Spire (QoL Compilation)","Permanent Neow","Quick Restart","Relic Stats","StSLib","SuperFastMode"],"gold_per_floor":[110,121,121,135,60,94,105,105,128,128,128,128,138,148,148,221,221,231,244,259,45,45,45,78,78,78,95,95,115,134,84,84,161,161,179,26,43,43,59,59,59],"floor_reached":40,"language":"KOR","playtime":1117,"items_purged":["Strike_P","Defend_P"],"score":970,"play_id":"257b0350-865c-4c70-ab81-c67ddad1f987","local_time":"20210220142149","is_ascension_mode":true,"campfire_choices":[{"data":"Eruption","floor":8.0,"key":"SMITH"},{"data":"Wallop","floor":10.0,"key":"SMITH"},{"data":"MentalFortress","floor":15.0,"key":"SMITH"},{"data":"Adaptation","floor":23.0,"key":"SMITH"},{"data":"Vault","floor":25.0,"key":"SMITH"},{"floor":32.0,"key":"RECALL"}],"circlet_count":0,"master_deck":["AscendersBane","Strike_P+1","Defend_P","Defend_P+1","Defend_P","Vigilance+1","MentalFortress+1","FollowUp+1","Consecrate+1","Wallop+1","LessonLearned","SandsOfTime","FearNoEvil","Tantrum+1","MentalFortress+1","Adaptation+1","Adaptation+1","Vault+1","Dark Shackles"],"relics":["PureWater","Smiling Mask","Happy Flower","Strawberry","VioletLotus","DollysMirror","Pen Nib","Eternal Feather","Fusion Hammer"],"acts_visited":["Exordium","TheCity","TheBeyond"],"potions_floor_usage":[39],"damage_taken":[{"damage":0.0,"enemies":"Jaw Worm","floor":1.0,"turns":4.0},{"damage":0.0,"enemies":"2 Louse","floor":2.0,"turns":3.0},{"damage":0.0,"enemies":"Cultist","floor":4.0,"turns":2.0},{"damage":30.0,"enemies":"Lagavulin","floor":6.0,"turns":7.0},{"damage":5.0,"enemies":"Blue Slaver","floor":7.0,"turns":5.0},{"damage":8.0,"enemies":"Lots of Slimes","floor":13.0,"turns":4.0},{"damage":0.0,"enemies":"Large Slime","floor":14.0,"turns":5.0},{"damage":6.0,"enemies":"The Guardian","floor":16.0,"turns":8.0},{"damage":1.0,"enemies":"Chosen","floor":18.0,"turns":6.0},{"damage":20.0,"enemies":"Shell Parasite","floor":19.0,"turns":4.0},{"damage":8.0,"enemies":"Snake Plant","floor":20.0,"turns":4.0},{"damage":3.0,"enemies":"Gremlin Leader","floor":24.0,"turns":6.0},{"damage":14.0,"enemies":"Centurion and Healer","floor":27.0,"turns":4.0},{"damage":0.0,"enemies":"Chosen and Byrds","floor":29.0,"turns":3.0},{"damage":6.0,"enemies":"Snecko","floor":30.0,"turns":4.0},{"damage":0.0,"enemies":"Collector","floor":33.0,"turns":3.0},{"damage":12,"enemies":"3 Darklings","floor":35,"turns":4},{"damage":21,"enemies":"3 Shapes","floor":37,"turns":5},{"damage":0,"enemies":"Transient","floor":39,"turns":7},{"damage":42,"enemies":"Giant Head","floor":40,"turns":5}],"seed_played":"4410912707886832357","potions_obtained":[{"floor":1.0,"key":"LiquidMemories"},{"floor":4.0,"key":"Energy Potion"},{"floor":14.0,"key":"Regen Potion"},{"floor":16.0,"key":"Regen Potion"},{"floor":20.0,"key":"Ambrosia"},{"floor":24.0,"key":"Weak Potion"},{"floor":27.0,"key":"FearPotion"},{"floor":37,"key":"SkillPotion"}],"is_trial":false,"path_per_floor":["M","M","?","M","?","E","M","R","T","R","?","?","M","M","R","B",null,"M","M","M","$","?","R","E","R","T","M","?","M","M","$","R","B",null,"M","$","M","?","M","E"],"character_chosen":"WATCHER","items_purchased":["Adaptation","DollysMirror","Dark Shackles"],"campfire_rested":0,"item_purchase_floors":[21,21,36],"current_hp_per_floor":[61,61,61,61,61,31,26,26,26,26,26,22,14,14,14,23,62,61,53,45,45,45,45,42,42,42,28,28,28,22,22,34,34,65,53,53,32,32,32,0,0],"gold":59,"neow_bonus":"THREE_CARDS","is_daily":false,"chose_seed":false,"campfire_upgraded":5,"win_rate":0.0,"timestamp":1613798509,"path_taken":["M","M","?","M","?","E","M","R","T","R","?","?","M","?","R","BOSS","M","?","M","$","?","R","E","R","T","?","?","M","M","?","R","BOSS","M","$","M","?","M","E"],"items_purchased_type":["Card","Relic","Card"],"build_version":"2020-12-22","purchased_purges":2,"victory":false,"max_hp_per_floor":[68,68,68,68,68,68,68,68,68,68,68,75,75,75,75,75,75,75,75,75,75,75,75,75,75,75,75,75,75,75,75,75,75,75,75,75,75,75,75,75,75],"relic_stats":{"Happy Flower":[24],"counters":[20,93],"Eternal Feather":12,"VioletLotus":[24],"Pen Nib":[9],"Smiling Mask":75,"obtain_stats":[{"Happy Flower":9,"DollysMirror":21,"Strawberry":12,"Eternal Feather":26,"VioletLotus":17,"Pen Nib":24,"Fusion Hammer":34,"PureWater":0,"Smiling Mask":6},{"Happy Flower":5,"DollysMirror":11,"Strawberry":5,"Eternal Feather":12,"VioletLotus":8,"Pen Nib":12,"Fusion Hammer":16,"PureWater":0,"Smiling Mask":4},{"Happy Flower":21,"DollysMirror":52,"Strawberry":21,"Eternal Feather":58,"VioletLotus":38,"Pen Nib":58,"Fusion Hammer":72,"PureWater":0,"Smiling Mask":16}]},"card_choices":[{"not_picked":["WreathOfFlame","DeceiveReality"],"picked":"MentalFortress","floor":0.0},{"not_picked":["Halt","FollowUp","ReachHeaven"],"picked":"SKIP","floor":1.0},{"not_picked":["Halt","ReachHeaven"],"picked":"FollowUp","floor":1.0},{"not_picked":["Conclude","Prostrate"],"picked":"Consecrate","floor":2.0},{"not_picked":["FlurryOfBlows","EmptyFist"],"picked":"Wallop","floor":4.0},{"not_picked":["FlyingSleeves","EmptyFist"],"picked":"LessonLearned","floor":6.0},{"not_picked":["CrushJoints","Indignation","Pray"],"picked":"SKIP","floor":7.0},{"not_picked":["Halt","ClearTheMind"],"picked":"SandsOfTime","floor":13.0},{"not_picked":["FlyingSleeves","TalkToTheHand"],"picked":"FearNoEvil","floor":14.0},{"not_picked":["ReachHeaven","TalkToTheHand+1"],"picked":"Tantrum","floor":18.0},{"not_picked":["EmptyFist+1","FlyingSleeves+1"],"picked":"MentalFortress+1","floor":19.0},{"not_picked":["FlurryOfBlows","Blasphemy","Swivel+1"],"picked":"SKIP","floor":20.0},{"not_picked":["Tantrum","Fasting2"],"picked":"Vault","floor":24.0},{"not_picked":["Evaluate","Halt","Protect"],"picked":"SKIP","floor":27.0},{"not_picked":["EmptyFist","EmptyBody","Evaluate"],"picked":"SKIP","floor":29.0},{"not_picked":["EmptyBody","Protect","CrushJoints"],"picked":"SKIP","floor":30.0},{"not_picked":["Halt","ThirdEye","BowlingBash"],"picked":"SKIP","floor":35},{"not_picked":["Consecrate","WaveOfTheHand","SashWhip"],"picked":"SKIP","floor":37},{"not_picked":["Conclude","TalkToTheHand","FollowUp"],"picked":"SKIP","floor":39}],"player_experience":1528762,"relics_obtained":[{"floor":6.0,"key":"Smiling Mask"},{"floor":9.0,"key":"Happy Flower"},{"floor":24.0,"key":"Pen Nib"},{"floor":26.0,"key":"Eternal Feather"}],"event_choices":[{"damage_healed":0.0,"max_hp_gain":0.0,"max_hp_loss":0.0,"gold_gain":0.0,"event_name":"Liars Game","player_choice":"Ignored","floor":3.0,"gold_loss":0.0,"damage_taken":0.0},{"cards_removed":["Strike_P"],"damage_healed":0.0,"max_hp_gain":0.0,"max_hp_loss":0.0,"gold_gain":0.0,"event_name":"The Cleric","player_choice":"Card Removal","floor":5.0,"gold_loss":75.0,"damage_taken":0.0},{"cards_removed":["Strike_P"],"damage_healed":0.0,"max_hp_gain":0.0,"max_hp_loss":0.0,"gold_gain":0.0,"event_name":"Living Wall","player_choice":"Forget","floor":11.0,"gold_loss":0.0,"damage_taken":0.0},{"damage_healed":0.0,"max_hp_gain":0.0,"max_hp_loss":0.0,"gold_gain":0.0,"event_name":"Scrap Ooze","player_choice":"Success","floor":12.0,"gold_loss":0.0,"damage_taken":11.0,"relics_obtained":["Strawberry"]},{"damage_healed":0.0,"max_hp_gain":0.0,"max_hp_loss":0.0,"gold_gain":0.0,"event_name":"Accursed Blacksmith","player_choice":"Forge","floor":22.0,"gold_loss":0.0,"damage_taken":0.0,"cards_upgraded":["Adaptation"]},{"damage_healed":0.0,"max_hp_gain":0.0,"max_hp_loss":0.0,"gold_gain":0.0,"event_name":"Cursed Tome","player_choice":"Ignored","floor":28.0,"gold_loss":0.0,"damage_taken":0.0},{"cards_removed":["Eruption"],"damage_healed":0,"gold_gain":0,"player_choice":"Removed Attack","damage_taken":0,"max_hp_gain":0,"max_hp_loss":0,"event_name":"Falling","floor":38,"gold_loss":0}],"is_beta":false,"boss_relics":[{"not_picked":["Runic Pyramid","Tiny House"],"picked":"VioletLotus"},{"not_picked":["Sozu","HolyWater"],"picked":"Fusion Hammer"}],"items_purged_floors":[31,36],"is_endless":false,"potions_floor_spawned":[1,4,14,16,18,20,24,27,37],"killed_by":"Giant Head","ascension_level":20}}