{"host":"eoyiepan94o8zmpo","time":1613852534,"event":{"mods":["2.2 Compatiblity","BaseMod","Dark Map","Highlight Path","Minty Spire (QoL Compilation)","Quick Restart"],"gold_per_floor":[114,114,114,114,130,160,160,176,199,233,251,264,264,364,364,462,462,477,488,507,606,243,271,271,305,305,322,322,349,364,382,382,382,382],"floor_reached":33,"language":"ENG","playtime":1124,"items_purged":[],"score":333,"play_id":"dcc8a9da-8d99-43e4-bfd2-557867fc4ef0","local_time":"20210220212214","is_ascension_mode":true,"campfire_choices":[{"floor":7,"key":"REST"},{"data":"Choke","floor":13,"key":"SMITH"},{"floor":15,"key":"REST"},{"data":"Choke","floor":28,"key":"SMITH"},{"data":"Storm of Steel","floor":32,"key":"SMITH"}],"circlet_count":0,"master_deck":["Strike_G","Strike_G+1","Strike_G","Strike_G","Defend_G","Defend_G","Defend_G","Defend_G","Defend_G","Survivor","Neutralize+1","Poisoned Stab","Choke+1","Blade Dance","Accuracy","Backstab","Cloak And Dagger","Choke+1","Storm of Steel+1","Slice","Cloak And Dagger","Terror","Secret Weapon","Accuracy","Slice+1","Leg Sweep","Backflip","Slice+1","Heel Hook"],"relics":["Ring of the Snake","Calipers","Whetstone","Smiling Mask","Meat on the Bone","SlaversCollar","Bag of Preparation","Lizard Tail","Letter Opener","Frozen Egg 2","Strawberry"],"acts_visited":["Exordium","TheCity"],"potions_floor_usage":[6,10,16,23,23,25],"damage_taken":[{"damage":2,"enemies":"Jaw Worm","floor":1,"turns":4},{"damage":2,"enemies":"Small Slimes","floor":5,"turns":4},{"damage":32,"enemies":"Gremlin Nob","floor":6,"turns":5},{"damage":0,"enemies":"Cultist","floor":8,"turns":2},{"damage":16,"enemies":"Lagavulin","floor":10,"turns":5},{"damage":4,"enemies":"2 Fungi Beasts","floor":11,"turns":3},{"damage":11,"enemies":"Gremlin Gang","floor":12,"turns":4},{"damage":16,"enemies":"Slime Boss","floor":16,"turns":7},{"damage":14,"enemies":"2 Thieves","floor":18,"turns":3},{"damage":18,"enemies":"Spheric Guardian","floor":19,"turns":4},{"damage":10,"enemies":"Cultist and Chosen","floor":20,"turns":5},{"damage":2,"enemies":"Slavers","floor":23,"turns":4},{"damage":9,"enemies":"Gremlin Leader","floor":25,"turns":2},{"damage":7,"enemies":"Snake Plant","floor":27,"turns":3},{"damage":25,"enemies":"Book of Stabbing","floor":29,"turns":5},{"damage":41,"enemies":"Centurion and Healer","floor":30,"turns":7},{"damage":2,"enemies":"Snecko","floor":31,"turns":5},{"damage":66,"enemies":"Champ","floor":33,"turns":6}],"seed_played":"-5133259587518347075","potions_obtained":[{"floor":5,"key":"DistilledChaos"},{"floor":6,"key":"Ancient Potion"},{"floor":10,"key":"AttackPotion"},{"floor":19,"key":"LiquidMemories"},{"floor":20,"key":"EssenceOfSteel"},{"floor":23,"key":"Energy Potion"},{"floor":31,"key":"SneckoOil"}],"is_trial":false,"path_per_floor":["M","?","?","?","M","E","R","M","T","E","M","M","R","?","R","B",null,"M","M","M","?","$","E","?","E","T","M","R","E","M","M","R","B"],"character_chosen":"THE_SILENT","items_purchased":["Secret Weapon","Accuracy","Bag of Preparation"],"campfire_rested":2,"item_purchase_floors":[22,22,22],"current_hp_per_floor":[47,47,52,52,50,18,40,40,40,24,32,33,33,33,55,39,75,61,43,45,45,45,43,43,46,46,39,39,33,47,45,45,0,0],"gold":382,"neow_bonus":"ONE_RARE_RELIC","is_daily":false,"chose_seed":false,"campfire_upgraded":3,"win_rate":0.0,"timestamp":1613852534,"path_taken":["M","?","?","?","M","E","R","?","T","E","M","M","R","?","R","BOSS","M","?","?","?","$","E","?","E","T","?","R","E","M","M","R","BOSS"],"items_purchased_type":["Card","Card","Relic"],"build_version":"2020-12-22","purchased_purges":0,"victory":false,"max_hp_per_floor":[70,70,75,75,75,75,75,75,75,75,75,75,75,75,75,75,75,75,75,75,75,75,75,75,75,75,75,75,82,82,82,82,82,82],"card_choices":[{"not_picked":["Dodge and Roll","Calculated Gamble"],"picked":"Poisoned Stab","floor":1},{"not_picked":["Cloak And Dagger","Backflip"],"picked":"Choke","floor":5},{"not_picked":["Outmaneuver","Dagger Throw"],"picked":"Blade Dance","floor":6},{"not_picked":["Backflip","Dagger Spray"],"picked":"Accuracy","floor":8},{"not_picked":["Backflip","Dagger Spray"],"picked":"Backstab","floor":10},{"not_picked":["Burst","Choke"],"picked":"Cloak And Dagger","floor":11},{"not_picked":["Dodge and Roll","Deadly Poison"],"picked":"Choke","floor":12},{"not_picked":["Corpse Explosion","Malaise"],"picked":"Storm of Steel","floor":16},{"not_picked":["Catalyst","Dagger Throw"],"picked":"Slice","floor":18},{"not_picked":["Deadly Poison+1","Sucker Punch+1"],"picked":"Cloak And Dagger","floor":19},{"not_picked":["Concentrate","Blur"],"picked":"Terror","floor":20},{"not_picked":["Well Laid Plans","Venomology"],"picked":"Sucker Punch","floor":23},{"not_picked":["Dash","Well Laid Plans"],"picked":"Slice+1","floor":25},{"not_picked":["Acrobatics+1","PiercingWail+1"],"picked":"Leg Sweep","floor":27},{"not_picked":["Riddle With Holes","Night Terror"],"picked":"Backflip","floor":29},{"not_picked":["Concentrate+1","Flying Knee+1"],"picked":"Slice+1","floor":30},{"not_picked":["Dagger Throw","Choke"],"picked":"Heel Hook","floor":31}],"player_experience":291841,"relics_obtained":[{"floor":6,"key":"Whetstone"},{"floor":9,"key":"Smiling Mask"},{"floor":10,"key":"Meat on the Bone"},{"floor":23,"key":"Lizard Tail"},{"floor":25,"key":"Letter Opener"},{"floor":26,"key":"Frozen Egg 2"},{"floor":29,"key":"Strawberry"}],"event_choices":[{"damage_healed":0,"gold_gain":0,"player_choice":"Ignored","damage_taken":0,"max_hp_gain":0,"max_hp_loss":0,"event_name":"Golden Wing","floor":2,"gold_loss":0},{"damage_healed":0,"gold_gain":0,"player_choice":"Donut","damage_taken":0,"max_hp_gain":5,"max_hp_loss":0,"event_name":"Big Fish","floor":3,"gold_loss":0},{"cards_removed":["Strike_G"],"damage_healed":0,"gold_gain":0,"player_choice":"Offered Basic","damage_taken":0,"max_hp_gain":0,"max_hp_loss":0,"event_name":"Bonfire Elementals","floor":4,"gold_loss":0},{"damage_healed":0,"gold_gain":100,"player_choice":"Pray","damage_taken":0,"max_hp_gain":0,"max_hp_loss":0,"event_name":"Golden Shrine","floor":14,"gold_loss":0},{"damage_healed":0,"gold_gain":99,"player_choice":"Stole From Cult","damage_taken":0,"max_hp_gain":0,"max_hp_loss":0,"event_name":"Nest","floor":21,"gold_loss":0},{"cards_removed":["Sucker Punch"],"damage_healed":0,"gold_gain":0,"player_choice":"Card Removal","damage_taken":0,"max_hp_gain":0,"max_hp_loss":0,"event_name":"Wheel of Change","floor":24,"gold_loss":0}],"is_beta":false,"boss_relics":[{"not_picked":["Fusion Hammer","Astrolabe"],"picked":"SlaversCollar"}],"items_purged_floors":[],"is_endless":false,"potions_floor_spawned":[5,6,10,19,20,23,31],"killed_by":"Champ","ascension_level":1}}