{"host":"ju1b3c4x8n2jtjm7","time":1613828814,"event":{"mods":["AchievementEnabler","BaseMod","Colored Map","Colored Powertips","DeckTracker","Highlight Path","Minty Spire (QoL Compilation)","Quick Restart","Rare Cards Sparkle","Relic Stats"],"gold_per_floor":[115,129,143,143,20,61,61,61,137,172,172,203,223,250,250,373,373,398,423,464,464,479,479,500,543,543,543,57,78,78,117,117,242,242,260,279,64,64,127,127,167,167,237,298,317,317,358,381,381,381,381,381,22,65,65,65],"floor_reached":55,"language":"ENG","playtime":4994,"items_purged":["Strike_R","Bite","Defend_R"],"score":1157,"play_id":"242bbc95-fbba-4a68-ba0a-e79a8ad42764","local_time":"20210220144654","is_ascension_mode":true,"campfire_choices":[{"data":"Metamorphosis","floor":7.0,"key":"SMITH"},{"data":"Shockwave","floor":15.0,"key":"SMITH"},{"data":"Spot Weakness","floor":23.0,"key":"SMITH"},{"data":"Burning Pact","floor":32.0,"key":"SMITH"},{"data":"Apotheosis","floor":40.0,"key":"SMITH"},{"floor":42.0,"key":"RECALL"},{"data":"Offering","floor":49.0,"key":"SMITH"},{"data":"Feel No Pain","floor":52.0,"key":"SMITH"}],"circlet_count":0,"master_deck":["Defend_R","Defend_R","Bash","Metamorphosis+1","Spot Weakness+1","Headbutt+1","Reaper","Shockwave+1","Burning Pact+1","Shrug It Off","Offering+1","Sword Boomerang+1","Bloodletting","Second Wind","Bite","Bite","Bite+1","Finesse","Sentinel+1","Brutality","Reaper","Feel No Pain+1","Apotheosis+1","Dark Shackles","Dark Embrace","Disarm+1","Dark Embrace","Shrug It Off+1"],"relics":["Burning Blood","Golden Idol","Lizard Tail","Centennial Puzzle","Oddly Smooth Stone","Coffee Dripper","Red Mask","Du-Vu Doll","Regal Pillow","Whetstone","Sling","Strawberry","Empty Cage","Strange Spoon","Mango","PreservedInsect","StrikeDummy","Charon\u0027s Ashes","Omamori","Bag of Preparation","Sundial"],"acts_visited":["Exordium","TheCity","TheBeyond","TheEnding"],"potions_floor_usage":[],"damage_taken":[{"damage":0.0,"enemies":"2 Louse","floor":1.0,"turns":2.0},{"damage":1.0,"enemies":"Small Slimes","floor":2.0,"turns":4.0},{"damage":7.0,"enemies":"Jaw Worm","floor":3.0,"turns":4.0},{"damage":35.0,"enemies":"Lagavulin","floor":6.0,"turns":5.0},{"damage":35.0,"enemies":"Gremlin Nob","floor":10.0,"turns":4.0},{"damage":5.0,"enemies":"Lagavulin","floor":12.0,"turns":4.0},{"damage":17.0,"enemies":"Looter","floor":13.0,"turns":3.0},{"damage":36.0,"enemies":"The Guardian","floor":16.0,"turns":9.0},{"damage":20.0,"enemies":"Shell Parasite","floor":18.0,"turns":5.0},{"damage":6.0,"enemies":"3 Byrds","floor":19.0,"turns":3.0},{"damage":22.0,"enemies":"Masked Bandits","floor":20.0,"turns":3.0},{"damage":30.0,"enemies":"Snecko","floor":22.0,"turns":5.0},{"damage":12.0,"enemies":"3 Cultists","floor":24.0,"turns":3.0},{"damage":19.0,"enemies":"Book of Stabbing","floor":25.0,"turns":3.0},{"damage":28.0,"enemies":"Cultist and Chosen","floor":29.0,"turns":6.0},{"damage":28.0,"enemies":"Gremlin Leader","floor":31.0,"turns":4.0},{"damage":36.0,"enemies":"Champ","floor":33.0,"turns":4.0},{"damage":18.0,"enemies":"Orb Walker","floor":35.0,"turns":3.0},{"damage":12.0,"enemies":"3 Darklings","floor":36.0,"turns":3.0},{"damage":33.0,"enemies":"Mind Bloom Boss Battle","floor":39.0,"turns":7.0},{"damage":15.0,"enemies":"Giant Head","floor":41.0,"turns":5.0},{"damage":56.0,"enemies":"2 Orb Walkers","floor":44.0,"turns":5.0},{"damage":20.0,"enemies":"Writhing Mass","floor":45.0,"turns":4.0},{"damage":13.0,"enemies":"Reptomancer","floor":47.0,"turns":3.0},{"damage":15.0,"enemies":"Transient","floor":48.0,"turns":5.0},{"damage":59.0,"enemies":"Donu and Deca","floor":50.0,"turns":5.0},{"damage":22.0,"enemies":"Shield and Spear","floor":54.0,"turns":3.0},{"damage":71,"enemies":"The Heart","floor":55,"turns":3}],"seed_played":"8492655809970780389","potions_obtained":[{"floor":1.0,"key":"LiquidMemories"},{"floor":13.0,"key":"Energy Potion"},{"floor":16.0,"key":"EssenceOfSteel"},{"floor":19.0,"key":"FearPotion"},{"floor":21.0,"key":"GamblersBrew"},{"floor":21.0,"key":"Swift Potion"},{"floor":21.0,"key":"PowerPotion"},{"floor":24.0,"key":"LiquidMemories"},{"floor":29.0,"key":"GamblersBrew"},{"floor":33.0,"key":"DistilledChaos"},{"floor":36.0,"key":"LiquidMemories"},{"floor":39.0,"key":"FearPotion"},{"floor":47.0,"key":"DistilledChaos"},{"floor":54.0,"key":"Block Potion"}],"is_trial":false,"path_per_floor":["M","M","M","?","$","E","R","$","T","E","?","E","M","T","R","B",null,"M","M","?","?","M","R","M","E","T","?","$","M","?","E","R","B",null,"M","M","$","?","?","R","E","R","T","?","M","?","E","M","R","B",null,"R","$","E","B"],"character_chosen":"IRONCLAD","items_purchased":["Swift Potion","Whetstone","Sling","Finesse","Strange Spoon","Feel No Pain","Bag of Preparation","Dark Embrace","SkillPotion"],"campfire_rested":0,"item_purchase_floors":[5,28,28,28,37,37,53,53,53],"current_hp_per_floor":[72,72,71,67,67,38,38,38,38,11,33,40,31,31,31,18,55,55,67,51,51,39,39,67,66,66,66,66,59,47,54,54,39,69,65,79,79,69,88,88,91,91,91,90,85,85,93,93,93,55,84,84,84,93,26,26],"gold":65,"neow_bonus":"RANDOM_COLORLESS_2","is_daily":false,"chose_seed":false,"campfire_upgraded":7,"win_rate":0.0,"timestamp":1613828814,"path_taken":["M","M","M","?","$","E","R","$","T","E","?","E","M","?","R","BOSS","M","M","?","?","?","R","M","E","T","?","$","M","?","E","R","BOSS","M","M","$","?","?","R","E","R","T","?","M","?","E","M","R","BOSS","R","$","E","BOSS"],"items_purchased_type":["Potion","Relic","Relic","Card","Relic","Card","Relic","Card","Potion"],"build_version":"2020-12-22","purchased_purges":3,"victory":false,"max_hp_per_floor":[72,72,72,67,67,67,67,67,67,67,67,67,67,67,67,67,67,67,67,67,67,67,67,67,67,67,67,67,67,72,79,79,79,79,79,79,79,79,93,93,93,93,93,93,93,93,93,93,93,93,93,93,93,93,93,93],"relic_stats":{"Regal Pillow":0,"counters":[28,117],"Golden Idol":214,"PreservedInsect":137,"Charon\u0027s Ashes":[245],"Bag of Preparation":[4],"Whetstone":["Bite","Headbutt"],"Burning Blood":122,"Strange Spoon":[32],"Lizard Tail":0,"Centennial Puzzle":[66],"Sundial":[0],"obtain_stats":[{"Regal Pillow":26,"Golden Idol":4,"Oddly Smooth Stone":14,"Mango":39,"PreservedInsect":41,"Charon\u0027s Ashes":44,"Omamori":47,"Bag of Preparation":53,"Whetstone":28,"Sling":28,"Empty Cage":34,"Burning Blood":0,"Blood Vial":6,"Du-Vu Doll":25,"Strange Spoon":37,"Lizard Tail":10,"Centennial Puzzle":12,"Sundial":54,"Strawberry":31,"Coffee Dripper":17,"Red Mask":20,"StrikeDummy":43},{"Regal Pillow":14,"Golden Idol":3,"Oddly Smooth Stone":7,"Mango":20,"PreservedInsect":21,"Charon\u0027s Ashes":22,"Omamori":24,"Bag of Preparation":26,"Whetstone":14,"Sling":14,"Empty Cage":17,"Burning Blood":0,"Blood Vial":4,"Du-Vu Doll":14,"Strange Spoon":19,"Lizard Tail":5,"Centennial Puzzle":6,"Sundial":27,"Strawberry":16,"Coffee Dripper":8,"Red Mask":11,"StrikeDummy":21},{"Regal Pillow":57,"Golden Idol":10,"Oddly Smooth Stone":26,"Mango":84,"PreservedInsect":89,"Charon\u0027s Ashes":94,"Omamori":101,"Bag of Preparation":111,"Whetstone":57,"Sling":57,"Empty Cage":71,"Burning Blood":0,"Blood Vial":15,"Du-Vu Doll":57,"Strange Spoon":77,"Lizard Tail":19,"Centennial Puzzle":23,"Sundial":114,"Strawberry":67,"Coffee Dripper":35,"Red Mask":46,"StrikeDummy":89}]},"card_choices":[{"not_picked":["Apotheosis","The Bomb"],"picked":"Metamorphosis","floor":0.0},{"not_picked":["Body Slam","Entrench"],"picked":"Spot Weakness","floor":1.0},{"not_picked":["Anger","Perfected Strike"],"picked":"Headbutt","floor":2.0},{"not_picked":["Rampage","Rupture","Twin Strike"],"picked":"SKIP","floor":3.0},{"not_picked":["Heavy Blade","Havoc"],"picked":"Reaper","floor":6.0},{"not_picked":["Reckless Charge","Dark Embrace"],"picked":"Shockwave","floor":10.0},{"not_picked":["Blood for Blood","Rampage"],"picked":"Burning Pact","floor":12.0},{"not_picked":["Havoc","True Grit"],"picked":"Shrug It Off","floor":13.0},{"not_picked":["Corruption","Reaper"],"picked":"Offering","floor":16.0},{"not_picked":["Twin Strike","Perfected Strike+1"],"picked":"Sword Boomerang+1","floor":18.0},{"not_picked":["Uppercut","Headbutt+1"],"picked":"Bloodletting","floor":19.0},{"not_picked":["Blood for Blood","Pommel Strike","Rage"],"picked":"SKIP","floor":22.0},{"not_picked":["Infernal Blade","Pommel Strike+1"],"picked":"Second Wind","floor":24.0},{"not_picked":["True Grit","Body Slam","Ghostly Armor"],"picked":"SKIP","floor":25.0},{"not_picked":["Flex","Cleave+1"],"picked":"Sentinel+1","floor":29.0},{"not_picked":["Wild Strike+1","True Grit"],"picked":"Brutality","floor":31.0},{"not_picked":["Double Tap","Immolate"],"picked":"Reaper","floor":33.0},{"not_picked":["Flex","Body Slam","Bloodletting+1"],"picked":"SKIP","floor":35.0},{"not_picked":["Sever Soul","Anger"],"picked":"Heavy Blade+1","floor":36.0},{"not_picked":["Finesse","Discovery"],"picked":"Apotheosis","floor":38.0},{"not_picked":["Trip","Deep Breath"],"picked":"Dark Shackles","floor":38.0},{"not_picked":["Iron Wave+1","Armaments"],"picked":"Dark Embrace","floor":39.0},{"not_picked":["Iron Wave+1","Headbutt","Sword Boomerang"],"picked":"SKIP","floor":41.0},{"not_picked":["True Grit","Heavy Blade+1","Reckless Charge"],"picked":"SKIP","floor":45.0},{"not_picked":["Sword Boomerang+1","Juggernaut","Uppercut+1"],"picked":"SKIP","floor":47.0},{"not_picked":["Anger","Body Slam+1"],"picked":"Disarm+1","floor":48.0},{"not_picked":["Armaments","Body Slam"],"picked":"Shrug It Off+1","floor":54.0}],"player_experience":420241,"relics_obtained":[{"floor":6.0,"key":"Blood Vial"},{"floor":10.0,"key":"Lizard Tail"},{"floor":12.0,"key":"Centennial Puzzle"},{"floor":14.0,"key":"Oddly Smooth Stone"},{"floor":20.0,"key":"Red Mask"},{"floor":25.0,"key":"Du-Vu Doll"},{"floor":26.0,"key":"Regal Pillow"},{"floor":31.0,"key":"Strawberry"},{"floor":39.0,"key":"Mango"},{"floor":41.0,"key":"PreservedInsect"},{"floor":43.0,"key":"StrikeDummy"},{"floor":44.0,"key":"Charon\u0027s Ashes"},{"floor":47.0,"key":"Omamori"},{"floor":54.0,"key":"Sundial"}],"event_choices":[{"damage_healed":0.0,"max_hp_gain":0.0,"max_hp_loss":5.0,"gold_gain":0.0,"event_name":"Golden Idol","player_choice":"Lose Max HP","floor":4.0,"gold_loss":0.0,"damage_taken":0.0,"relics_obtained":["Golden Idol"]},{"damage_healed":22.0,"max_hp_gain":0.0,"max_hp_loss":0.0,"gold_gain":0.0,"event_name":"Big Fish","player_choice":"Banana","floor":11.0,"gold_loss":0.0,"damage_taken":0.0},{"damage_healed":0.0,"max_hp_gain":0.0,"max_hp_loss":0.0,"gold_gain":0.0,"event_name":"Masked Bandits","player_choice":"Fought Bandits","floor":20.0,"gold_loss":0.0,"damage_taken":0.0},{"damage_healed":0.0,"max_hp_gain":0.0,"max_hp_loss":0.0,"gold_gain":0.0,"event_name":"Lab","player_choice":"Got Potions","floor":21.0,"gold_loss":0.0,"damage_taken":0.0},{"damage_healed":0.0,"max_hp_gain":0.0,"max_hp_loss":0.0,"gold_gain":0.0,"event_name":"Vampires","player_choice":"Became a vampire (Vial)","floor":27.0,"relics_lost":["Blood Vial"],"gold_loss":0.0,"damage_taken":0.0,"cards_obtained":["Bite","Bite","Bite","Bite","Bite"]},{"damage_healed":0.0,"max_hp_gain":5.0,"max_hp_loss":0.0,"gold_gain":0.0,"event_name":"Forgotten Altar","player_choice":"Shed Blood","floor":30.0,"gold_loss":0.0,"damage_taken":17.0},{"damage_healed":0.0,"max_hp_gain":0.0,"max_hp_loss":0.0,"gold_gain":0.0,"event_name":"SensoryStone","player_choice":"Memory 3","floor":38.0,"gold_loss":0.0,"damage_taken":10.0},{"damage_healed":0.0,"max_hp_gain":0.0,"max_hp_loss":0.0,"gold_gain":0.0,"event_name":"MindBloom","player_choice":"Fight","floor":39.0,"gold_loss":0.0,"damage_taken":0.0},{"damage_healed":0.0,"max_hp_gain":0.0,"max_hp_loss":0.0,"gold_gain":0.0,"event_name":"Mysterious Sphere","player_choice":"Fight","floor":44.0,"gold_loss":0.0,"damage_taken":0.0},{"cards_removed":["Heavy Blade"],"damage_healed":0.0,"max_hp_gain":0.0,"max_hp_loss":0.0,"gold_gain":0.0,"event_name":"Falling","player_choice":"Removed Attack","floor":46.0,"gold_loss":0.0,"damage_taken":0.0}],"is_beta":false,"boss_relics":[{"not_picked":["Pandora\u0027s Box","Cursed Key"],"picked":"Coffee Dripper"},{"not_picked":["Runic Dome","Mark of Pain"],"picked":"Empty Cage"}],"items_purged_floors":[5,28,53],"is_endless":false,"potions_floor_spawned":[1,13,16,19,24,25,29,33,36,39,47,54],"killed_by":"The Heart","ascension_level":9}}