{"host":"4epvxsx6d4oxmc67","time":1613843195,"event":{"mods":["AchievementEnabler","BaseMod","Colored Map","Highlight Path","Minty Spire (QoL Compilation)"],"gold_per_floor":[110,130,130,230,249,249,275,275,302,321,335,9,9,9,9,105,105,121,121,61,61],"floor_reached":20,"language":"ENG","playtime":635,"items_purged":[],"score":206,"play_id":"88d57986-f5f9-4a1e-8e52-088b9a21558a","local_time":"20210220174635","is_ascension_mode":true,"campfire_choices":[{"data":"Bouncing Flask","floor":6.0,"key":"SMITH"},{"floor":8.0,"key":"REST"},{"floor":13.0,"key":"REST"},{"data":"Terror","floor":15.0,"key":"SMITH"}],"circlet_count":0,"master_deck":["Strike_G","Strike_G","Defend_G","Defend_G","Defend_G","Defend_G","Defend_G","Survivor","Neutralize","Bouncing Flask+1","PiercingWail","Bane","Footwork","Terror+1","Footwork","Noxious Fumes","Envenom","Catalyst+1","Tactician+1","Dagger Spray+1","Caltrops"],"relics":["Ring of the Snake","Snake Skull","Bag of Preparation","Blood Vial","Shuriken","Astrolabe"],"acts_visited":["Exordium","TheCity"],"potions_floor_usage":[20],"damage_taken":[{"damage":2.0,"enemies":"2 Louse","floor":1.0,"turns":4.0},{"damage":4.0,"enemies":"Jaw Worm","floor":2.0,"turns":3.0},{"damage":0.0,"enemies":"Cultist","floor":5.0,"turns":3.0},{"damage":25.0,"enemies":"Lagavulin","floor":7.0,"turns":5.0},{"damage":5.0,"enemies":"3 Louse","floor":10.0,"turns":4.0},{"damage":6.0,"enemies":"Blue Slaver","floor":11.0,"turns":3.0},{"damage":32,"enemies":"The Guardian","floor":16,"turns":10},{"damage":0,"enemies":"Chosen","floor":18,"turns":5},{"damage":26,"enemies":"2 Thieves","floor":20,"turns":3}],"seed_played":"4891842095397385479","potions_obtained":[{"floor":2.0,"key":"Explosive Potion"},{"floor":5.0,"key":"AttackPotion"},{"floor":16,"key":"Energy Potion"},{"floor":18,"key":"Dexterity Potion"}],"is_trial":false,"path_per_floor":["M","M","?","?","M","R","E","R","T","M","M","$","R","$","R","B",null,"M","?","M"],"character_chosen":"THE_SILENT","items_purchased":["Noxious Fumes","Shuriken"],"campfire_rested":2,"item_purchase_floors":[12,12],"current_hp_per_floor":[68,64,39,39,39,39,14,35,35,32,28,28,49,49,49,19,70,70,70,44,44],"gold":61,"neow_bonus":"TRANSFORM_CARD","is_daily":false,"chose_seed":false,"campfire_upgraded":2,"win_rate":0.0,"timestamp":1613843195,"path_taken":["M","M","?","?","M","R","E","R","T","M","M","$","R","$","R","BOSS","M","?","M"],"items_purchased_type":["Card","Relic"],"build_version":"2020-12-22","purchased_purges":0,"victory":false,"max_hp_per_floor":[70,70,70,70,70,70,70,70,70,70,70,70,70,70,70,70,70,70,70,70,70],"card_choices":[{"not_picked":["Blade Dance","Backstab"],"picked":"Bouncing Flask","floor":1.0},{"not_picked":["Eviscerate","Cloak And Dagger"],"picked":"PiercingWail","floor":2.0},{"not_picked":["Riddle With Holes","Poisoned Stab"],"picked":"Bane","floor":5.0},{"not_picked":["Dagger Throw","Backstab"],"picked":"Footwork","floor":7.0},{"not_picked":["Riddle With Holes","Well Laid Plans"],"picked":"Terror","floor":10.0},{"not_picked":["Dodge and Roll","Deadly Poison"],"picked":"Footwork","floor":11.0},{"not_picked":["Storm of Steel","After Image"],"picked":"Envenom","floor":16},{"not_picked":["Calculated Gamble","Cloak And Dagger"],"picked":"Caltrops","floor":18}],"player_experience":151152,"relics_obtained":[{"floor":7.0,"key":"Bag of Preparation"},{"floor":9.0,"key":"Blood Vial"}],"event_choices":[{"damage_healed":0.0,"max_hp_gain":0.0,"max_hp_loss":0.0,"gold_gain":0.0,"event_name":"Scrap Ooze","player_choice":"Success","floor":3.0,"gold_loss":0.0,"damage_taken":25.0,"relics_obtained":["Snake Skull"]},{"damage_healed":0.0,"max_hp_gain":0.0,"max_hp_loss":0.0,"gold_gain":100.0,"event_name":"Wheel of Change","player_choice":"Gold","floor":4.0,"gold_loss":0.0,"damage_taken":0.0},{"damage_healed":0,"gold_gain":0,"player_choice":"Ignored","damage_taken":0,"max_hp_gain":0,"max_hp_loss":0,"event_name":"Vampires","floor":19,"gold_loss":0}],"is_beta":false,"boss_relics":[{"not_picked":["SacredBark","Philosopher\u0027s Stone"],"picked":"Astrolabe"}],"items_purged_floors":[],"is_endless":false,"potions_floor_spawned":[2,5,16,18],"killed_by":"2 Thieves","ascension_level":4}}