{"host":"kxya7qjdvg38mg2t","time":1613825185,"event":{"mods":["AchievementEnabler","BaseMod","Colored Powertips","Highlight Path","Minty Spire (QoL Compilation)","Rare Cards Sparkle","Replay The Spire","StSLib"],"gold_per_floor":[116,116,132,132,9,36,36,54,54,85,2,2,16,47,59,174,186,138,168,180,204,216,216],"floor_reached":22,"language":"ENG","playtime":7077,"items_purged":[],"score":250,"play_id":"a1956c75-4434-40c4-a8ec-cf83d2338ce6","local_time":"20210220044625","is_ascension_mode":true,"campfire_choices":[{"data":"Dark Embrace","floor":7,"key":"SMITH"},{"floor":15,"key":"REST"}],"circlet_count":0,"master_deck":["Strike_R","Strike_R","Strike_R","Strike_R","Strike_R","Defend_R+1","Defend_R","Defend_R+1","Defend_R","Body Slam","Dark Embrace+1","Metallicize","Armaments","Fire Breathing","Sword Boomerang","Defy Death","ReplayTheSpireMod:Muscle Training","Shrug It Off","True Grit","Havoc","Infernal Blade","Hemogenesis","Bloodletting","Defy Death","Burning Pact+1"],"relics":["Burning Blood","NeowsBlessing","Mirror","Eternal Feather","Dream Catcher","Toy Ornithopter","MawBank","Cursed Key"],"acts_visited":["Exordium","TheCity"],"potions_floor_usage":[10,13,16],"damage_taken":[{"damage":0,"enemies":"Jaw Worm","floor":1,"turns":1},{"damage":0,"enemies":"2 Louse","floor":3,"turns":1},{"damage":0,"enemies":"Replay:BlueRogue","floor":6,"turns":1},{"damage":2,"enemies":"Cultist","floor":8,"turns":5},{"damage":7,"enemies":"3 Sentries","floor":10,"turns":5},{"damage":9,"enemies":"Looter","floor":13,"turns":2},{"damage":39,"enemies":"Lagavulin","floor":14,"turns":10},{"damage":44,"enemies":"Fading Forest","floor":16,"turns":11},{"damage":25,"enemies":"2 Thieves","floor":18,"turns":4},{"damage":27,"enemies":"Spheric Guardian","floor":19,"turns":7},{"damage":37,"enemies":"Cultist and Chosen","floor":21,"turns":7},{"damage":28,"enemies":"Shelled Parasite and Fungi","floor":22,"turns":5}],"seed_played":"4981518049907660066","potions_obtained":[{"floor":1,"key":"Block Potion"},{"floor":6,"key":"FearPotion"},{"floor":10,"key":"Fire Potion"},{"floor":21,"key":"Weak Potion"}],"is_trial":false,"path_per_floor":["M","?","M","?","$","E","R","M","T","E","$","?","M","E","R","B",null,"M","M","?","M","M"],"character_chosen":"IRONCLAD","items_purchased":["Metallicize","Armaments","ReplayTheSpireMod:Muscle Training","Shrug It Off"],"campfire_rested":1,"item_purchase_floors":[5,5,11,11],"current_hp_per_floor":[80,64,70,70,70,76,80,80,80,79,79,72,74,41,77,50,80,61,49,49,25,0,0],"gold":216,"neow_bonus":"THREE_ENEMY_KILL","is_daily":false,"chose_seed":false,"campfire_upgraded":1,"win_rate":0.0,"timestamp":1613825185,"path_taken":["M","?","M","?","$","E","R","?","T","E","$","?","M","E","R","BOSS","M","M","?","M","?"],"items_purchased_type":["Card","Card","Card","Card"],"build_version":"2020-12-22","purchased_purges":0,"victory":false,"max_hp_per_floor":[80,80,80,80,80,80,80,80,80,80,80,80,80,80,80,80,80,80,80,80,80,80,80],"card_choices":[{"not_picked":["Pummel","Anger"],"picked":"Body Slam","floor":1},{"not_picked":["Life Link","True Grit"],"picked":"Dark Embrace","floor":3},{"not_picked":["Massacre","Headbutt"],"picked":"Fire Breathing","floor":6},{"not_picked":["Heavy Blade","Run Through"],"picked":"Sword Boomerang","floor":8},{"not_picked":["Twin Strike","Berserk"],"picked":"Defy Death","floor":10},{"not_picked":["Dual Wield","Wild Strike"],"picked":"True Grit","floor":13},{"not_picked":["Cleave","Flex"],"picked":"Havoc","floor":14},{"not_picked":["Feed","Pommel Strike"],"picked":"Infernal Blade","floor":15},{"not_picked":["Fiend Fire","Brutality"],"picked":"Hemogenesis","floor":16},{"not_picked":["Sever Soul","Second Wind+1"],"picked":"Bloodletting","floor":18},{"not_picked":["Dark Embrace","Run Through"],"picked":"Defy Death","floor":19},{"not_picked":["Anger","Flex"],"picked":"Burning Pact+1","floor":21}],"player_experience":263710,"relics_obtained":[{"floor":6,"key":"Eternal Feather"},{"floor":9,"key":"Dream Catcher"},{"floor":10,"key":"Toy Ornithopter"},{"floor":14,"key":"MawBank"}],"event_choices":[{"damage_healed":0,"gold_gain":0,"player_choice":"Entered Light","damage_taken":16,"max_hp_gain":0,"max_hp_loss":0,"event_name":"Shining Light","floor":2,"gold_loss":0,"cards_upgraded":["Defend_R","Defend_R"]},{"damage_healed":0,"gold_gain":0,"player_choice":"Box","damage_taken":0,"relics_obtained":["Mirror"],"max_hp_gain":0,"max_hp_loss":0,"event_name":"Big Fish","floor":4,"gold_loss":0,"cards_obtained":["Regret"]},{"cards_removed":["Regret"],"damage_healed":0,"gold_gain":0,"player_choice":"Card Removal","damage_taken":7,"max_hp_gain":0,"max_hp_loss":0,"event_name":"Golden Wing","floor":12,"gold_loss":0},{"cards_removed":["Bash"],"damage_healed":0,"gold_gain":0,"player_choice":"Purged","damage_taken":0,"max_hp_gain":0,"max_hp_loss":0,"event_name":"Purifier","floor":20,"gold_loss":0}],"is_beta":false,"boss_relics":[{"not_picked":["Replay:Drink Me","SacredBark"],"picked":"Cursed Key"}],"items_purged_floors":[],"is_endless":false,"potions_floor_spawned":[1,6,10,21],"killed_by":"Shelled Parasite and Fungi","ascension_level":2}}