{"host":"40e4adzyl212zebh","time":1613825335,"event":{"mods":["BaseMod","Colored Map","Colored Powertips","DeckTracker","Downfall","Minty Spire (QoL Compilation)","Quick Restart","Random Character Button","Relic Stats","StSLib"],"gold_per_floor":[99,99,99,30,30,48,48,48,67,67,101,111,126,153,171,274,274,174,174,194,214,214,214,214,230,264,264,274,299,318,318,328,427,427,327,347,18,18,139,139,139,155,189,189,89,108,108,142,155,155,155,188,69,69,69,69],"floor_reached":57,"language":"ENG","playtime":6745,"items_purged":["downfall:Bewildered"],"score":1350,"play_id":"b413a5a7-df6c-4d20-8152-a260e2af82d4","local_time":"20210220214855","is_ascension_mode":false,"campfire_choices":[{"floor":1.0,"key":"RECALL"},{"data":"bronze:ShipIt","floor":8.0,"key":"SMITH"},{"data":"bronze:Repulsor","floor":18.0,"key":"SMITH"},{"data":"bronze:Frontload","floor":27.0,"key":"SMITH"},{"data":"bronze:MaxOutput","floor":35.0,"key":"SMITH"},{"data":"expansioncontent:QuickStudy","floor":40,"key":"SMITH"},{"data":"bronze:Mutator","floor":45,"key":"SMITH"},{"data":"bronze:OilSpill","floor":47,"key":"SMITH"},{"data":"bronze:ItsAFeature","floor":54,"key":"SMITH"}],"circlet_count":0,"master_deck":["bronze:Defend+1","bronze:Defend+1","bronze:Defend+1","bronze:Replicate","bronze:Goto","bronze:Overheat","bronze:BronzeArmor","bronze:Repulsor+1","bronze:Explode","bronze:ShipIt+1","bronze:Spike","bronze:DazingPulse","bronze:FineTuning","bronze:BuggyMess","bronze:Frontload+1","bronze:OilSpill+1","bronze:Shield","bronze:HyperBeam","bronze:Virus","bronze:BronzeOrb+1","bronze:Deprecate+1","Slimebound:Tackle+1","Slimebound:Tackle+1","Slimebound:Tackle+1","bronze:BronzeOrb","bronze:GetLatest+1","bronze:Branch+1","bronze:MaxOutput+1","bronze:Break+1","bronze:Fortify+1","bronze:BugBarrage+1","bronze:ItsAFeature+1","bronze:Fortify+1","bronze:OilSpill+1","bronze:Break+1","expansioncontent:QuickStudy+1","Normality","bronze:FineTuning+1","bronze:Mutator+1","bronze:Iterate+1","bronze:BronzeOrb+1"],"relics":["bronze:BronzeCore","downfall:HeartsMalice","Lizard Tail","WarpedTongs","PreservedInsect","Odd Mushroom","Black Star","downfall:HeartBlessingRed","Nilry\u0027s Codex","Lantern","The Courier","Mango","Molten Egg 2","Bottled Tornado","Cursed Key","downfall:HeartBlessingGreen","HornCleat","Centennial Puzzle","Toxic Egg 2","bronze:BottledCode","downfall:HeartBlessingBlue","Singing Bowl","Shuriken","Pocketwatch","Oddly Smooth Stone","Pen Nib"],"acts_visited":["Exordium","TheCity","TheBeyond","TheEnding"],"potions_floor_usage":[56,56],"damage_taken":[{"damage":0.0,"enemies":"Jaw Worm","floor":2.0,"turns":1.0},{"damage":0.0,"enemies":"downfall:FleeingMerchant","floor":4.0,"turns":1.0},{"damage":0.0,"enemies":"downfall:FleeingMerchant","floor":5.0,"turns":1.0},{"damage":1.0,"enemies":"2 Louse","floor":6.0,"turns":3.0},{"damage":1.0,"enemies":"Cultist","floor":9.0,"turns":3.0},{"damage":12.0,"enemies":"3 Sentries","floor":11.0,"turns":3.0},{"damage":26.0,"enemies":"Gremlin Gang","floor":12.0,"turns":4.0},{"damage":0.0,"enemies":"Blue Slaver","floor":13.0,"turns":2.0},{"damage":27.0,"enemies":"The Mushroom Lair","floor":14.0,"turns":3.0},{"damage":18.0,"enemies":"Large Slime","floor":15.0,"turns":4.0},{"damage":13.0,"enemies":"WA_ARCHETYPE_RETAIN","floor":16.0,"turns":9.0},{"damage":0.0,"enemies":"Spheric Guardian","floor":20.0,"turns":2.0},{"damage":0.0,"enemies":"Chosen","floor":21.0,"turns":4.0},{"damage":11.0,"enemies":"Snake Plant","floor":25.0,"turns":5.0},{"damage":13.0,"enemies":"Slavers","floor":26.0,"turns":3.0},{"damage":0.0,"enemies":"Chosen and Byrds","floor":28.0,"turns":3.0},{"damage":5.0,"enemies":"Book of Stabbing","floor":29.0,"turns":2.0},{"damage":0.0,"enemies":"Snecko","floor":30.0,"turns":4.0},{"damage":0.0,"enemies":"Cultist and Chosen","floor":32.0,"turns":4.0},{"damage":76.0,"enemies":"IC_MUSHROOM_ARCHETYPE","floor":33.0,"turns":12.0},{"damage":7.0,"enemies":"3 Shapes","floor":36.0,"turns":3.0},{"damage":0,"enemies":"downfall:FleeingMerchant","floor":37,"turns":4},{"damage":1,"enemies":"downfall:FleeingMerchant","floor":39,"turns":3},{"damage":0,"enemies":"3 Darklings","floor":42,"turns":2},{"damage":11,"enemies":"Nemesis","floor":43,"turns":5},{"damage":1,"enemies":"Maw","floor":46,"turns":6},{"damage":0,"enemies":"Giant Head","floor":48,"turns":5},{"damage":0,"enemies":"Writhing Mass","floor":49,"turns":5},{"damage":32,"enemies":"DF_ARCHETYPE_ORBS","floor":50,"turns":8},{"damage":1,"enemies":"downfall:CharBossMerchant","floor":52,"turns":6},{"damage":6,"enemies":"downfall:NeowBoss","floor":55,"turns":11},{"damage":19,"enemies":"downfall:NeowBossFinal","floor":56,"turns":7}],"seed_played":"2649448680681932493","potions_obtained":[{"floor":5.0,"key":"FairyPotion"},{"floor":6.0,"key":"sneckomod:MuddlingPotion"},{"floor":9.0,"key":"Block Potion"},{"floor":15.0,"key":"Block Potion"},{"floor":16.0,"key":"Explosive Potion"},{"floor":21.0,"key":"Energy Potion"},{"floor":26.0,"key":"SneckoOil"},{"floor":29.0,"key":"Strength Potion"},{"floor":30.0,"key":"Energy Potion"},{"floor":36,"key":"Regen Potion"},{"floor":52,"key":"Guardian:BlockOnCardUsePotion"}],"is_trial":false,"path_per_floor":["R","M","?","$","?","M","T","R","M","?","E","M","M","?","M","B",null,"R","?","M","M","?","?","T","M","E","R","M","E","M","?","M","B",null,"R","M","$","?","$","R","T","M","E","?","R","M","R","E","M","B",null,"E","$","R","B","B",null],"character_chosen":"THE_AUTOMATON","items_purchased":["bronze:Repulsor","bronze:ItsAFeature","bronze:Fortify+1","bronze:OilSpill+1","HornCleat","expansioncontent:QuickStudy","Pen Nib"],"campfire_rested":0,"item_purchase_floors":[4,37,37,37,37,39,53],"current_hp_per_floor":[70,70,70,70,70,69,69,69,68,68,56,30,30,3,21,8,70,70,57,57,57,57,41,41,30,31,31,31,26,26,26,26,2,89,89,82,82,82,81,81,81,81,70,70,80,79,79,81,83,51,93,92,92,92,86,81],"gold":69,"neow_bonus":"THREE_ENEMY_KILL","is_daily":false,"chose_seed":false,"campfire_upgraded":8,"win_rate":0.0,"timestamp":1613825335,"path_taken":["R","M","?","$","?","M","T","R","M","?","E","?","?","?","M","BOSS","BOSS","R","?","M","M","?","?","T","M","E","R","?","E","M","?","M","BOSS","R","M","$","?","$","R","T","M","E","?","R","M","R","E","M","BOSS","E","$","R","BOSS","BOSS"],"items_purchased_type":["Card","Card","Card","Card","Relic","Card","Relic"],"build_version":"2020-12-22","purchased_purges":1,"victory":true,"max_hp_per_floor":[70,70,70,70,70,70,70,70,70,70,70,70,70,70,70,70,70,70,75,75,75,75,75,75,75,89,89,89,89,89,89,89,89,89,89,89,89,89,89,89,89,89,89,79,89,89,89,91,93,93,93,93,93,93,93,93],"relic_stats":{"Lizard Tail":44,"Centennial Puzzle":[14],"Singing Bowl":4,"counters":[32,135],"Shuriken":[23],"PreservedInsect":438,"Pen Nib":[5],"Black Star":5,"Cursed Key":1,"obtain_stats":[{"Lantern":24,"bronze:BronzeCore":0,"Singing Bowl":48,"Nilry\u0027s Codex":23,"Mango":26,"downfall:HeartBlessingGreen":35,"Bottled Tornado":29,"Cursed Key":34,"Lizard Tail":7,"Centennial Puzzle":43,"HornCleat":37,"downfall:HeartBlessingBlue":45,"Toxic Egg 2":43,"downfall:HeartBlessingRed":18,"Oddly Smooth Stone":52,"downfall:HeartsMalice":0,"PreservedInsect":11,"The Courier":26,"Pen Nib":53,"Odd Mushroom":14,"WarpedTongs":10,"bronze:BottledCode":44,"Shuriken":48,"Molten Egg 2":29,"Black Star":17,"Pocketwatch":52},{"Lantern":13,"bronze:BronzeCore":0,"Singing Bowl":27,"Nilry\u0027s Codex":13,"Mango":15,"downfall:HeartBlessingGreen":20,"Bottled Tornado":17,"Cursed Key":20,"Lizard Tail":4,"Centennial Puzzle":25,"HornCleat":22,"downfall:HeartBlessingBlue":25,"Toxic Egg 2":25,"downfall:HeartBlessingRed":11,"Oddly Smooth Stone":30,"downfall:HeartsMalice":0,"PreservedInsect":6,"The Courier":15,"Pen Nib":30,"Odd Mushroom":9,"WarpedTongs":5,"bronze:BottledCode":25,"Shuriken":27,"Molten Egg 2":17,"Black Star":11,"Pocketwatch":30},{"Lantern":37,"bronze:BronzeCore":0,"Singing Bowl":98,"Nilry\u0027s Codex":37,"Mango":45,"downfall:HeartBlessingGreen":70,"Bottled Tornado":50,"Cursed Key":70,"Lizard Tail":3,"Centennial Puzzle":87,"HornCleat":77,"downfall:HeartBlessingBlue":87,"Toxic Egg 2":87,"downfall:HeartBlessingRed":31,"Oddly Smooth Stone":117,"downfall:HeartsMalice":0,"PreservedInsect":9,"The Courier":45,"Pen Nib":117,"Odd Mushroom":18,"WarpedTongs":6,"bronze:BottledCode":87,"Shuriken":98,"Molten Egg 2":50,"Black Star":31,"Pocketwatch":117}],"WarpedTongs":[126],"Pocketwatch":[9]},"card_choices":[{"not_picked":["bronze:Constructor","bronze:BugBarrage"],"picked":"bronze:Overheat","floor":2.0},{"not_picked":["bronze:FollowUp","bronze:ForceShield"],"picked":"bronze:BronzeArmor","floor":4.0},{"not_picked":[],"picked":"bronze:Explode","floor":5.0},{"not_picked":["bronze:OilSpill","bronze:Turbo"],"picked":"bronze:ShipIt","floor":5.0},{"not_picked":[],"picked":"bronze:Spike","floor":5.0},{"not_picked":[],"picked":"bronze:DazingPulse","floor":5.0},{"not_picked":["bronze:Repulsor","bronze:Overheat"],"picked":"bronze:FineTuning","floor":6.0},{"not_picked":["bronze:Shell","bronze:FineTuning"],"picked":"bronze:BuggyMess","floor":9.0},{"not_picked":["bronze:WhirlingStrike","bronze:Separator"],"picked":"bronze:ClassDefault","floor":11.0},{"not_picked":["bronze:DigitalCarnage","bronze:CutThrough"],"picked":"bronze:Frontload","floor":12.0},{"not_picked":["bronze:DigitalCarnage","bronze:Deprecate"],"picked":"bronze:OilSpill","floor":13.0},{"not_picked":["bronze:Deprecate","bronze:BuggyMess"],"picked":"bronze:Shield","floor":14.0},{"not_picked":["bronze:Overheat","bronze:DelayedSlice"],"picked":"bronze:HyperBeam","floor":15.0},{"not_picked":["bronze:FindAndReplace","bronze:Assembly"],"picked":"bronze:Virus","floor":16.0},{"not_picked":["bronze:WildBeam","bronze:Optimize"],"picked":"bronze:BronzeOrb+1","floor":20.0},{"not_picked":["bronze:DigitalCarnage","bronze:OilSpill"],"picked":"bronze:Deprecate+1","floor":21.0},{"not_picked":["bronze:Iterate+1","bronze:BugBarrage"],"picked":"bronze:BronzeOrb","floor":25.0},{"not_picked":["bronze:Invalidate","bronze:NullPointer"],"picked":"bronze:GetLatest+1","floor":26.0},{"not_picked":["bronze:BronzeArmor","bronze:FineTuning","bronze:GetLatest"],"picked":"SKIP","floor":28.0},{"not_picked":["bronze:WhirlingStrike+1","bronze:ForLoop"],"picked":"bronze:Branch+1","floor":29.0},{"not_picked":["bronze:Deprecate","bronze:Virus+1"],"picked":"bronze:MaxOutput","floor":30.0},{"not_picked":["bronze:ClassDefault","bronze:Invalidate","bronze:Frontload"],"picked":"SKIP","floor":32.0},{"not_picked":["bronze:HardenedForm","bronze:SpaghettiCode"],"picked":"bronze:Break+1","floor":33.0},{"not_picked":["bronze:Return","bronze:Constructor"],"picked":"bronze:Fortify+1","floor":36},{"not_picked":["bronze:Turbo+1","bronze:ChosenStrike+1"],"picked":"bronze:BugBarrage+1","floor":37},{"not_picked":["bronze:Branch+1","bronze:FollowUp+1"],"picked":"bronze:Break+1","floor":39},{"not_picked":["bronze:Overheat+1","bronze:BuggyMess+1"],"picked":"bronze:FineTuning+1","floor":42},{"not_picked":["bronze:Overheat+1","bronze:BitShift+1"],"picked":"bronze:Mutator","floor":43},{"not_picked":["bronze:BitShift+1","bronze:Separator+1"],"picked":"bronze:Iterate+1","floor":46},{"not_picked":["bronze:BuggyMess+1","bronze:Return+1","bronze:Fortify+1"],"picked":"Singing Bowl","floor":48},{"not_picked":["bronze:CutThrough+1","bronze:Deprecate+1","bronze:Turbo+1"],"picked":"Singing Bowl","floor":49},{"not_picked":["bronze:ChosenStrike+1","bronze:WildBeam+1"],"picked":"bronze:BronzeOrb+1","floor":52}],"player_experience":637584,"relics_obtained":[{"floor":7.0,"key":"Lizard Tail"},{"floor":11.0,"key":"PreservedInsect"},{"floor":14.0,"key":"Odd Mushroom"},{"floor":23.0,"key":"Nilry\u0027s Codex"},{"floor":24.0,"key":"Lantern"},{"floor":26.0,"key":"The Courier"},{"floor":26.0,"key":"Mango"},{"floor":29.0,"key":"Molten Egg 2"},{"floor":29.0,"key":"Bottled Tornado"},{"floor":43,"key":"Centennial Puzzle"},{"floor":43,"key":"Toxic Egg 2"},{"floor":48,"key":"Singing Bowl"},{"floor":48,"key":"Shuriken"},{"floor":52,"key":"Pocketwatch"},{"floor":52,"key":"Oddly Smooth Stone"}],"event_choices":[{"damage_healed":0.0,"max_hp_gain":0.0,"max_hp_loss":0.0,"gold_gain":0.0,"event_name":"Mushrooms","player_choice":"Fought Mushrooms","floor":14.0,"gold_loss":0.0,"damage_taken":0.0},{"cards_removed":["bronze:ClassDefault"],"damage_healed":0,"gold_gain":0,"player_choice":"Removed Power","damage_taken":0,"max_hp_gain":0,"max_hp_loss":0,"event_name":"Falling","floor":38,"gold_loss":0}],"is_beta":false,"boss_relics":[{"not_picked":["bronze:PlatinumCore","Tiny House"],"picked":"Black Star"},{"not_picked":["SacredBark","Velvet Choker"],"picked":"Cursed Key"}],"items_purged_floors":[39],"is_endless":false,"potions_floor_spawned":[5,6,9,15,16,21,26,29,30,36,42,46,52],"ascension_level":0}}