{"host":"nsc6ozq3atyrdr3m","time":1613835462,"event":{"mods":["BaseMod","Colored Map","Minty Spire (QoL Compilation)"],"gold_per_floor":[113,113,113,63,63,63,76,8,8,20,50,62,62],"floor_reached":12,"language":"FRA","playtime":177,"items_purged":[],"score":89,"play_id":"15cc0bc7-0599-4260-a0cc-7787cc16ebbb","local_time":"20210220163742","is_ascension_mode":true,"campfire_choices":[{"data":"Chill","floor":6,"key":"SMITH"}],"circlet_count":0,"master_deck":["Strike_B","Strike_B","Strike_B","Defend_B","Defend_B","Defend_B","Defend_B","Zap","Dualcast","Chill+1","Ball Lightning","Static Discharge","Echo Form"],"relics":["Inserter","Golden Idol","Singing Bowl","MawBank"],"acts_visited":["Exordium"],"potions_floor_usage":[12],"damage_taken":[{"damage":13,"enemies":"Small Slimes","floor":1,"turns":4},{"damage":3,"enemies":"2 Louse","floor":7,"turns":4},{"damage":5,"enemies":"Jaw Worm","floor":11,"turns":4},{"damage":38,"enemies":"3 Sentries","floor":12,"turns":4}],"seed_played":"2436562453869180227","potions_obtained":[{"floor":1,"key":"LiquidBronze"},{"floor":11,"key":"SteroidPotion"}],"is_trial":false,"path_per_floor":["M","?","?","$","?","R","M","$","T","?","M","E"],"character_chosen":"DEFECT","items_purchased":["Ball Lightning","Static Discharge"],"campfire_rested":0,"item_purchase_floors":[4,8],"current_hp_per_floor":[55,55,55,55,48,48,47,47,47,40,35,0,0],"gold":62,"neow_bonus":"BOSS_RELIC","is_daily":false,"chose_seed":false,"campfire_upgraded":1,"win_rate":0.0,"timestamp":1613835462,"path_taken":["M","?","?","$","?","R","?","$","T","?","M","E"],"items_purchased_type":["Card","Card"],"build_version":"2020-12-22","purchased_purges":0,"victory":false,"max_hp_per_floor":[75,69,69,69,69,69,71,71,71,71,71,71,71],"card_choices":[{"not_picked":["Scrape","Blizzard"],"picked":"Chill","floor":1},{"not_picked":["Redo","Stack","Compile Driver"],"picked":"Singing Bowl","floor":7},{"not_picked":["Genetic Algorithm","Leap"],"picked":"Echo Form","floor":11}],"player_experience":435617,"relics_obtained":[{"floor":9,"key":"MawBank"}],"event_choices":[{"damage_healed":0,"gold_gain":0,"player_choice":"Lose Max HP","damage_taken":0,"relics_obtained":["Golden Idol"],"max_hp_gain":0,"max_hp_loss":6,"event_name":"Golden Idol","floor":2,"gold_loss":0},{"damage_healed":0,"gold_gain":0,"player_choice":"Leave","damage_taken":0,"max_hp_gain":0,"max_hp_loss":0,"event_name":"The Cleric","floor":3,"gold_loss":0},{"damage_healed":0,"gold_gain":0,"player_choice":"Success","damage_taken":7,"relics_obtained":["Singing Bowl"],"max_hp_gain":0,"max_hp_loss":0,"event_name":"Scrap Ooze","floor":5,"gold_loss":0},{"cards_removed":["Strike_B"],"damage_healed":0,"gold_gain":0,"player_choice":"Card Removal","damage_taken":7,"max_hp_gain":0,"max_hp_loss":0,"event_name":"Golden Wing","floor":10,"gold_loss":0}],"is_beta":false,"boss_relics":[],"items_purged_floors":[],"is_endless":false,"potions_floor_spawned":[1,11],"killed_by":"3 Sentries","ascension_level":7}}