{"host":"s229x1smnerk6mew","time":1613780941,"event":{"mods":["BaseMod","Bestiary","Minty Spire (QoL Compilation)","Relic Stats"],"gold_per_floor":[215,233,233,92,167,167,186,211,211,239,250,250,250,250],"floor_reached":13,"language":"ENG","playtime":857,"items_purged":[],"score":186,"play_id":"3920e857-c64a-4101-8c01-2ceeffa85ddb","local_time":"20210220112901","is_ascension_mode":true,"campfire_choices":[{"data":"Spot Weakness","floor":6,"key":"SMITH"},{"data":"True Grit","floor":12,"key":"SMITH"}],"circlet_count":0,"master_deck":["AscendersBane","Strike_R","Strike_R","Strike_R","Strike_R","Defend_R","Defend_R","Defend_R","Defend_R","Bash","Reckless Charge","Thunderclap","Spot Weakness+1","Evolve","Headbutt","Brutality","True Grit+1"],"relics":["Burning Blood","Gambling Chip","Pear","Bottled Lightning"],"acts_visited":["Exordium"],"potions_floor_usage":[8,10],"damage_taken":[{"damage":6,"enemies":"Small Slimes","floor":1,"turns":6},{"damage":19,"enemies":"Jaw Worm","floor":2,"turns":5},{"damage":5,"enemies":"2 Louse","floor":7,"turns":3},{"damage":15,"enemies":"3 Sentries","floor":8,"turns":6},{"damage":8,"enemies":"Gremlin Nob","floor":10,"turns":3},{"damage":1,"enemies":"2 Fungi Beasts","floor":11,"turns":3},{"damage":42,"enemies":"Lagavulin","floor":13,"turns":8}],"seed_played":"6933122888872615834","potions_obtained":[{"floor":1,"key":"Swift Potion"}],"is_trial":false,"path_per_floor":["M","M","?","$","?","R","M","E","T","E","M","R","E"],"character_chosen":"IRONCLAD","items_purchased":["Spot Weakness","Fire Potion"],"campfire_rested":0,"item_purchase_floors":[4,4],"current_hp_per_floor":[68,55,48,48,37,37,38,29,39,37,42,42,0,0],"gold":250,"neow_bonus":"HUNDRED_GOLD","is_daily":false,"chose_seed":false,"campfire_upgraded":2,"win_rate":0.0,"timestamp":1613780941,"path_taken":["M","M","?","$","?","R","M","E","T","E","M","R","E"],"items_purchased_type":["Card","Potion"],"build_version":"2020-12-22","purchased_purges":0,"victory":false,"max_hp_per_floor":[75,75,75,75,75,75,75,75,85,85,85,85,85,85],"relic_stats":{"counters":[7,33],"Gambling Chip":[10],"obtain_stats":[{"Pear":9,"Gambling Chip":8,"Bottled Lightning":10,"Burning Blood":0},{"Pear":4,"Gambling Chip":4,"Bottled Lightning":5,"Burning Blood":0},{"Pear":20,"Gambling Chip":20,"Bottled Lightning":23,"Burning Blood":0}],"Burning Blood":36},"card_choices":[{"not_picked":["Headbutt","Clothesline"],"picked":"Reckless Charge","floor":1},{"not_picked":["Disarm","Warcry"],"picked":"Thunderclap","floor":2},{"not_picked":["Cleave","Dark Embrace"],"picked":"Evolve","floor":7},{"not_picked":["Cleave","Anger"],"picked":"Headbutt","floor":8},{"not_picked":["Perfected Strike","Clothesline"],"picked":"Brutality","floor":10},{"not_picked":["Seeing Red","Clash"],"picked":"True Grit","floor":11}],"player_experience":2071726,"relics_obtained":[{"floor":8,"key":"Gambling Chip"},{"floor":9,"key":"Pear"},{"floor":10,"key":"Bottled Lightning"}],"event_choices":[{"cards_removed":["Strike_R"],"damage_healed":0,"gold_gain":0,"player_choice":"Card Removal","damage_taken":7,"max_hp_gain":0,"max_hp_loss":0,"event_name":"Golden Wing","floor":3,"gold_loss":0},{"damage_healed":0,"gold_gain":75,"player_choice":"Gather Gold","damage_taken":11,"max_hp_gain":0,"max_hp_loss":0,"event_name":"World of Goop","floor":5,"gold_loss":0}],"is_beta":false,"boss_relics":[],"items_purged_floors":[],"is_endless":false,"potions_floor_spawned":[1,7],"killed_by":"Lagavulin","ascension_level":20}}