{"host":"uexz8m6e0pxi7xat","time":1613794899,"event":{"mods":["BaseMod","Bestiary","Minty Spire (QoL Compilation)","Relic Stats","ojb\u0027s Info Mod"],"gold_per_floor":[113,133,152,165,240,267,267,298,298,298,332,332,363,377,377,454,454,471,521,521,538,210,245,245,272,321,338,373,41,76,87,87,158,158,176,194,86,86,100,128,152,174,211,223,270,282,328,370,382,394,406,418,430,45,70,70],"floor_reached":57,"language":"ENG","playtime":6094,"items_purged":["Strike_B","Strike_B","Strike_B","Defend_B"],"score":2934,"play_id":"4cb02208-56ca-4979-8237-756ca42fd152","local_time":"20210220172139","is_ascension_mode":true,"campfire_choices":[{"floor":10,"key":"REST"},{"data":"Go for the Eyes","floor":12,"key":"SMITH"},{"data":"Beam Cell","floor":15,"key":"SMITH"},{"floor":24,"key":"REST"},{"data":"Seek","floor":32,"key":"SMITH"},{"floor":49,"key":"RECALL"},{"floor":53,"key":"REST"}],"circlet_count":0,"master_deck":["AscendersBane","Defend_B","Defend_B","Defend_B","Zap","Dualcast","Ball Lightning","Ball Lightning","Cold Snap","Cold Snap","Core Surge","FTL","Go for the Eyes+1","Beam Cell+1","Chill","Electrodynamics+1","Self Repair+1","Echo Form+1","Hologram","Undo+1","Seek+1","Coolheaded","Consume+1","Capacitor+1","Biased Cognition+1","Defragment+1","Coolheaded+1","Loop+1","Panacea+1","PanicButton+1","Dark Shackles+1","Skim+1","Hologram+1","Lockon+1","Loop+1","Buffer+1","Static Discharge+1"],"relics":["Cracked Core","Lizard Tail","Frozen Egg 2","White Beast Statue","Bottled Flame","Centennial Puzzle","Philosopher\u0027s Stone","Toolbox","Vajra","Prayer Wheel","Oddly Smooth Stone","Happy Flower","Membership Card","Toxic Egg 2","Fusion Hammer","MawBank","Gremlin Horn","Pear","ClockworkSouvenir","Lantern","Nunchaku","Symbiotic Virus"],"acts_visited":["Exordium","TheCity","TheBeyond","TheEnding"],"potions_floor_usage":[8,11,14,16,16,21,23,28,30,40,56,56],"damage_taken":[{"damage":11,"enemies":"Small Slimes","floor":1,"turns":5},{"damage":0,"enemies":"Jaw Worm","floor":2,"turns":3},{"damage":8,"enemies":"2 Louse","floor":3,"turns":2},{"damage":8,"enemies":"Exordium Thugs","floor":4,"turns":4},{"damage":20,"enemies":"3 Sentries","floor":6,"turns":8},{"damage":0,"enemies":"Red Slaver","floor":8,"turns":1},{"damage":11,"enemies":"Lagavulin","floor":11,"turns":6},{"damage":8,"enemies":"Gremlin Nob","floor":13,"turns":4},{"damage":0,"enemies":"Looter","floor":14,"turns":2},{"damage":27,"enemies":"Hexaghost","floor":16,"turns":9},{"damage":0,"enemies":"3 Byrds","floor":18,"turns":1},{"damage":7,"enemies":"Spheric Guardian","floor":21,"turns":4},{"damage":8,"enemies":"Slavers","floor":23,"turns":6},{"damage":0,"enemies":"Gremlin Leader","floor":25,"turns":5},{"damage":6,"enemies":"3 Cultists","floor":27,"turns":4},{"damage":0,"enemies":"Book of Stabbing","floor":28,"turns":4},{"damage":3,"enemies":"Gremlin Leader","floor":30,"turns":4},{"damage":7,"enemies":"Snake Plant","floor":31,"turns":6},{"damage":14,"enemies":"Collector","floor":33,"turns":7},{"damage":15,"enemies":"Orb Walker","floor":35,"turns":5},{"damage":0,"enemies":"3 Darklings","floor":36,"turns":3},{"damage":0,"enemies":"Sphere and 2 Shapes","floor":39,"turns":4},{"damage":12,"enemies":"Reptomancer","floor":40,"turns":6},{"damage":6,"enemies":"Spire Growth","floor":41,"turns":5},{"damage":0,"enemies":"3 Darklings","floor":42,"turns":4},{"damage":2,"enemies":"Giant Head","floor":45,"turns":6},{"damage":3,"enemies":"Nemesis","floor":47,"turns":5},{"damage":0,"enemies":"4 Shapes","floor":48,"turns":4},{"damage":17,"enemies":"Donu and Deca","floor":50,"turns":8},{"damage":23,"enemies":"Time Eater","floor":51,"turns":10},{"damage":17,"enemies":"Shield and Spear","floor":55,"turns":8},{"damage":58,"enemies":"The Heart","floor":56,"turns":9}],"seed_played":"-4712730058917411570","potions_obtained":[{"floor":1,"key":"DistilledChaos"},{"floor":6,"key":"ColorlessPotion"},{"floor":11,"key":"LiquidBronze"},{"floor":13,"key":"EssenceOfSteel"},{"floor":14,"key":"Regen Potion"},{"floor":16,"key":"GamblersBrew"},{"floor":18,"key":"Fire Potion"},{"floor":21,"key":"PowerPotion"},{"floor":23,"key":"Ancient Potion"},{"floor":27,"key":"FocusPotion"},{"floor":28,"key":"DistilledChaos"},{"floor":30,"key":"PotionOfCapacity"},{"floor":39,"key":"Fruit Juice"},{"floor":40,"key":"EssenceOfDarkness"},{"floor":55,"key":"FocusPotion"}],"is_trial":false,"path_per_floor":["M","M","M","M","?","E","?","M","T","R","E","R","E","M","R","B",null,"M","?","?","M","$","E","R","E","T","M","E","$","E","M","R","B",null,"M","M","$","?","M","E","M","M","T","?","E","?","E","M","R","B","B",null,"R","$","E","B",null],"character_chosen":"DEFECT","items_purchased":["Toolbox","Self Repair+1","Membership Card","Seek","Coolheaded","Panacea+1","ClockworkSouvenir","Lantern","Nunchaku","Buffer+1"],"campfire_rested":3,"item_purchase_floors":[22,22,29,29,29,37,54,54,54,54],"current_hp_per_floor":[35,35,27,19,8,30,30,30,30,51,40,40,32,32,32,17,58,58,58,58,51,51,43,64,71,71,71,71,71,68,71,71,67,70,71,71,71,61,71,76,70,76,76,72,72,72,82,82,82,82,79,81,82,82,82,34],"gold":70,"neow_bonus":"ONE_RARE_RELIC","is_daily":false,"chose_seed":false,"campfire_upgraded":3,"win_rate":0.0,"timestamp":1613794899,"path_taken":["M","M","M","M","?","E","?","?","T","R","E","R","E","M","R","BOSS","M","?","?","M","$","E","R","E","T","?","E","?","E","?","R","BOSS","M","M","$","?","M","E","M","M","T","?","E","?","E","M","R","BOSS","BOSS","R","$","E","BOSS"],"items_purchased_type":["Relic","Card","Relic","Card","Card","Card","Relic","Relic","Relic","Card"],"build_version":"2020-12-22","purchased_purges":4,"victory":true,"max_hp_per_floor":[71,71,71,71,71,71,71,71,71,71,71,71,71,71,71,71,71,71,71,71,71,71,71,71,71,71,71,71,71,71,71,71,71,71,71,71,71,71,71,76,76,76,76,72,72,72,82,82,82,82,82,82,82,82,82,82],"relic_stats":{"Lizard Tail":35,"Centennial Puzzle":[48],"Nunchaku":[3],"Happy Flower":[31],"Gremlin Horn":[4,4],"counters":[32,157],"Prayer Wheel":8,"MawBank":168,"obtain_stats":[{"Lantern":54,"Pear":47,"Happy Flower":28,"Gremlin Horn":45,"Vajra":23,"Oddly Smooth Stone":26,"Frozen Egg 2":6,"MawBank":40,"White Beast Statue":9,"ClockworkSouvenir":54,"Lizard Tail":0,"Bottled Flame":11,"Centennial Puzzle":13,"Nunchaku":54,"Toolbox":22,"Philosopher\u0027s Stone":17,"Prayer Wheel":25,"Fusion Hammer":34,"Membership Card":29,"Toxic Egg 2":30,"Cracked Core":0,"Symbiotic Virus":55},{"Lantern":30,"Pear":27,"Happy Flower":16,"Gremlin Horn":26,"Vajra":13,"Oddly Smooth Stone":14,"Frozen Egg 2":5,"MawBank":23,"White Beast Statue":6,"ClockworkSouvenir":30,"Lizard Tail":0,"Bottled Flame":7,"Centennial Puzzle":8,"Nunchaku":30,"Toolbox":12,"Philosopher\u0027s Stone":10,"Prayer Wheel":14,"Fusion Hammer":19,"Membership Card":16,"Toxic Egg 2":17,"Cracked Core":0,"Symbiotic Virus":31},{"Lantern":141,"Pear":120,"Happy Flower":68,"Gremlin Horn":115,"Vajra":55,"Oddly Smooth Stone":60,"Frozen Egg 2":22,"MawBank":102,"White Beast Statue":23,"ClockworkSouvenir":141,"Lizard Tail":0,"Bottled Flame":29,"Centennial Puzzle":33,"Nunchaku":141,"Toolbox":49,"Philosopher\u0027s Stone":44,"Prayer Wheel":60,"Fusion Hammer":85,"Membership Card":68,"Toxic Egg 2":72,"Cracked Core":0,"Symbiotic Virus":148}]},"card_choices":[{"not_picked":["Stack","Gash"],"picked":"Ball Lightning","floor":1},{"not_picked":["Redo","Coolheaded"],"picked":"Ball Lightning","floor":2},{"not_picked":["Darkness","Turbo"],"picked":"Cold Snap","floor":3},{"not_picked":["Reprogram","Chaos"],"picked":"Cold Snap","floor":4},{"not_picked":["Ball Lightning","Steam"],"picked":"Core Surge","floor":6},{"not_picked":["Rebound","Streamline"],"picked":"FTL","floor":8},{"not_picked":["Conserve Battery","Reprogram"],"picked":"Go for the Eyes","floor":11},{"not_picked":["Rebound","Stack"],"picked":"Beam Cell","floor":13},{"not_picked":["Stack","Rebound"],"picked":"Chill","floor":14},{"not_picked":["Meteor Strike","Reboot"],"picked":"Electrodynamics+1","floor":16},{"not_picked":["Turbo","Steam","BootSequence"],"picked":"SKIP","floor":18},{"not_picked":["Barrage","Rebound","Streamline"],"picked":"SKIP","floor":21},{"not_picked":["White Noise","Stack"],"picked":"Echo Form+1","floor":23},{"not_picked":["Leap","Compile Driver"],"picked":"Hologram","floor":25},{"not_picked":["Ball Lightning","Stack","Cold Snap"],"picked":"SKIP","floor":27},{"not_picked":["Heatsinks+1","Cold Snap+1","Self Repair+1"],"picked":"SKIP","floor":27},{"not_picked":["Cold Snap","White Noise"],"picked":"Undo+1","floor":28},{"not_picked":["Reinforced Body+1","Cold Snap"],"picked":"Consume+1","floor":30},{"not_picked":["Coolheaded+1","Fusion+1"],"picked":"Capacitor+1","floor":31},{"not_picked":["Tempest+1","Rip and Tear","Cold Snap"],"picked":"SKIP","floor":31},{"not_picked":["Electrodynamics+1","Creative AI+1"],"picked":"Biased Cognition+1","floor":33},{"not_picked":["Conserve Battery+1","Barrage"],"picked":"Defragment+1","floor":35},{"not_picked":["Force Field+1","Recycle+1"],"picked":"Coolheaded+1","floor":35},{"not_picked":["Fusion+1","Darkness+1"],"picked":"Loop+1","floor":36},{"not_picked":["Reprogram+1","Lockon","Steam+1"],"picked":"SKIP","floor":36},{"not_picked":["Flash of Steel","HandOfGreed"],"picked":"PanicButton+1","floor":38},{"not_picked":["Discovery+1","HandOfGreed"],"picked":"Dark Shackles+1","floor":38},{"not_picked":["Ball Lightning","Barrage"],"picked":"Skim+1","floor":39},{"not_picked":["Steam+1","Chill+1","Sweeping Beam+1"],"picked":"SKIP","floor":39},{"not_picked":["Steam+1","Chill+1","Sweeping Beam+1"],"picked":"SKIP","floor":39},{"not_picked":["Gash","Storm+1","Turbo+1"],"picked":"SKIP","floor":40},{"not_picked":["Go for the Eyes","Gash"],"picked":"Hologram+1","floor":41},{"not_picked":["Rip and Tear","Cold Snap","Ball Lightning"],"picked":"SKIP","floor":41},{"not_picked":["Recycle+1","Darkness+1"],"picked":"Lockon+1","floor":42},{"not_picked":["Go for the Eyes","Barrage","Hologram+1"],"picked":"SKIP","floor":42},{"not_picked":["Chill+1","Multi-Cast+1"],"picked":"Loop+1","floor":45},{"not_picked":["Reprogram+1","Beam Cell","Stack+1"],"picked":"SKIP","floor":47},{"not_picked":["Stack+1","Redo+1","Go for the Eyes+1"],"picked":"SKIP","floor":48},{"not_picked":["Gash","Fusion+1","Loop+1"],"picked":"SKIP","floor":48},{"not_picked":["Cold Snap","Force Field+1"],"picked":"Static Discharge+1","floor":55}],"player_experience":1068009,"relics_obtained":[{"floor":6,"key":"Frozen Egg 2"},{"floor":9,"key":"White Beast Statue"},{"floor":11,"key":"Bottled Flame"},{"floor":13,"key":"Centennial Puzzle"},{"floor":23,"key":"Vajra"},{"floor":25,"key":"Prayer Wheel"},{"floor":26,"key":"Oddly Smooth Stone"},{"floor":28,"key":"Happy Flower"},{"floor":30,"key":"Toxic Egg 2"},{"floor":40,"key":"MawBank"},{"floor":45,"key":"Gremlin Horn"},{"floor":47,"key":"Pear"},{"floor":55,"key":"Symbiotic Virus"}],"event_choices":[{"damage_healed":0,"gold_gain":75,"player_choice":"Gather Gold","damage_taken":11,"max_hp_gain":0,"max_hp_loss":0,"event_name":"World of Goop","floor":5,"gold_loss":0},{"damage_healed":0,"gold_gain":0,"player_choice":"Ignored","damage_taken":0,"max_hp_gain":0,"max_hp_loss":0,"event_name":"Liars Game","floor":7,"gold_loss":0},{"damage_healed":0,"gold_gain":50,"player_choice":"Stole From Cult","damage_taken":0,"max_hp_gain":0,"max_hp_loss":0,"event_name":"Nest","floor":19,"gold_loss":0},{"damage_healed":0,"gold_gain":0,"player_choice":"Ignored","damage_taken":0,"max_hp_gain":0,"max_hp_loss":0,"event_name":"The Mausoleum","floor":20,"gold_loss":0},{"damage_healed":0,"gold_gain":0,"player_choice":"Memory 3","damage_taken":10,"max_hp_gain":0,"max_hp_loss":0,"event_name":"SensoryStone","floor":38,"gold_loss":0},{"damage_healed":0,"gold_gain":0,"player_choice":"Max HP","damage_taken":0,"max_hp_gain":0,"max_hp_loss":4,"event_name":"Winding Halls","floor":44,"gold_loss":0},{"cards_removed":["Strike_B"],"damage_healed":0,"gold_gain":0,"player_choice":"Offered Basic","damage_taken":0,"max_hp_gain":0,"max_hp_loss":0,"event_name":"Bonfire Elementals","floor":46,"gold_loss":0}],"is_beta":false,"boss_relics":[{"not_picked":["Cursed Key","Tiny House"],"picked":"Philosopher\u0027s Stone"},{"not_picked":["Pandora\u0027s Box","Velvet Choker"],"picked":"Fusion Hammer"}],"items_purged_floors":[22,29,37,54],"is_endless":false,"potions_floor_spawned":[1,6,11,13,14,16,18,21,23,25,27,28,30,31,33,35,36,39,40,41,42,45,47,48,55],"ascension_level":20}}