{"host":"4rvakrj1idbgia3f","time":1613819286,"event":{"mods":["BaseMod","Colored Map","Colored Powertips","DeckTracker","Highlight Path","Minty Spire (QoL Compilation)","Random Character Button","StSLib"],"gold_per_floor":[113,164,164,174,193,193,219,219,219,219,219,247,267,297,297,368,368,379,393,34,53,64,64,98,98,98,98,132,142,142,142,142,219,219,231,231,251,27,42,42,69,69,94,121,139,139,13,25,25,25,25],"floor_reached":50,"language":"JPN","playtime":42718,"items_purged":["Strike_R","Shame"],"score":1116,"play_id":"7e3d263d-bd76-458a-b40a-ab862e522049","local_time":"20210220200805","is_ascension_mode":true,"campfire_choices":[{"data":"Cleave","floor":6.0,"key":"SMITH"},{"data":"Carnage","floor":8.0,"key":"SMITH"},{"data":"Bash","floor":11.0,"key":"SMITH"},{"data":"Sever Soul","floor":15.0,"key":"SMITH"},{"data":"Sentinel","floor":23.0,"key":"SMITH"},{"data":"Spot Weakness","floor":25.0,"key":"SMITH"},{"data":"Twin Strike","floor":27.0,"key":"SMITH"},{"data":"Disarm","floor":30.0,"key":"SMITH"},{"floor":32.0,"key":"REST"},{"data":"Reaper","floor":40,"key":"SMITH"},{"data":"Headbutt","floor":42,"key":"SMITH"},{"floor":49,"key":"RECALL"}],"circlet_count":0,"master_deck":["AscendersBane","Defend_R","Defend_R","Defend_R","Defend_R","Bash+1","Twin Strike+1","Cleave+1","Headbutt+1","Carnage+1","Sever Soul+1","Sentinel+1","Reaper+1","Body Slam+1","Spot Weakness+1","Disarm+1","Battle Trance+1","Shrug It Off+1","Double Tap+1","Second Wind+1","Fire Breathing+1","Inflame+1","Warcry+1","Clash+1","Shrug It Off+1","Sentinel+1","Shrug It Off+1","Forethought+1","Feel No Pain","True Grit+1"],"relics":["Burning Blood","NeowsBlessing","Centennial Puzzle","WarpedTongs","Self Forming Clay","Smiling Mask","White Beast Statue","Oddly Smooth Stone","Cursed Key","Gremlin Horn","Toxic Egg 2","Thread and Needle","Astrolabe","Bronze Scales","Shuriken","Girya"],"acts_visited":["Exordium","TheCity","TheBeyond"],"potions_floor_usage":[44,45,50],"damage_taken":[{"damage":0.0,"enemies":"Cultist","floor":1.0,"turns":1.0},{"damage":0.0,"enemies":"Jaw Worm","floor":4.0,"turns":1.0},{"damage":0.0,"enemies":"2 Louse","floor":5.0,"turns":1.0},{"damage":10.0,"enemies":"Gremlin Nob","floor":7.0,"turns":3.0},{"damage":4.0,"enemies":"3 Sentries","floor":12.0,"turns":5.0},{"damage":7.0,"enemies":"Gremlin Gang","floor":13.0,"turns":3.0},{"damage":27.0,"enemies":"Lagavulin","floor":14.0,"turns":5.0},{"damage":15.0,"enemies":"Slime Boss","floor":16.0,"turns":8.0},{"damage":5.0,"enemies":"Spheric Guardian","floor":18.0,"turns":3.0},{"damage":14.0,"enemies":"Shell Parasite","floor":19.0,"turns":3.0},{"damage":12.0,"enemies":"Sentry and Sphere","floor":21.0,"turns":4.0},{"damage":6.0,"enemies":"Snake Plant","floor":22.0,"turns":2.0},{"damage":14.0,"enemies":"Slavers","floor":24.0,"turns":4.0},{"damage":23.0,"enemies":"Book of Stabbing","floor":28.0,"turns":4.0},{"damage":12.0,"enemies":"Snecko","floor":29.0,"turns":5.0},{"damage":51.0,"enemies":"Automaton","floor":33.0,"turns":12.0},{"damage":0.0,"enemies":"Orb Walker","floor":35.0,"turns":3.0},{"damage":0.0,"enemies":"3 Shapes","floor":37.0,"turns":2.0},{"damage":4,"enemies":"Maw","floor":39,"turns":7},{"damage":31,"enemies":"Giant Head","floor":41,"turns":7},{"damage":5,"enemies":"Nemesis","floor":44,"turns":3},{"damage":11,"enemies":"Jaw Worm Horde","floor":45,"turns":3},{"damage":1,"enemies":"Sphere and 2 Shapes","floor":48,"turns":4},{"damage":81,"enemies":"Donu and Deca","floor":50,"turns":11}],"seed_played":"2335111811032353401","potions_obtained":[{"floor":5.0,"key":"Swift Potion"},{"floor":12.0,"key":"Block Potion"},{"floor":13.0,"key":"SmokeBomb"},{"floor":14.0,"key":"Dexterity Potion"},{"floor":16.0,"key":"DuplicationPotion"},{"floor":18.0,"key":"SkillPotion"},{"floor":19.0,"key":"Block Potion"},{"floor":22.0,"key":"Explosive Potion"},{"floor":24.0,"key":"SteroidPotion"},{"floor":28.0,"key":"Block Potion"},{"floor":33.0,"key":"Dexterity Potion"},{"floor":44,"key":"Swift Potion"},{"floor":45,"key":"BlessingOfTheForge"},{"floor":48,"key":"ColorlessPotion"}],"is_trial":false,"path_per_floor":["M","T","?","M","M","R","E","R","T","?","R","E","M","E","R","B",null,"M","M","$","M","M","R","E","R","T","R","E","M","R","?","R","B",null,"M","?","M","$","M","R","E","R","T","E","M","?","$","M","R","B"],"character_chosen":"IRONCLAD","items_purchased":["Gremlin Horn","Spot Weakness","Shrug It Off+1","Bronze Scales","Feel No Pain"],"campfire_rested":1,"item_purchase_floors":[20,20,38,38,47],"current_hp_per_floor":[74,74,74,75,75,75,71,71,71,71,71,73,72,51,51,42,67,68,60,60,54,54,54,46,46,46,46,41,35,35,35,57,17,61,67,67,75,75,75,75,50,50,50,57,69,69,69,74,74,0,0],"gold":25,"neow_bonus":"THREE_ENEMY_KILL","is_daily":false,"chose_seed":false,"campfire_upgraded":10,"win_rate":0.0,"timestamp":1613819285,"path_taken":["M","?","?","?","M","R","E","R","T","?","R","E","M","E","R","BOSS","M","M","$","M","?","R","E","R","T","R","E","M","R","?","R","BOSS","M","?","M","$","M","R","E","R","T","E","M","?","?","?","R","BOSS"],"items_purchased_type":["Relic","Card","Card","Relic","Card"],"build_version":"2020-12-22","purchased_purges":2,"victory":false,"max_hp_per_floor":[75,75,75,75,75,75,75,75,75,75,75,75,75,75,75,75,75,75,75,75,75,75,75,75,75,75,75,75,75,75,75,75,75,75,75,75,75,75,75,75,75,75,75,75,75,75,75,75,75,75,75],"card_choices":[{"not_picked":["Havoc","Dark Embrace"],"picked":"Twin Strike","floor":1.0},{"not_picked":["Body Slam","Pommel Strike"],"picked":"Cleave","floor":4.0},{"not_picked":["Dual Wield","Flex"],"picked":"Headbutt","floor":5.0},{"not_picked":["Feel No Pain","Pommel Strike"],"picked":"Carnage","floor":7.0},{"not_picked":["Clash","Berserk"],"picked":"Sever Soul","floor":12.0},{"not_picked":["Perfected Strike","Dual Wield","Reckless Charge"],"picked":"SKIP","floor":13.0},{"not_picked":["Searing Blow","Clash"],"picked":"Sentinel","floor":14.0},{"not_picked":["Exhume","Demon Form"],"picked":"Reaper","floor":16.0},{"not_picked":["Armaments","Twin Strike","Hemokinesis"],"picked":"SKIP","floor":18.0},{"not_picked":["Pommel Strike","Headbutt"],"picked":"Body Slam+1","floor":19.0},{"not_picked":["Clash","Ghostly Armor","Iron Wave"],"picked":"SKIP","floor":21.0},{"not_picked":["Anger","Clash"],"picked":"Disarm","floor":22.0},{"not_picked":["Pommel Strike","Heavy Blade","Wild Strike"],"picked":"SKIP","floor":24.0},{"not_picked":["Immolate","Spot Weakness+1"],"picked":"Battle Trance+1","floor":28.0},{"not_picked":["Inflame","Cleave"],"picked":"Shrug It Off+1","floor":29.0},{"not_picked":["Bludgeon","Berserk"],"picked":"Double Tap+1","floor":33.0},{"not_picked":["Dual Wield+1","Whirlwind"],"picked":"Warcry+1","floor":35.0},{"not_picked":["Clash+1","Headbutt","Iron Wave"],"picked":"SKIP","floor":37.0},{"not_picked":["Headbutt","Iron Wave"],"picked":"Clash+1","floor":37.0},{"not_picked":["Havoc+1","Flame Barrier+1","Combust"],"picked":"SKIP","floor":39},{"not_picked":["Exhume+1","Dropkick"],"picked":"Sentinel+1","floor":41},{"not_picked":["Warcry+1","Pommel Strike","Anger"],"picked":"SKIP","floor":44},{"not_picked":["Sword Boomerang","Carnage"],"picked":"Shrug It Off+1","floor":45},{"not_picked":["Sadistic Nature","Swift Strike"],"picked":"Forethought+1","floor":46},{"not_picked":["Disarm+1","Reckless Charge"],"picked":"True Grit+1","floor":48}],"player_experience":2416564,"relics_obtained":[{"floor":2.0,"key":"Centennial Puzzle"},{"floor":7.0,"key":"Self Forming Clay"},{"floor":9.0,"key":"Smiling Mask"},{"floor":12.0,"key":"White Beast Statue"},{"floor":14.0,"key":"Oddly Smooth Stone"},{"floor":24.0,"key":"Toxic Egg 2"},{"floor":28.0,"key":"Thread and Needle"},{"floor":41,"key":"Shuriken"},{"floor":44,"key":"Girya"}],"event_choices":[{"damage_healed":0.0,"max_hp_gain":0.0,"max_hp_loss":0.0,"gold_gain":0.0,"event_name":"Accursed Blacksmith","player_choice":"Rummage","floor":3.0,"gold_loss":0.0,"damage_taken":0.0,"relics_obtained":["WarpedTongs"],"cards_obtained":["Pain"]},{"cards_removed":["Pain"],"damage_healed":0.0,"max_hp_gain":0.0,"max_hp_loss":0.0,"gold_gain":0.0,"event_name":"Purifier","player_choice":"Purged","floor":10.0,"gold_loss":0.0,"damage_taken":0.0},{"cards_removed":["Strike_R"],"damage_healed":0.0,"max_hp_gain":0.0,"max_hp_loss":0.0,"gold_gain":0.0,"event_name":"Back to Basics","player_choice":"Elegance","floor":31.0,"gold_loss":0.0,"damage_taken":0.0},{"damage_healed":0.0,"max_hp_gain":0.0,"max_hp_loss":0.0,"gold_gain":0.0,"event_name":"Tomb of Lord Red Mask","player_choice":"Ignored","floor":36.0,"gold_loss":0.0,"damage_taken":0.0},{"damage_healed":0,"gold_gain":0,"player_choice":"Memory 1","damage_taken":0,"max_hp_gain":0,"max_hp_loss":0,"event_name":"SensoryStone","floor":46,"gold_loss":0}],"is_beta":false,"boss_relics":[{"not_picked":["Runic Dome","Pandora\u0027s Box"],"picked":"Cursed Key"},{"not_picked":["Calling Bell","Black Star"],"picked":"Astrolabe"}],"items_purged_floors":[20,47],"is_endless":false,"potions_floor_spawned":[5,12,13,14,16,18,19,21,22,24,28,29,33,35,37,39,41,44,45,48],"killed_by":"Donu and Deca","ascension_level":20}}