{"host":"pm6tps78s2qrawcb","time":1613787067,"event":{"mods":["BaseMod","BetterRewards","Colored Map","Downfall","Hubris","Infinite Spire","Mimic Mod","Minty Spire (QoL Compilation)","Reliquary","Replay The Spire","Shop Mod","StSLib"],"gold_per_floor":[116,126,126,137,149,167,177,187,187,187,201,236,250,250,250,346,346,361,60,73,86,86,86,86],"floor_reached":23,"language":"ENG","playtime":709,"items_purged":["Strike_R"],"score":209,"play_id":"29120bdf-417a-4efc-8ab9-c88671bbaa66","local_time":"20210220021107","is_ascension_mode":true,"campfire_choices":[{"data":"Heavy Blade","floor":10,"key":"SMITH"},{"floor":15,"key":"REST"}],"circlet_count":0,"master_deck":["Strike_R","Strike_R","Strike_R","Strike_R","Defend_R","Defend_R","Defend_R","Defend_R","Bash","Anger","Carnage","Spot Weakness","Heavy Blade+1","Demon Form","ReplayTheSpireMod:Muscle Training+1"],"relics":["Burning Blood","infinitespire:Joker Card","hubris:SlimyHat","White Beast Statue","infinitespire:Satchel","Philosopher\u0027s Stone","MerchantsRug"],"acts_visited":["Exordium","TheCity"],"potions_floor_usage":[8,12,16,18,18,18,23],"damage_taken":[{"damage":1,"enemies":"Cultist","floor":1,"turns":3},{"damage":1,"enemies":"Jaw Worm","floor":2,"turns":3},{"damage":5,"enemies":"Small Slimes","floor":4,"turns":3},{"damage":6,"enemies":"Exordium Wildlife","floor":5,"turns":5},{"damage":4,"enemies":"Gremlin Gang","floor":6,"turns":5},{"damage":11,"enemies":"Blue Slaver","floor":7,"turns":4},{"damage":0,"enemies":"2 Fungi Beasts","floor":8,"turns":2},{"damage":6,"enemies":"Red Slaver","floor":11,"turns":3},{"damage":16,"enemies":"Gremlin Nob","floor":12,"turns":3},{"damage":12,"enemies":"Blue Slaver","floor":13,"turns":2},{"damage":32,"enemies":"The Guardian","floor":16,"turns":5},{"damage":19,"enemies":"3 Byrds","floor":18,"turns":4},{"damage":14,"enemies":"Shell Parasite","floor":20,"turns":2},{"damage":34,"enemies":"Snake Plant","floor":21,"turns":3},{"damage":33,"enemies":"Gremlin Leader","floor":23,"turns":1}],"seed_played":"-1258694732898232665","potions_obtained":[{"floor":2,"key":"HeartOfIron"},{"floor":4,"key":"LiquidMemories"},{"floor":7,"key":"SneckoOil"},{"floor":11,"key":"EssenceOfSteel"},{"floor":12,"key":"Venom Potion"},{"floor":13,"key":"CultistPotion"},{"floor":16,"key":"Fire Potion"},{"floor":18,"key":"Ancient Potion"},{"floor":20,"key":"BloodPotion"},{"floor":21,"key":"Swift Potion"}],"is_trial":false,"path_per_floor":["M","M","?","M","M","M","M","M","T","R","M","E","M","?","R","B",null,"M","$","M","M","?","E"],"character_chosen":"IRONCLAD","items_purchased":["ReplayTheSpireMod:Muscle Training","MerchantsRug"],"campfire_rested":1,"item_purchase_floors":[19,19],"current_hp_per_floor":[61,66,54,55,55,57,52,58,58,58,58,48,42,42,66,40,80,67,67,59,31,31,0,0],"gold":86,"neow_bonus":"ONE_RARE_RELIC","is_daily":false,"chose_seed":false,"campfire_upgraded":1,"win_rate":0.0,"timestamp":1613787067,"path_taken":["M","?","?","M","M","M","M","M","T","R","M","E","M","?","R","BOSS","M","$","M","M","?","E"],"items_purchased_type":["Card","Relic"],"build_version":"2020-12-22","purchased_purges":1,"victory":false,"max_hp_per_floor":[80,80,80,80,80,80,80,80,80,80,80,80,80,80,80,80,80,80,80,80,80,80,80,80],"card_choices":[{"not_picked":["Clothesline","Sever Soul"],"picked":"Anger","floor":1},{"not_picked":["ReplayTheSpireMod:Strike From Hell","Body Slam","Ghostly Armor"],"picked":"SKIP","floor":2},{"not_picked":["Clothesline","Sever Soul","Body Slam"],"picked":"SKIP","floor":4},{"not_picked":["Feel No Pain","hubris:ReadiedAction"],"picked":"Carnage","floor":5},{"not_picked":["Cleave","Wild Strike","Defy Death"],"picked":"SKIP","floor":6},{"not_picked":["Whirlwind","Reckless Charge"],"picked":"Spot Weakness","floor":7},{"not_picked":["Havoc","hubris:StunningStrike"],"picked":"Heavy Blade","floor":8},{"not_picked":["Havoc","Rage","Clothesline"],"picked":"SKIP","floor":11},{"not_picked":["Entrench","Carnage","Armaments"],"picked":"SKIP","floor":12},{"not_picked":["Abandon","True Grit","Hemogenesis"],"picked":"SKIP","floor":13},{"not_picked":["Fiend Fire","Impervious"],"picked":"Demon Form","floor":16},{"not_picked":["ReplayTheSpireMod:Strike From Hell+1","Clash","True Grit"],"picked":"SKIP","floor":18},{"not_picked":["Searing Blow","ReplayTheSpireMod:Strike From Hell","Rage"],"picked":"SKIP","floor":20},{"not_picked":["Searing Blow","Headbutt","Armaments"],"picked":"SKIP","floor":21}],"player_experience":335763,"relics_obtained":[{"floor":9,"key":"White Beast Statue"},{"floor":12,"key":"infinitespire:Satchel"}],"event_choices":[{"damage_healed":0,"gold_gain":0,"player_choice":"Success","damage_taken":12,"relics_obtained":["hubris:SlimyHat"],"max_hp_gain":0,"max_hp_loss":0,"event_name":"Scrap Ooze","floor":3,"gold_loss":0},{"damage_healed":0,"gold_gain":0,"player_choice":"Forge","damage_taken":0,"max_hp_gain":0,"max_hp_loss":0,"event_name":"Accursed Blacksmith","floor":22,"gold_loss":0,"cards_upgraded":["ReplayTheSpireMod:Muscle Training"]}],"is_beta":false,"boss_relics":[{"not_picked":["ReplayTheSpireMod:SealedPack","hubris:VirtuousBlindfold"],"picked":"Philosopher\u0027s Stone"}],"items_purged_floors":[19],"is_endless":false,"potions_floor_spawned":[2,4,7,11,12,13,16,18,20,21],"killed_by":"Gremlin Leader","ascension_level":1}}