{"host":"x4ats5ishrj7ufnw","time":1613855221,"event":{"mods":["BaseMod","Colored Map","Colored Powertips","DeckTracker","KOR Keyword Fix","Minty Spire (QoL Compilation)","Permanent Neow","Quick Restart","Relic Stats","StSLib","SuperFastMode"],"gold_per_floor":[109,109,109,34,34,47,59,59,59,79,29,55,55,82,82,82,82],"floor_reached":16,"language":"KOR","playtime":268,"items_purged":["Strike_B"],"score":133,"play_id":"c10dded5-3f90-4405-af5c-35189e036759","local_time":"20210221060701","is_ascension_mode":false,"campfire_choices":[{"data":"Defragment","floor":8,"key":"SMITH"},{"floor":15,"key":"REST"}],"circlet_count":0,"master_deck":["Strike_B","Strike_B","Strike_B","Defend_B","Defend_B","Defend_B","Zap","Dualcast","Self Repair","Defragment+1","Conserve Battery"],"relics":["Cracked Core","NeowsBlessing","Pear","Dream Catcher","Girya","Regal Pillow"],"acts_visited":["Exordium"],"potions_floor_usage":[14],"damage_taken":[{"damage":0,"enemies":"Jaw Worm","floor":1,"turns":1},{"damage":0,"enemies":"2 Louse","floor":6,"turns":1},{"damage":0,"enemies":"Small Slimes","floor":7,"turns":1},{"damage":7,"enemies":"2 Fungi Beasts","floor":10,"turns":4},{"damage":35,"enemies":"Gremlin Nob","floor":12,"turns":5},{"damage":31,"enemies":"Lagavulin","floor":14,"turns":6},{"damage":74,"enemies":"Slime Boss","floor":16,"turns":10}],"seed_played":"341575416478884014","potions_obtained":[{"floor":1,"key":"Strength Potion"},{"floor":7,"key":"Dexterity Potion"},{"floor":10,"key":"AttackPotion"},{"floor":14,"key":"PotionOfCapacity"}],"is_trial":false,"path_per_floor":["M","$","?","$","?","M","M","R","T","M","?","E","?","E","R","B"],"character_chosen":"DEFECT","items_purchased":[],"campfire_rested":1,"item_purchase_floors":[],"current_hp_per_floor":[75,75,75,75,80,80,80,80,90,90,90,62,50,26,68,0,0],"gold":82,"neow_bonus":"THREE_ENEMY_KILL","is_daily":false,"chose_seed":false,"campfire_upgraded":1,"win_rate":0.0,"timestamp":1613855221,"path_taken":["M","$","?","$","?","M","M","R","T","M","?","E","?","E","R","BOSS"],"items_purchased_type":[],"build_version":"2020-12-22","purchased_purges":1,"victory":false,"max_hp_per_floor":[75,75,75,75,80,80,80,80,90,90,90,90,90,90,90,90,90],"relic_stats":{"Dream Catcher":1,"Regal Pillow":15,"counters":[7,28],"obtain_stats":[{"Girya":13,"Dream Catcher":12,"Regal Pillow":14,"Pear":9,"NeowsBlessing":0,"Cracked Core":0},{"Girya":5,"Dream Catcher":5,"Regal Pillow":6,"Pear":3,"NeowsBlessing":0,"Cracked Core":0},{"Girya":12,"Dream Catcher":12,"Regal Pillow":18,"Pear":3,"NeowsBlessing":0,"Cracked Core":0}]},"card_choices":[{"not_picked":["BootSequence","Compile Driver","Cold Snap"],"picked":"SKIP","floor":1},{"not_picked":["Double Energy","Streamline"],"picked":"Self Repair","floor":6},{"not_picked":["Compile Driver","Sweeping Beam"],"picked":"Defragment","floor":7},{"not_picked":["Sweeping Beam","Ball Lightning","Force Field"],"picked":"SKIP","floor":10},{"not_picked":["Streamline","Redo","Doom and Gloom"],"picked":"SKIP","floor":12},{"not_picked":["FTL","Go for the Eyes","Rainbow"],"picked":"SKIP","floor":14},{"not_picked":["Double Energy","Streamline"],"picked":"Conserve Battery","floor":15}],"player_experience":2546,"relics_obtained":[{"floor":9,"key":"Pear"},{"floor":12,"key":"Dream Catcher"},{"floor":14,"key":"Regal Pillow"}],"event_choices":[{"damage_healed":0,"gold_gain":0,"player_choice":"Ignored","damage_taken":0,"max_hp_gain":0,"max_hp_loss":0,"event_name":"Liars Game","floor":3,"gold_loss":0},{"damage_healed":0,"gold_gain":0,"player_choice":"Donut","damage_taken":0,"max_hp_gain":5,"max_hp_loss":0,"event_name":"Big Fish","floor":5,"gold_loss":0},{"cards_removed":["Defend_B"],"damage_healed":0,"gold_gain":0,"player_choice":"Card Removal","damage_taken":0,"max_hp_gain":0,"max_hp_loss":0,"event_name":"The Cleric","floor":11,"gold_loss":50},{"damage_healed":0,"gold_gain":0,"player_choice":"Success","damage_taken":12,"relics_obtained":["Girya"],"max_hp_gain":0,"max_hp_loss":0,"event_name":"Scrap Ooze","floor":13,"gold_loss":0}],"is_beta":false,"boss_relics":[],"items_purged_floors":[4],"is_endless":false,"potions_floor_spawned":[1,7,10,12,14],"killed_by":"Slime Boss","ascension_level":0}}