{"host":"h053bmw6xomhy8md","time":1613846115,"event":{"mods":["AchievementEnabler","BaseMod","Colored Map","Colored Powertips","Highlight Path","Minty Spire (QoL Compilation)"],"gold_per_floor":[116,116,130,144,155,188,188,221,221,239,111,111,125,125,125,253,253,272,292,242,265,290,42,67,107,133,147,165,165,40,40,40,159,159,179,199,49,382,382,382,393,393,448,100,128,128,128,178,178,178],"floor_reached":51,"language":"ENG","playtime":3577,"items_purged":["Regret","Strike_G","Strike_G","Strike_G","Defend_G"],"score":782,"play_id":"67b99b6c-c460-4778-bf95-bd3947fa4567","local_time":"20210220133515","is_ascension_mode":false,"campfire_choices":[{"data":"Infinite Blades","floor":7,"key":"SMITH"},{"floor":12,"key":"REST"},{"data":"Burst","floor":15,"key":"SMITH"},{"data":"Tools of the Trade","floor":29,"key":"SMITH"},{"data":"Adrenaline","floor":32,"key":"SMITH"},{"data":"Backflip","floor":40,"key":"SMITH"},{"data":"PiercingWail","floor":42,"key":"SMITH"},{"data":"Malaise","floor":46,"key":"SMITH"},{"floor":49,"key":"REST"}],"circlet_count":0,"master_deck":["Strike_G","Strike_G+1","Defend_G+1","Defend_G","Defend_G+1","Defend_G","Survivor","Neutralize+1","Blade Dance","Burst+1","Dagger Spray","Dagger Throw","Infinite Blades+1","Acrobatics","Backflip+1","Adrenaline+1","Tools of the Trade+1","PiercingWail+1","Malaise+1","Slice+1","Dagger Spray+1","Blade Dance"],"relics":["Ring of the Snake","Whetstone","Tough Bandages","Nunchaku","Mercury Hourglass","Toy Ornithopter","WristBlade","Lantern","Shuriken","Bronze Scales","HoveringKite","War Paint","Gremlin Horn","Tingsha"],"acts_visited":["Exordium","TheCity","TheBeyond"],"potions_floor_usage":[6,16,16,21,25,27,33,50,50],"damage_taken":[{"damage":0,"enemies":"Jaw Worm","floor":1,"turns":5},{"damage":3,"enemies":"2 Louse","floor":3,"turns":3},{"damage":4,"enemies":"Small Slimes","floor":4,"turns":3},{"damage":7,"enemies":"Red Slaver","floor":5,"turns":4},{"damage":21,"enemies":"Gremlin Nob","floor":6,"turns":5},{"damage":23,"enemies":"3 Sentries","floor":8,"turns":7},{"damage":6,"enemies":"Large Slime","floor":10,"turns":6},{"damage":1,"enemies":"Blue Slaver","floor":13,"turns":4},{"damage":12,"enemies":"Hexaghost","floor":16,"turns":10},{"damage":0,"enemies":"3 Byrds","floor":18,"turns":3},{"damage":0,"enemies":"Spheric Guardian","floor":19,"turns":2},{"damage":7,"enemies":"Snecko","floor":21,"turns":5},{"damage":19,"enemies":"Cultist and Chosen","floor":22,"turns":5},{"damage":6,"enemies":"Snake Plant","floor":24,"turns":5},{"damage":0,"enemies":"Slavers","floor":25,"turns":3},{"damage":0,"enemies":"Shelled Parasite and Fungi","floor":27,"turns":4},{"damage":0,"enemies":"Centurion and Healer","floor":28,"turns":3},{"damage":15,"enemies":"Champ","floor":33,"turns":7},{"damage":0,"enemies":"3 Darklings","floor":35,"turns":4},{"damage":5,"enemies":"Orb Walker","floor":36,"turns":3},{"damage":5,"enemies":"Maw","floor":41,"turns":7},{"damage":4,"enemies":"Giant Head","floor":45,"turns":5},{"damage":21,"enemies":"Mind Bloom Boss Battle","floor":48,"turns":5},{"damage":0,"enemies":"Awakened One","floor":50,"turns":8}],"seed_played":"2921208032224777748","potions_obtained":[{"floor":4,"key":"Dexterity Potion"},{"floor":10,"key":"Fire Potion"},{"floor":13,"key":"DistilledChaos"},{"floor":16,"key":"SkillPotion"},{"floor":21,"key":"LiquidBronze"},{"floor":22,"key":"FairyPotion"},{"floor":25,"key":"BlessingOfTheForge"},{"floor":28,"key":"LiquidMemories"}],"is_trial":false,"path_per_floor":["M","?","M","M","M","E","R","E","T","M","$","R","M","?","R","B",null,"M","M","?","M","M","$","M","E","T","M","M","R","$","?","R","B",null,"M","M","$","?","?","R","M","R","T","$","E","R","?","?","R","B",null],"character_chosen":"THE_SILENT","items_purchased":["Backflip","Lantern","CultistPotion","EssenceOfSteel"],"campfire_rested":2,"item_purchase_floors":[11,23,44,44],"current_hp_per_floor":[70,70,67,63,56,35,35,12,12,6,6,27,26,26,26,24,65,65,65,65,58,39,39,33,38,38,43,43,43,43,43,43,33,65,65,60,60,60,60,60,55,55,55,55,51,51,51,30,48,58],"gold":178,"neow_bonus":"RANDOM_COMMON_RELIC","is_daily":false,"chose_seed":false,"campfire_upgraded":7,"win_rate":0.0,"timestamp":1613846115,"path_taken":["M","?","M","M","M","E","R","E","T","M","$","R","M","?","R","BOSS","M","M","?","?","M","$","M","E","T","M","M","R","?","?","R","BOSS","M","M","$","?","?","R","M","R","T","$","E","R","?","?","R","BOSS"],"items_purchased_type":["Card","Relic","Potion","Potion"],"build_version":"2020-12-22","purchased_purges":5,"victory":true,"max_hp_per_floor":[70,70,70,70,70,70,70,70,70,70,70,70,70,65,65,65,65,65,65,65,65,65,65,65,65,65,65,65,65,65,65,65,65,65,65,65,65,65,65,65,65,65,65,65,65,65,62,62,62,62],"card_choices":[{"not_picked":["Dagger Throw","All Out Attack"],"picked":"Blade Dance","floor":1},{"not_picked":["Acrobatics","Quick Slash"],"picked":"Burst","floor":3},{"not_picked":["Crippling Poison","Dodge and Roll"],"picked":"Dagger Spray","floor":4},{"not_picked":["Dagger Spray","Deadly Poison"],"picked":"Dagger Throw","floor":5},{"not_picked":["Masterful Stab","Outmaneuver"],"picked":"Infinite Blades","floor":6},{"not_picked":["Sucker Punch","Choke","Noxious Fumes"],"picked":"SKIP","floor":8},{"not_picked":["Slice","Outmaneuver"],"picked":"Acrobatics","floor":10},{"not_picked":["Flying Knee","Caltrops","Quick Slash"],"picked":"SKIP","floor":13},{"not_picked":["Unload","Corpse Explosion"],"picked":"Adrenaline","floor":16},{"not_picked":["Dagger Throw","Outmaneuver","Bane"],"picked":"SKIP","floor":18},{"not_picked":["Skewer","Heel Hook","Dagger Throw"],"picked":"SKIP","floor":19},{"not_picked":["Dagger Throw","Riddle With Holes+1","Sucker Punch"],"picked":"SKIP","floor":21},{"not_picked":["Bane","Blur","Backflip"],"picked":"SKIP","floor":22},{"not_picked":["Flechettes+1","Dagger Throw+1","Eviscerate+1"],"picked":"SKIP","floor":24},{"not_picked":["Expertise","Eviscerate"],"picked":"Slice","floor":25},{"not_picked":["PiercingWail","Backflip"],"picked":"Tools of the Trade","floor":27},{"not_picked":["Backstab","Caltrops"],"picked":"PiercingWail","floor":28},{"not_picked":["Glass Knife","Doppelganger"],"picked":"Malaise","floor":33},{"not_picked":["Deadly Poison+1","Acrobatics","Eviscerate+1"],"picked":"SKIP","floor":35},{"not_picked":["Flying Knee","Backflip"],"picked":"Slice+1","floor":36},{"not_picked":["Wraith Form v2","PiercingWail"],"picked":"Dagger Spray+1","floor":41},{"not_picked":["Deflect+1","Calculated Gamble","Poisoned Stab+1"],"picked":"SKIP","floor":45},{"not_picked":["Predator+1","Deflect"],"picked":"Blade Dance","floor":48}],"player_experience":23925,"relics_obtained":[{"floor":6,"key":"Nunchaku"},{"floor":8,"key":"Mercury Hourglass"},{"floor":9,"key":"Toy Ornithopter"},{"floor":25,"key":"Shuriken"},{"floor":26,"key":"Bronze Scales"},{"floor":43,"key":"War Paint"},{"floor":45,"key":"Gremlin Horn"},{"floor":48,"key":"Tingsha"}],"event_choices":[{"damage_healed":0,"gold_gain":0,"player_choice":"Box","damage_taken":0,"relics_obtained":["Tough Bandages"],"max_hp_gain":0,"max_hp_loss":0,"event_name":"Big Fish","floor":2,"gold_loss":0,"cards_obtained":["Regret"]},{"damage_healed":0,"gold_gain":0,"player_choice":"Lose Max HP","damage_taken":0,"relics_obtained":["Golden Idol"],"max_hp_gain":0,"max_hp_loss":5,"event_name":"Golden Idol","floor":14,"gold_loss":0},{"damage_healed":0,"gold_gain":0,"player_choice":"Bet on Murderer","damage_taken":0,"max_hp_gain":0,"max_hp_loss":0,"event_name":"The Joust","floor":20,"gold_loss":50},{"damage_healed":0,"gold_gain":0,"player_choice":"Ignored","damage_taken":0,"max_hp_gain":0,"max_hp_loss":0,"event_name":"The Mausoleum","floor":31,"gold_loss":0},{"damage_healed":0,"gold_gain":333,"player_choice":"Gave Idol","damage_taken":0,"max_hp_gain":0,"max_hp_loss":0,"event_name":"The Moai Head","floor":38,"relics_lost":["Golden Idol"],"gold_loss":0},{"cards_removed":["Slice"],"damage_healed":0,"gold_gain":0,"player_choice":"Removed Attack","damage_taken":0,"max_hp_gain":0,"max_hp_loss":0,"event_name":"Falling","floor":39,"gold_loss":0},{"damage_healed":0,"gold_gain":0,"player_choice":"Max HP","damage_taken":0,"max_hp_gain":0,"max_hp_loss":3,"event_name":"Winding Halls","floor":47,"gold_loss":0},{"damage_healed":0,"gold_gain":0,"player_choice":"Fight","damage_taken":0,"max_hp_gain":0,"max_hp_loss":0,"event_name":"MindBloom","floor":48,"gold_loss":0}],"is_beta":false,"boss_relics":[{"not_picked":["Black Star","Philosopher\u0027s Stone"],"picked":"WristBlade"},{"not_picked":["Fusion Hammer","Runic Pyramid"],"picked":"HoveringKite"}],"items_purged_floors":[11,23,30,37,44],"is_endless":false,"potions_floor_spawned":[4,10,13,16,21,22,25,28,45],"ascension_level":0}}