{"host":"6r9t33axn0fzb9aq","time":1613832779,"event":{"mods":["Aspiration","BaseMod","Better Altar","Better Match","Better Note","Better Third Choice","Bossed Relics","CatGirl Mod","Clockwork Mod","Colored Map","Colored Powertips","Conspire","Curses Come First","Custom Start","Energized Spire","Halation","Hubris","Infinite Spire","Koishi","Marisa????????","Minty Spire (QoL Compilation)","Onozuka Komachi Mod","Poor People Problems","Reliquary","Remilia??????","Replay The Spire","Reworked Bosses","Shade Mod","Spicy Shops","Spire Arcade","StSLib","The Administrix","The Blackbeard","The Bladedancer","The Blue Laboratory","The Cursed","The Death Knight","The Hierophant","The Marked","The Necromancer","The Servant 0.9.4","TheHero","Trackpad","Waifu the Spire","Wandering Minibosses"],"gold_per_floor":[116,216,216,233,247,279,295,326,326,356,356,382,185,232,232,351,351,384,422,304,343,199,251,251,290,290,344,344,344,375,414,414,536,536,554,403,403,403,451,500,500,166,166,282,282,316,332,380,380,501,501,513,546,546,496,514,541,573,594,641,641,676,461,481,204,204,330,330,357,285,285,186,196,196,196,216,268,294,363,421,137,164,164,289,289,313,363,363,363,403,438,338,378,378,378,416,440,482,539,551,664,676,676,676],"floor_reached":102,"language":"ENG","playtime":4290,"items_purged":["blackbeard:RearmingStrike","blackbeard:Fencing","blackbeard:GoldenStrike"],"score":3065,"play_id":"f4657c89-b664-45f1-9d34-ce1b65993469","local_time":"20210220145259","daily_mods":["Vintage","Heirloom","Time Dilation","Flight","DeadlyEvents","Elite Swarm","Binary"],"is_ascension_mode":false,"campfire_choices":[{"data":"blackbeard:Rum","floor":11.0,"key":"SMITH"},{"data":"blackbeard:Cutlass","floor":11.0,"key":"SMITH"},{"data":"blackbeard:BuriedTreasure","floor":15.0,"key":"SMITH"},{"data":"blackbeard:BlindAttacks","floor":24.0,"key":"SMITH"},{"data":"blackbeard:Fencing","floor":24.0,"key":"SMITH"},{"data":"blackbeard:Spear","floor":32.0,"key":"SMITH"},{"data":"blackbeard:Spear","floor":32.0,"key":"SMITH"},{"data":"hubris:DuctTapeCard","floor":49.0,"key":"SMITH"},{"data":"blackbeard:GoldenCannonball","floor":49.0,"key":"SMITH"},{"data":"1","floor":66.0,"key":"LIFT"},{"data":"2","floor":74.0,"key":"LIFT"},{"data":"3","floor":75.0,"key":"LIFT"},{"data":"blackbeard:GoldenStrike","floor":83.0,"key":"SMITH"},{"data":"blackbeard:GoldenDefense","floor":83.0,"key":"SMITH"},{"data":"blackbeard:GoldenDefense","floor":100,"key":"SMITH"}],"circlet_count":0,"master_deck":["blackbeard:BlackbeardStrike","blackbeard:BlackbeardStrike","blackbeard:BlackbeardStrike","blackbeard:IntimidatingStrike","blackbeard:BlackbeardDefend","blackbeard:BlackbeardDefend","blackbeard:BlackbeardDefend","blackbeard:BlackbeardDefend","blackbeard:Cutlass+1","blackbeard:BuriedTreasure+1","blackbeard:CannonballSupply+1","blackbeard:Fencing+1","blackbeard:GoldenDefense+1","blackbeard:Spear+1","blackbeard:Spear+1","blackbeard:GoldenCannonball+1","blackbeard:GoldenStrike+1","blackbeard:BuriedTreasure+1","blackbeard:GoldenCannonball+1","blackbeard:Rum+1","blackbeard:GoldenCannonball+1","blackbeard:GoldenStrike+1","blackbeard:GoldenStrike+1","AbeCurse","hubris:DuctTapeCard"],"relics":["blackbeard:LoadTheCannons","Busted Crown","replay:Trail_Library","hubris:FunFungus","blackbeard:Spearhead","aspiration:StickyExplosives_weak","reliquary:PrincelyHelmet","Replay:WaspNest","infinitespire:EmpoweringShard","InkBottle","DeathKnight:SindragosasSkull","halation:PenCase","aspiration:ChemicalBlood","Bag of Marbles","Nunchaku","Nunchaku","trackpad:WondrousWand","halation:NonexistentMirror","Quantum Egg","trackpad:WritersBlock","Durian","Toy Ornithopter","Prayer Wheel","trackpad:Compendium","SacredBark","DeathKnight:PutricidesVial","PreservedInsect","hubris:Potato","energizedSpire:DeadBattery","theCatGirl:Ambush","Bronze Scales","trackpad:ByrdCharm","Membership Card","BargainBundle","Ginger","hubris:DuctTape","infinitespire:Beetle Shell","trackpad:WindUpAutoDealer","hubris:DeckOfHolding","Black Star","replay:Trail_Library","Vajra","Unceasing Top","hubris:OldNail","reliquary:PurpleTingedLeaf","reliquary:TuningFork","trackpad:PetRock","trackpad:AdjectivePendant","Oddly Smooth Stone","halation:AfternoonTea","hubris:SlimyHat","reliquary:RosewoodLute","Iron Hammer","reliquary:BallBearing","Strange Spoon","Pen Nib","Replay:Towering Pillar of Hats","reliquary:SilkGlove","Matryoshka","Girya","hubris:Backtick","Golden Egg","CaptainsWheel","Guide Book","Turnip","reliquary:Knoch","halation:WeightlessCrab","infinitespire:Lucky Rock","Dream Catcher","Gremlin Food","Centennial Puzzle","blackbeard:TreasureChest","blackbeard:MagicalCauldron","Pondfish Scales","halation:PrussianBluePaint","blackbeard:CannonballsOfSteel","Shuriken","aspiration:FrozenJewel","Abe\u0027s Treasure","reliquary:WeakTea","Ornamental Fan","infinitespire:Magic Flask","infinitespire:FocusingShard","conspire:TopHat","reliquary:PorcupineQuills","reliquary:Sideboard","Calipers","Replay:Kaleidoscope","blackbeard:WhitePearl","FossilizedHelix","Pantograph","aspiration:AnachronicSnailShell","conspire:Boomerang","Regal Pillow","MawBank","halation:LettersToHer"],"acts_visited":["Exordium","TheCity","TheBeyond","Exordium","TheCity","TheBeyond","Exordium"],"potions_floor_usage":[],"damage_taken":[{"damage":0.0,"enemies":"Small Slimes","floor":1.0,"turns":2.0},{"damage":0.0,"enemies":"Cultist","floor":4.0,"turns":2.0},{"damage":0.0,"enemies":"Jaw Worm","floor":5.0,"turns":2.0},{"damage":8.0,"enemies":"Lagavulin","floor":6.0,"turns":5.0},{"damage":0.0,"enemies":"Red Slaver","floor":7.0,"turns":2.0},{"damage":14.0,"enemies":"3 Sentries","floor":8.0,"turns":5.0},{"damage":3.0,"enemies":"Lagavulin","floor":10.0,"turns":5.0},{"damage":6.0,"enemies":"Gremlin Nob","floor":12.0,"turns":3.0},{"damage":0.0,"enemies":"Lagavulin","floor":14.0,"turns":3.0},{"damage":0.0,"enemies":"Slime Boss","floor":16.0,"turns":6.0},{"damage":0.0,"enemies":"Chosen","floor":18.0,"turns":2.0},{"damage":4.0,"enemies":"Spheric Guardian","floor":19.0,"turns":4.0},{"damage":0.0,"enemies":"3 Cultists","floor":21.0,"turns":3.0},{"damage":0.0,"enemies":"conspire:Head Lice","floor":23.0,"turns":6.0},{"damage":0.0,"enemies":"Snecko","floor":25.0,"turns":2.0},{"damage":0.0,"enemies":"Book of Stabbing","floor":27.0,"turns":3.0},{"damage":0.0,"enemies":"Slavers","floor":30.0,"turns":2.0},{"damage":0.0,"enemies":"Chosen and Byrds","floor":31.0,"turns":3.0},{"damage":0.0,"enemies":"bossMod:newChamp","floor":33.0,"turns":5.0},{"damage":0.0,"enemies":"3 Darklings","floor":35.0,"turns":1.0},{"damage":0.0,"enemies":"R_Hoarder","floor":39.0,"turns":4.0},{"damage":0.0,"enemies":"Giant Head","floor":40.0,"turns":5.0},{"damage":0.0,"enemies":"Nightmare","floor":44.0,"turns":4.0},{"damage":0.0,"enemies":"Giant Head","floor":46.0,"turns":2.0},{"damage":0.0,"enemies":"Orb Walker","floor":47.0,"turns":1.0},{"damage":0.0,"enemies":"R_Hoarder","floor":48.0,"turns":5.0},{"damage":0.0,"enemies":"bossMod:newAwakened","floor":50.0,"turns":10.0},{"damage":0.0,"enemies":"Cultist","floor":52.0,"turns":1.0},{"damage":0.0,"enemies":"2 Louse","floor":53.0,"turns":1.0},{"damage":0.0,"enemies":"Lagavulin","floor":56.0,"turns":1.0},{"damage":0.0,"enemies":"Gremlin Nob","floor":57.0,"turns":1.0},{"damage":0.0,"enemies":"Jaw Worm","floor":58.0,"turns":1.0},{"damage":0.0,"enemies":"Lagavulin","floor":59.0,"turns":1.0},{"damage":0.0,"enemies":"3 Sentries","floor":62.0,"turns":1.0},{"damage":0.0,"enemies":"Lagavulin","floor":64.0,"turns":1.0},{"damage":0.0,"enemies":"Hexaghost","floor":67.0,"turns":2.0},{"damage":0.0,"enemies":"Shell Parasite","floor":69.0,"turns":1.0},{"damage":0.0,"enemies":"Chosen","floor":73.0,"turns":1.0},{"damage":0.0,"enemies":"Slavers","floor":76.0,"turns":1.0},{"damage":0.0,"enemies":"Gremlin Leader","floor":78.0,"turns":1.0},{"damage":0.0,"enemies":"Book of Stabbing","floor":79.0,"turns":1.0},{"damage":0.0,"enemies":"Gremlin Leader","floor":80.0,"turns":1.0},{"damage":0.0,"enemies":"Snake Plant","floor":82.0,"turns":1.0},{"damage":0.0,"enemies":"conspire:MysteriousRune","floor":84.0,"turns":2.0},{"damage":0.0,"enemies":"3 Darklings","floor":86.0,"turns":1.0},{"damage":0.0,"enemies":"Orb Walker","floor":87.0,"turns":1.0},{"damage":0.0,"enemies":"R_Hoarder","floor":90.0,"turns":1.0},{"damage":0.0,"enemies":"Reptomancer","floor":91.0,"turns":1.0},{"damage":0.0,"enemies":"Nemesis","floor":93.0,"turns":1.0},{"damage":0.0,"enemies":"R_Hoarder","floor":96.0,"turns":1.0},{"damage":0.0,"enemies":"Maw","floor":97.0,"turns":1.0},{"damage":0.0,"enemies":"Nemesis","floor":98.0,"turns":1.0},{"damage":0,"enemies":"bossMod:newAwakened","floor":101,"turns":3}],"seed_played":"-4186639191956323703","potions_obtained":[{"floor":4.0,"key":"Adrenaline Potion"},{"floor":5.0,"key":"Strength Potion"},{"floor":8.0,"key":"LiquidMemories"},{"floor":19.0,"key":"blueLaboratory:PyrophylliteBrew"},{"floor":23.0,"key":"blueLaboratory:LouseDecoction"},{"floor":25.0,"key":"Adrenaline Potion"},{"floor":50.0,"key":"Adrenaline Potion"},{"floor":52.0,"key":"blackbeard:OrangeJuicePotion"},{"floor":69.0,"key":"Reflective Coating"}],"is_trial":true,"path_per_floor":["M","?","$","M","M","E","M","E","T","E","R","E","$","E","R_BF","B",null,"M","M","$","M","$","E","R","M","T","E","?","AVR","E","M","R","B",null,"M","$","AVR","?","E","E","T","$","T","NM","$","E","M","E","R","B",null,"M","M","T","?","E","E","M","E","T","T","E","$","E","$","R","B",null,"M","$","?","$","M","R","R","E","T","E","E","E","$","M","R","B",null,"M","M","?","AVR","E","E","NS","E","T","?","E","M","E","T","R","B",null],"character_chosen":"BLACKBEARD_CLASS","items_purchased":["Bag of Marbles","blackbeard:BuriedTreasure","blackbeard:CannonballSupply+1","blackbeard:Fencing","blackbeard:GoldenDefense","blackbeard:BlindAttacks","halation:NonexistentMirror","PreservedInsect","Membership Card","BargainBundle","blackbeard:Bandana","blackbeard:GoldenCannonball","Strange Spoon","blackbeard:GoldenCannonball","Pen Nib","Matryoshka","Girya","blackbeard:Rum","blackbeard:GoldenCannonball","blackbeard:GoldenStrike","Guide Book","blackbeard:CannonballsOfSteel","Shuriken","blackbeard:GoldenStrike"],"campfire_rested":0,"item_purchase_floors":[13,13,13,20,20,20,22,36,42,42,42,42,63,63,63,65,65,70,70,72,72,81,81,81],"current_hp_per_floor":[75,75,75,75,75,67,67,55,55,52,52,47,47,47,47,48,75,75,71,71,71,71,72,72,73,73,79,80,80,80,80,80,80,80,80,80,80,77,82,82,82,82,82,82,82,82,82,82,82,82,82,82,82,82,82,82,82,82,82,82,82,82,82,82,82,82,82,82,82,82,82,82,82,82,82,82,82,82,82,82,82,82,82,82,82,82,82,82,82,82,82,82,82,82,82,82,82,82,82,82,82,82,82,82],"gold":676,"neow_bonus":"","is_daily":false,"chose_seed":false,"campfire_upgraded":12,"win_rate":0.0,"timestamp":1613832779,"path_taken":["M","?","$","?","M","E","M","E","T","E","R","E","$","E","R_BF","BOSS","M","M","$","?","$","E","R","?","T","?","?","AVR","E","M","R","BOSS","M","?","AVR","?","?","E","?","$","T","NM","$","E","?","?","R","BOSS","M","M","?","?","?","E","?","E","T","?","?","$","E","$","R","BOSS","M","$","?","$","?","R","R","E","T","?","?","E","?","M","R","BOSS","M","?","?","AVR","?","E","NS","E","T","?","?","?","E","?","R","BOSS"],"items_purchased_type":["Relic","Card","Card","Card","Card","Card","Relic","Relic","Relic","Relic","Card","Card","Relic","Card","Relic","Relic","Relic","Card","Card","Card","Relic","Relic","Relic","Card"],"build_version":"2020-12-22","purchased_purges":3,"victory":false,"max_hp_per_floor":[75,75,75,75,75,75,75,75,75,75,75,75,75,75,75,75,75,75,75,75,75,75,75,75,75,75,80,80,80,80,80,80,80,80,80,80,80,80,82,82,82,82,82,82,82,82,82,82,82,82,82,82,82,82,82,82,82,82,82,82,82,82,82,82,82,82,82,82,82,82,82,82,82,82,82,82,82,82,82,82,82,82,82,82,82,82,82,82,82,82,82,82,82,82,82,82,82,82,82,82,82,82,82,82],"card_choices":[],"player_experience":491417,"relics_obtained":[{"floor":1.0,"key":"blackbeard:Spearhead"},{"floor":4.0,"key":"aspiration:StickyExplosives_weak"},{"floor":5.0,"key":"reliquary:PrincelyHelmet"},{"floor":6.0,"key":"Replay:WaspNest"},{"floor":7.0,"key":"infinitespire:EmpoweringShard"},{"floor":8.0,"key":"InkBottle"},{"floor":9.0,"key":"DeathKnight:SindragosasSkull"},{"floor":10.0,"key":"halation:PenCase"},{"floor":12.0,"key":"aspiration:ChemicalBlood"},{"floor":14.0,"key":"Nunchaku"},{"floor":18.0,"key":"reliquary:SculptingSteel"},{"floor":21.0,"key":"trackpad:WondrousWand"},{"floor":25.0,"key":"Quantum Egg"},{"floor":26.0,"key":"trackpad:WritersBlock"},{"floor":27.0,"key":"Durian"},{"floor":30.0,"key":"Prayer Wheel"},{"floor":31.0,"key":"trackpad:Compendium"},{"floor":35.0,"key":"DeathKnight:PutricidesVial"},{"floor":39.0,"key":"theCatGirl:Ambush"},{"floor":40.0,"key":"Bronze Scales"},{"floor":41.0,"key":"trackpad:ByrdCharm"},{"floor":43.0,"key":"Ginger"},{"floor":44.0,"key":"hubris:DuctTape"},{"floor":46.0,"key":"infinitespire:Beetle Shell"},{"floor":47.0,"key":"reliquary:FerryPass"},{"floor":48.0,"key":"trackpad:WindUpAutoDealer"},{"floor":48.0,"key":"hubris:DeckOfHolding"},{"floor":52.0,"key":"Vajra"},{"floor":53.0,"key":"Unceasing Top"},{"floor":54.0,"key":"hubris:OldNail"},{"floor":56.0,"key":"reliquary:PurpleTingedLeaf"},{"floor":56.0,"key":"reliquary:TuningFork"},{"floor":57.0,"key":"trackpad:PetRock"},{"floor":58.0,"key":"trackpad:AdjectivePendant"},{"floor":59.0,"key":"Oddly Smooth Stone"},{"floor":59.0,"key":"halation:AfternoonTea"},{"floor":60.0,"key":"hubris:SlimyHat"},{"floor":61.0,"key":"reliquary:RosewoodLute"},{"floor":62.0,"key":"Iron Hammer"},{"floor":62.0,"key":"reliquary:BallBearing"},{"floor":64.0,"key":"Replay:Towering Pillar of Hats"},{"floor":64.0,"key":"reliquary:SilkGlove"},{"floor":69.0,"key":"CaptainsWheel"},{"floor":73.0,"key":"Turnip"},{"floor":76.0,"key":"reliquary:Knoch"},{"floor":76.0,"key":"halation:WeightlessCrab"},{"floor":77.0,"key":"infinitespire:Lucky Rock"},{"floor":77.0,"key":"Dream Catcher"},{"floor":78.0,"key":"Gremlin Food"},{"floor":78.0,"key":"Centennial Puzzle"},{"floor":79.0,"key":"blackbeard:TreasureChest"},{"floor":79.0,"key":"blackbeard:MagicalCauldron"},{"floor":80.0,"key":"Pondfish Scales"},{"floor":80.0,"key":"halation:PrussianBluePaint"},{"floor":82.0,"key":"aspiration:FrozenJewel"},{"floor":86.0,"key":"reliquary:WeakTea"},{"floor":87.0,"key":"Ornamental Fan"},{"floor":90.0,"key":"infinitespire:FocusingShard"},{"floor":90.0,"key":"conspire:TopHat"},{"floor":91.0,"key":"reliquary:PorcupineQuills"},{"floor":91.0,"key":"reliquary:Sideboard"},{"floor":93.0,"key":"Calipers"},{"floor":93.0,"key":"Replay:Kaleidoscope"},{"floor":94.0,"key":"blackbeard:WhitePearl"},{"floor":94.0,"key":"FossilizedHelix"},{"floor":96.0,"key":"Pantograph"},{"floor":96.0,"key":"aspiration:AnachronicSnailShell"},{"floor":97.0,"key":"conspire:Boomerang"},{"floor":98.0,"key":"Regal Pillow"},{"floor":98.0,"key":"MawBank"},{"floor":99.0,"key":"halation:LettersToHer"}],"event_choices":[{"damage_healed":0.0,"max_hp_gain":0.0,"max_hp_loss":0.0,"gold_gain":100.0,"event_name":"Golden Shrine","player_choice":"Pray","floor":2.0,"gold_loss":0.0,"damage_taken":0.0},{"cards_removed":["blackbeard:BlindAttacks"],"damage_healed":5.0,"max_hp_gain":0.0,"max_hp_loss":0.0,"gold_gain":0.0,"event_name":"Bonfire Elementals","player_choice":"Offered Common","floor":28.0,"gold_loss":0.0,"damage_taken":0.0},{"cards_removed":["blackbeard:BlindAttacks"],"damage_healed":5.0,"max_hp_gain":0.0,"max_hp_loss":0.0,"gold_gain":0.0,"event_name":"Bonfire Elementals","player_choice":"Offered Special","floor":28.0,"gold_loss":0.0,"damage_taken":0.0},{"damage_healed":0.0,"max_hp_gain":0.0,"max_hp_loss":0.0,"gold_gain":0.0,"event_name":"Designer","player_choice":"Punched","floor":38.0,"gold_loss":0.0,"damage_taken":3.0},{"damage_healed":0.0,"max_hp_gain":0.0,"max_hp_loss":0.0,"gold_gain":0.0,"event_name":"blackbeard:GoldsmithEvent","player_choice":"blackbeard:GoldenStrike","floor":55.0,"gold_loss":0.0,"damage_taken":0.0,"cards_obtained":["blackbeard:GoldenStrike"]},{"damage_healed":0.0,"max_hp_gain":0.0,"max_hp_loss":0.0,"gold_gain":0.0,"event_name":"Vampires","player_choice":"Ignored","floor":71.0,"gold_loss":0.0,"damage_taken":0.0},{"damage_healed":0.0,"max_hp_gain":0.0,"max_hp_loss":0.0,"gold_gain":0.0,"event_name":"Wheel of Change","player_choice":"Full Heal","floor":88.0,"gold_loss":0.0,"damage_taken":0.0},{"damage_healed":0.0,"max_hp_gain":0.0,"max_hp_loss":0.0,"gold_gain":0.0,"event_name":"Mysterious Sphere","player_choice":"Ignored","floor":95.0,"gold_loss":0.0,"damage_taken":0.0}],"is_beta":false,"boss_relics":[{"not_picked":["aspiration:PoetsPen_weak","energizedSpire:EnergizedDie","halation:PinkAlligatorPlush"]},{"not_picked":["Replay:Ancient Bell","hubris:TerracottaHorce"],"picked":"SacredBark"},{"not_picked":["trackpad:Coffee","hubris:Backtick"],"picked":"Black Star"},{"not_picked":["infinitespire:Cupcake","ChewingGum"],"picked":"hubris:Backtick"},{"not_picked":["aspiration:RunicSpoon","conspire:SeveredTorchhead"],"picked":"Abe\u0027s Treasure"},{"not_picked":["halation:HeavySnake","halation:Risk","halation:Prosthetics"]}],"items_purged_floors":[42,63,81],"is_endless":true,"potions_floor_spawned":[4,5,8,19,23,25,27,39,44,47,50,52,56,58,59,62,69,73,78,80,96,97,98],"ascension_level":0}}