{"host":"vrsxkkch9ccrec7k","time":1613805289,"event":{"mods":["Act Like it!","BaseMod","Bestiary","Better Altar","Better Match","Better Note","Better Sensory Stone","Better Skull","Better Third Choice","Better Vampires","Downfall","Minty Spire (QoL Compilation)","Permanent Neow","Relic Stats","Spicy Shops","StSLib"],"gold_per_floor":[99,114,129,129,145,145,171,181,215,228,246,246,272,31,42,142,142,142,158,178,190,29,49,49,49,64,64,76,76,76,76],"floor_reached":29,"language":"ENG","playtime":1966,"items_purged":["Injury"],"score":451,"play_id":"77f80b04-abb9-49b4-ab56-68bd49525b68","local_time":"20210220021449","is_ascension_mode":true,"campfire_choices":[{"data":"Guardian:CurlUp","floor":1.0,"key":"SMITH"},{"data":"Guardian:WalkerClaw","floor":6.0,"key":"SMITH"},{"data":"Guardian:BodySlam","floor":18,"key":"SMITH"},{"floor":27,"key":"REST"}],"circlet_count":0,"master_deck":["AscendersBane","Guardian:Strike_Guardian","Guardian:Strike_Guardian","Guardian:Strike_Guardian","Guardian:Defend_Guardian","Guardian:Defend_Guardian","Guardian:Defend_Guardian","Guardian:Defend_Guardian","Guardian:CurlUp+1","Guardian:TwinSlam+1","Guardian:PolyBeam","Guardian:Planning","Guardian:WalkerClaw+1","Guardian:BodySlam+1","Guardian:GuardianWhirl","Guardian:Emergency","Guardian:ExploitGems","Guardian:DecasProtection","Guardian:TimeCapacitor","Guardian:Planning","Guardian:StasisEngine","Guardian:SentryBeam","Guardian:TemporalStrike","Guardian:Gem_Yellow"],"relics":["Guardian:ModeShifter","Vajra","Slimebound:PreparedRelic","FossilizedHelix","Guardian:StasisUpgradeRelic","Sozu","Lee\u0027s Waffle","Ornamental Fan"],"acts_visited":["Exordium","TheCity"],"potions_floor_usage":[16,23],"damage_taken":[{"damage":0.0,"enemies":"2 Louse","floor":2.0,"turns":2.0},{"damage":7.0,"enemies":"Jaw Worm","floor":3.0,"turns":4.0},{"damage":6.0,"enemies":"Cultist","floor":5.0,"turns":3.0},{"damage":8.0,"enemies":"Blue Slaver","floor":8.0,"turns":3.0},{"damage":0.0,"enemies":"Lagavulin","floor":9.0,"turns":7.0},{"damage":16.0,"enemies":"Lots of Slimes","floor":10.0,"turns":4.0},{"damage":18.0,"enemies":"Large Slime","floor":11.0,"turns":3.0},{"damage":15.0,"enemies":"3 Sentries","floor":13.0,"turns":9.0},{"damage":4.0,"enemies":"downfall:FleeingMerchant","floor":14.0,"turns":4.0},{"damage":0.0,"enemies":"2 Fungi Beasts","floor":15.0,"turns":3.0},{"damage":22,"enemies":"WA_ARCHETYPE_RETAIN","floor":16,"turns":9},{"damage":0,"enemies":"Chosen","floor":19,"turns":4},{"damage":3,"enemies":"Shell Parasite","floor":20,"turns":5},{"damage":12,"enemies":"Centurion and Healer","floor":21,"turns":8},{"damage":12,"enemies":"downfall:FleeingMerchant","floor":22,"turns":4},{"damage":45,"enemies":"Cultist and Chosen","floor":23,"turns":9},{"damage":23,"enemies":"Snake Plant","floor":26,"turns":5},{"damage":6,"enemies":"Shelled Parasite and Fungi","floor":28,"turns":4},{"damage":55,"enemies":"Gremlin Leader","floor":29,"turns":5}],"seed_played":"7152363895730355214","potions_obtained":[{"floor":5.0,"key":"Energy Potion"},{"floor":10.0,"key":"Guardian:AcceleratePotion"},{"floor":15.0,"key":"Strength Potion"},{"floor":16,"key":"Guardian:AcceleratePotion"}],"is_trial":false,"path_per_floor":["R","M","M","?","M","R","T","M","E","M","M","?","E","$","M","B",null,"R","M","M","M","$","M","T","?","M","R","M","E"],"character_chosen":"GUARDIAN","items_purchased":["Guardian:StasisUpgradeRelic","Guardian:TimeCapacitor","Guardian:Planning","Lee\u0027s Waffle"],"campfire_rested":1,"item_purchase_floors":[14,14,14,22],"current_hp_per_floor":[72,72,65,65,59,59,59,51,51,35,17,90,75,71,71,49,80,80,80,77,65,97,52,52,52,29,58,52,0,0,0],"gold":76,"neow_bonus":"UPGRADE_CARD","is_daily":false,"chose_seed":false,"campfire_upgraded":3,"win_rate":0.0,"timestamp":1613805289,"path_taken":["R","M","M","?","M","R","T","M","E","?","M","?","E","$","M","BOSS","R","M","M","?","$","M","T","?","M","R","M","E"],"items_purchased_type":["Relic","Card","Card","Relic"],"build_version":"2020-12-22","purchased_purges":1,"victory":false,"max_hp_per_floor":[80,80,80,80,80,80,80,80,80,80,80,90,90,90,90,90,90,90,90,90,90,97,97,97,97,97,97,97,97,97,97],"relic_stats":{"Sozu":2,"Lee\u0027s Waffle":44,"counters":[19,95],"Ornamental Fan":[32],"obtain_stats":[{"Sozu":17,"Guardian:StasisUpgradeRelic":14,"Lee\u0027s Waffle":22,"Ornamental Fan":24,"Guardian:ModeShifter":0,"Vajra":7,"Slimebound:PreparedRelic":9,"FossilizedHelix":13},{"Sozu":11,"Guardian:StasisUpgradeRelic":9,"Lee\u0027s Waffle":15,"Ornamental Fan":16,"Guardian:ModeShifter":0,"Vajra":3,"Slimebound:PreparedRelic":5,"FossilizedHelix":8},{"Sozu":51,"Guardian:StasisUpgradeRelic":39,"Lee\u0027s Waffle":72,"Ornamental Fan":81,"Guardian:ModeShifter":0,"Vajra":9,"Slimebound:PreparedRelic":19,"FossilizedHelix":35}]},"card_choices":[{"not_picked":["Guardian:VentSteam","Guardian:Orbwalk"],"picked":"Guardian:PolyBeam","floor":2.0},{"not_picked":["Guardian:TemporalShield","Guardian:Recover"],"picked":"Guardian:Planning","floor":3.0},{"not_picked":["Guardian:Suspension","Guardian:ChargeUp"],"picked":"Guardian:WalkerClaw","floor":5.0},{"not_picked":["Guardian:DonusPower","Guardian:PrismaticBeam"],"picked":"Guardian:BodySlam","floor":8.0},{"not_picked":["Guardian:Gem_Synthetic","Guardian:PolyBeam"],"picked":"Guardian:Gem_Orange","floor":9.0},{"not_picked":["Guardian:VentSteam","Guardian:Gem_Lightblue"],"picked":"Guardian:GuardianWhirl","floor":10.0},{"not_picked":["Guardian:Gem_Lightblue","Guardian:ShieldSpikes"],"picked":"Guardian:Emergency","floor":11.0},{"not_picked":["Guardian:Gem_Cyan","Guardian:ChargeUp"],"picked":"Guardian:ExploitGems","floor":13.0},{"not_picked":["Guardian:Gem_Cyan","Guardian:CrystalBeam"],"picked":"Guardian:DecasProtection","floor":14.0},{"not_picked":["Guardian:Gem_Crimson","Guardian:Gem_Green"],"picked":"Guardian:Gem_Purple","floor":15.0},{"not_picked":["Guardian:StasisField","Guardian:Gem_Orange"],"picked":"Guardian:StasisEngine","floor":16},{"not_picked":["Guardian:ShieldSpikes","Guardian:PrimingBeam"],"picked":"Guardian:SentryBeam","floor":19},{"not_picked":["Guardian:ShieldSpikes","Guardian:PolyBeam"],"picked":"Guardian:Gem_Blue","floor":20},{"not_picked":["Guardian:PrismaticBarrier","Guardian:TemporalShield"],"picked":"Guardian:Gem_Lightblue","floor":21},{"not_picked":["Guardian:ChargeCore","Guardian:Incinerate"],"picked":"Guardian:TemporalStrike","floor":22},{"not_picked":["Guardian:PrimingBeam","Guardian:ChargeCore","Guardian:VentSteam"],"picked":"SKIP","floor":23},{"not_picked":["Guardian:SpikerProtocol","Guardian:Gem_Cyan"],"picked":"Guardian:Gem_White","floor":26},{"not_picked":["Guardian:RefractedBeam","Guardian:Suspension"],"picked":"Guardian:Gem_Yellow","floor":28}],"player_experience":1977242,"relics_obtained":[{"floor":7.0,"key":"Vajra"},{"floor":9.0,"key":"Slimebound:PreparedRelic"},{"floor":13.0,"key":"FossilizedHelix"},{"floor":24,"key":"Ornamental Fan"}],"event_choices":[{"cards_removed":["Guardian:Gem_Orange"],"damage_healed":63.0,"max_hp_gain":10.0,"max_hp_loss":0.0,"gold_gain":0.0,"event_name":"Bonfire Elementals","player_choice":"Offered Rare","floor":12.0,"gold_loss":0.0,"damage_taken":0.0}],"is_beta":false,"boss_relics":[{"not_picked":["Runic Pyramid","Empty Cage"],"picked":"Sozu"}],"items_purged_floors":[14],"is_endless":false,"potions_floor_spawned":[5,10,15,16,23,26],"killed_by":"Gremlin Leader","ascension_level":12}}