{"host":"5zhjtp2pgwgfdund","time":1613801076,"event":{"mods":["2.2 Compatiblity","AchievementEnabler","Act Like it!","BaseMod","Colored Map","Colored Powertips","Downfall","Gensokyo","Infinite Spire","Minty Spire (QoL Compilation)","Replay The Spire","Shop Mod","StSLib","The Bug Knight","The Jungle"],"gold_per_floor":[99,112,112,126,142,42,65,77,77,153,182,194,194,214,226,330,330,330,344,364,377,377,377,404,304,324,41,52,69,69,54,64,64,64,64],"floor_reached":33,"language":"ENG","playtime":2658,"items_purged":[],"score":303,"play_id":"947c1ba6-7107-496b-95cd-19c49f64ff58","local_time":"20210220010436","is_ascension_mode":false,"campfire_choices":[{"floor":1,"key":"RECALL"},{"data":"sneckomod:RainOfDice","floor":9,"key":"SMITH"},{"floor":13,"key":"REST"},{"data":"sneckomod:TailWhip","floor":18,"key":"SMITH"},{"floor":25,"key":"REST"}],"circlet_count":0,"master_deck":["sneckomod:Defend","sneckomod:Defend","sneckomod:Defend","sneckomod:TailWhip+1","sneckomod:SnekBite+1","sneckomod:Unknown","sneckomod:RainOfDice+1","sneckomod:QuickBite","sneckomod:UnknownCommonSkill","Slimebound:ForwardTackle","sneckomod:DiceBlock","sneckomod:UnknownUncommonPower","sneckomod:WideSting","sneckomod:Unknown0Cost","sneckomod:WideSting","sneckomod:Unknown3Cost","sneckomod:RainOfDice","sneckomod:UnknownCommonAttack","sneckomod:UnknownUncommonAttack+1","sneckomod:MorePower","sneckomod:UnknownClassSLIMEBOUND+1","sneckomod:IronFang","sneckomod:UnknownUncommonPower+1","sneckomod:SerpentIdol+1","sneckomod:DiceBoulder","sneckomod:RainOfDice","Mayhem","sneckomod:ImprovisedGuard+1","sneckomod:UnknownUncommonSkill+1","sneckomod:RainOfDice","Slimebound:Tackle+1","Slimebound:Tackle+1","Slimebound:Tackle+1","sneckomod:UnknownClassPURPLE+1","sneckomod:UnknownBlock"],"relics":["sneckomod:SneckoSoul","Smiling Mask","downfall:HeartBlessingRed","infinitespire:Beetle Shell","Garlic","Thread and Needle","downfall:HeartBlessingBlue"],"acts_visited":["Exordium","TheCity"],"potions_floor_usage":[19,28],"damage_taken":[{"damage":0,"enemies":"2 Louse","floor":2,"turns":2},{"damage":0,"enemies":"Cultist","floor":4,"turns":2},{"damage":1,"enemies":"Jaw Worm","floor":5,"turns":3},{"damage":11,"enemies":"Lots of Slimes","floor":8,"turns":2},{"damage":27,"enemies":"Lagavulin","floor":11,"turns":5},{"damage":3,"enemies":"Large Slime","floor":12,"turns":4},{"damage":1,"enemies":"Exordium Thugs","floor":14,"turns":3},{"damage":0,"enemies":"HollowMod:HuskWarrior","floor":15,"turns":4},{"damage":40,"enemies":"SI_SHIV_ARCHETYPE","floor":16,"turns":12},{"damage":1,"enemies":"3 Byrds","floor":19,"turns":4},{"damage":9,"enemies":"Snecko","floor":20,"turns":3},{"damage":26,"enemies":"Chosen and Byrds","floor":21,"turns":7},{"damage":34,"enemies":"Shelled Parasite and Fungi","floor":26,"turns":5},{"damage":6,"enemies":"downfall:FleeingMerchant","floor":27,"turns":4},{"damage":8,"enemies":"Snake Plant","floor":28,"turns":4},{"damage":5,"enemies":"Snecko","floor":29,"turns":4},{"damage":0,"enemies":"downfall:FleeingMerchant","floor":31,"turns":4},{"damage":23,"enemies":"Sentry and Sphere","floor":32,"turns":4},{"damage":21,"enemies":"WA_ARCHETYPE_CALM","floor":33,"turns":5}],"seed_played":"-4831135921611302350","potions_obtained":[{"floor":2,"key":"Weak Potion"},{"floor":4,"key":"AttackPotion"},{"floor":11,"key":"Block Potion"},{"floor":20,"key":"Guardian:BlockOnCardUsePotion"},{"floor":28,"key":"Swift Potion"},{"floor":32,"key":"SteroidPotion"}],"is_trial":false,"path_per_floor":["R","M","?","M","M","R","T","M","R","T","E","M","R","M","M","B",null,"R","M","M","M","?","?","T","R","M","$","M","M","?","$","M","B"],"character_chosen":"THE_SNECKO","items_purchased":["sneckomod:DiceBoulder","sneckomod:RainOfDice","Mayhem"],"campfire_rested":2,"item_purchase_floors":[27,27,27],"current_hp_per_floor":[90,90,90,90,89,89,89,78,78,78,51,48,75,74,74,34,90,90,89,80,54,54,54,54,94,60,54,46,41,41,41,18,0,0,0],"gold":64,"neow_bonus":"RANDOM_COMMON_RELIC","is_daily":false,"chose_seed":false,"campfire_upgraded":2,"win_rate":0.0,"timestamp":1613801076,"path_taken":["R","M","?","M","M","R","T","M","R","?","E","M","R","M","M","BOSS","R","M","M","M","?","?","T","R","?","$","M","?","?","?","M","BOSS"],"items_purchased_type":["Card","Card","Card"],"build_version":"2020-12-22","purchased_purges":0,"victory":false,"max_hp_per_floor":[90,90,90,90,90,90,90,90,90,90,90,90,90,90,90,90,90,90,90,90,90,90,90,90,100,100,100,100,100,100,100,100,100,100,100],"card_choices":[{"not_picked":["sneckomod:Unknown0Cost","sneckomod:DiceCrush"],"picked":"sneckomod:RainOfDice","floor":2},{"not_picked":["sneckomod:DefensiveFlair","sneckomod:UnknownStrike"],"picked":"sneckomod:QuickBite","floor":4},{"not_picked":["sneckomod:SoulRoll","sneckomod:UnknownBlock"],"picked":"sneckomod:UnknownCommonSkill","floor":5},{"not_picked":["sneckomod:SoulDraw","sneckomod:Unknown1Cost"],"picked":"sneckomod:DiceBlock","floor":8},{"not_picked":["sneckomod:SoulDraw","sneckomod:CheapStock"],"picked":"sneckomod:UnknownUncommonPower","floor":11},{"not_picked":["sneckomod:Memorize","sneckomod:MasterEye"],"picked":"sneckomod:WideSting","floor":12},{"not_picked":["sneckomod:WideSting","sneckomod:DiceCrush"],"picked":"sneckomod:Unknown0Cost","floor":14},{"not_picked":["sneckomod:SerpentMind","sneckomod:UnknownWeak"],"picked":"sneckomod:WideSting","floor":15},{"not_picked":["sneckomod:UnlimitedRolls","sneckomod:Cheat"],"picked":"sneckomod:Unknown3Cost","floor":16},{"not_picked":["sneckomod:UnknownClassSLIMEBOUND","sneckomod:UnknownBlock"],"picked":"sneckomod:RainOfDice","floor":19},{"not_picked":["sneckomod:CheapStock","sneckomod:Unknown2Cost"],"picked":"sneckomod:UnknownCommonAttack","floor":20},{"not_picked":["sneckomod:UnknownCommonSkill","sneckomod:DefensiveFlair+1"],"picked":"sneckomod:UnknownUncommonAttack+1","floor":21},{"not_picked":["sneckomod:UnknownBlock+1","sneckomod:UnknownWeak+1"],"picked":"sneckomod:UnknownClassSLIMEBOUND+1","floor":26},{"not_picked":["sneckomod:PureSnecko","sneckomod:UnknownVulnerable"],"picked":"sneckomod:IronFang","floor":26},{"not_picked":["sneckomod:UnknownVulnerable+1","sneckomod:Unknown3Cost+1"],"picked":"sneckomod:UnknownUncommonPower+1","floor":27},{"not_picked":["sneckomod:PureSnecko","sneckomod:UnknownUncommonAttack"],"picked":"sneckomod:SerpentIdol+1","floor":27},{"not_picked":["sneckomod:DefensiveFlair+1","sneckomod:UnknownClassPURPLE"],"picked":"sneckomod:ImprovisedGuard+1","floor":28},{"not_picked":["sneckomod:UnknownDraw+1","sneckomod:UnknownExhaust+1"],"picked":"sneckomod:UnknownUncommonSkill+1","floor":29},{"not_picked":["sneckomod:Unknown1Cost+1","sneckomod:UnknownUncommonSkill"],"picked":"sneckomod:RainOfDice","floor":29},{"not_picked":["sneckomod:Nope","sneckomod:Unknown3Cost"],"picked":"sneckomod:UnknownClassPURPLE+1","floor":31},{"not_picked":["sneckomod:Rotation","sneckomod:UnknownWeak"],"picked":"sneckomod:UnknownBlock","floor":32}],"player_experience":168302,"relics_obtained":[{"floor":7,"key":"infinitespire:Beetle Shell"},{"floor":10,"key":"Garlic"},{"floor":11,"key":"Thread and Needle"}],"event_choices":[{"damage_healed":0,"gold_gain":0,"player_choice":"Read","damage_taken":0,"max_hp_gain":0,"max_hp_loss":0,"event_name":"The Library","floor":22,"gold_loss":0,"cards_obtained":["sneckomod:MorePower"]},{"damage_healed":0,"gold_gain":0,"player_choice":"Ignored","damage_taken":0,"max_hp_gain":0,"max_hp_loss":0,"event_name":"NoteForYourself","floor":23,"gold_loss":0}],"is_beta":false,"boss_relics":[{"not_picked":["bronze:MakeshiftBattery","Kintsugi","Replay:Bronze Core"]}],"items_purged_floors":[],"is_endless":false,"potions_floor_spawned":[2,4,11,15,16,20,28,32],"killed_by":"WA_ARCHETYPE_CALM","ascension_level":0}}