{"host":"v0n6ky7dmveherv3","time":1613837494,"event":{"mods":["BaseMod","Better Third Choice","Downfall","Minty Spire (QoL Compilation)","StSLib"],"gold_per_floor":[99,110,110,130,148,5,29,58,74,74,103,103,103,120,131,227,227,227,242,242,261,59,110,122,134,157,204,216,241,253,295,318,430,492,504,532,544,556,556,556],"floor_reached":38,"language":"ENG","playtime":2224,"items_purged":[],"score":471,"play_id":"074badf6-7446-49a7-9f38-e08a4cc696c4","local_time":"20210220091134","is_ascension_mode":true,"campfire_choices":[{"data":"hexamod:GhostOfSpirePresent","floor":1.0,"key":"SMITH"},{"data":"hexamod:Incineration","floor":10.0,"key":"SMITH"},{"data":"hexamod:PhantomCloak","floor":12.0,"key":"SMITH"},{"data":"hexamod:SpectralSpark","floor":18.0,"key":"SMITH"},{"data":"expansioncontent:QuickStudy","floor":25.0,"key":"SMITH"},{"floor":30.0,"key":"REST"},{"data":"hexamod:Incineration","floor":35.0,"key":"SMITH"}],"circlet_count":0,"master_deck":["hexamod:Defend","hexamod:Defend+1","hexamod:Defend+1","hexamod:Defend+1","hexamod:Sear+1","hexamod:Float+1","hexamod:GhostOfSpirePresent+1","hexamod:Incineration+1","hexamod:ExtraCrispy+1","hexamod:NightmareStrike","hexamod:SpectralSpark","hexamod:SpectralSpark+1","hexamod:PhantomCloak+1","hexamod:ThermalTransfer","hexamod:SixthSeal","hexamod:RadiantFlame","hexamod:RainOfEmbers+1","expansioncontent:QuickStudy+1","downfall:Malfunctioning","Slimebound:Tackle+1","Slimebound:Tackle+1","Slimebound:Tackle+1","hexamod:Incineration+1","hexamod:Toasty+1"],"relics":["hexamod:SpiritBrand","downfall:BrokenWingStatue","PreservedInsect","Regal Pillow","Tiny Chest","Cursed Key","MawBank","Kunai","hexamod:MatchstickCase","Tiny House"],"acts_visited":["Exordium","TheCity","TheBeyond"],"potions_floor_usage":[],"damage_taken":[{"damage":0.0,"enemies":"Small Slimes","floor":2.0,"turns":4.0},{"damage":1.0,"enemies":"Jaw Worm","floor":4.0,"turns":3.0},{"damage":9.0,"enemies":"2 Louse","floor":5.0,"turns":4.0},{"damage":0.0,"enemies":"downfall:FleeingMerchant","floor":6.0,"turns":4.0},{"damage":12.0,"enemies":"3 Sentries","floor":8.0,"turns":5.0},{"damage":9.0,"enemies":"Blue Slaver","floor":9.0,"turns":4.0},{"damage":0.0,"enemies":"Lagavulin","floor":11.0,"turns":5.0},{"damage":9.0,"enemies":"Gremlin Gang","floor":14.0,"turns":5.0},{"damage":5.0,"enemies":"downfall:LooterAlt","floor":15.0,"turns":3.0},{"damage":24.0,"enemies":"DF_ARCHETYPE_STREAMLINE","floor":16.0,"turns":8.0},{"damage":19.0,"enemies":"downfall:LooterAlt2","floor":19.0,"turns":5.0},{"damage":10.0,"enemies":"3 Byrds","floor":21.0,"turns":8.0},{"damage":4.0,"enemies":"downfall:FleeingMerchant","floor":22.0,"turns":4.0},{"damage":5.0,"enemies":"Snake Plant","floor":26.0,"turns":3.0},{"damage":18.0,"enemies":"Book of Stabbing","floor":27.0,"turns":4.0},{"damage":18.0,"enemies":"Sentry and Sphere","floor":29.0,"turns":5.0},{"damage":10.0,"enemies":"Gremlin Leader","floor":31.0,"turns":5.0},{"damage":0.0,"enemies":"Snecko","floor":32.0,"turns":3.0},{"damage":56.0,"enemies":"SI_MIRROR_ARCHETYPE","floor":33.0,"turns":11.0},{"damage":43,"enemies":"3 Darklings","floor":36,"turns":4},{"damage":38,"enemies":"3 Shapes","floor":38,"turns":2}],"seed_played":"-6319889940296140407","potions_obtained":[{"floor":4.0,"key":"BlessingOfTheForge"},{"floor":5.0,"key":"AttackPotion"},{"floor":9.0,"key":"Fruit Juice"},{"floor":16.0,"key":"BlessingOfTheForge"},{"floor":19.0,"key":"Regen Potion"},{"floor":21.0,"key":"Weak Potion"},{"floor":29.0,"key":"SkillPotion"},{"floor":31.0,"key":"Dexterity Potion"},{"floor":34.0,"key":"SpeedPotion"}],"is_trial":false,"path_per_floor":["R","M","?","M","M","$","T","E","M","R","E","R","?","M","M","B",null,"R","M","?","M","$","T","T","R","M","E","?","M","R","E","M","B",null,"R","M","?","M"],"character_chosen":"THE_SPIRIT","items_purchased":["hexamod:SpectralSpark","hexamod:EctoCoolerPotion","expansioncontent:QuickStudy"],"campfire_rested":1,"item_purchase_floors":[6,6,22],"current_hp_per_floor":[63,63,63,62,53,53,53,41,32,32,32,32,53,44,39,20,68,68,49,49,39,35,35,35,35,42,24,24,6,41,31,31,10,73,73,30,30,0,0,0],"gold":556,"neow_bonus":"THREE_RARE_CARDS","is_daily":false,"chose_seed":false,"campfire_upgraded":6,"win_rate":0.0,"timestamp":1613837494,"path_taken":["R","M","?","M","M","?","T","E","M","R","E","R","?","M","M","BOSS","R","M","?","?","$","?","T","R","M","E","?","M","R","E","M","BOSS","R","M","?","M"],"items_purchased_type":["Card","Potion","Card"],"build_version":"2020-12-22","purchased_purges":0,"victory":false,"max_hp_per_floor":[63,63,63,63,63,63,63,63,63,63,63,63,63,63,63,68,68,68,68,68,68,68,68,68,68,68,68,68,68,68,68,68,68,73,73,73,73,73,73,73],"card_choices":[{"not_picked":["hexamod:HexaLevel","hexamod:TurnItUp"],"picked":"hexamod:GhostOfSpirePresent","floor":0.0},{"not_picked":["hexamod:InspiringFlames","hexamod:PowerFromBeyond"],"picked":"hexamod:Incineration","floor":2.0},{"not_picked":["hexamod:PowerFromBeyond","hexamod:AdvancingGuard"],"picked":"hexamod:ExtraCrispy","floor":4.0},{"not_picked":["hexamod:EmpoweredFlame","hexamod:BacktrackSmack"],"picked":"hexamod:NightmareStrike","floor":5.0},{"not_picked":["hexamod:GhostShield","hexamod:BurningTouch"],"picked":"hexamod:SpectralSpark","floor":6.0},{"not_picked":["hexamod:NightmareStrike","hexamod:BacktrackSmack","hexamod:NightmareGuise"],"picked":"SKIP","floor":8.0},{"not_picked":["hexamod:AdvancingGuard","hexamod:Firestarter"],"picked":"hexamod:PhantomCloak","floor":9.0},{"not_picked":["hexamod:EtherealExpedition","hexamod:SkipABeat","hexamod:InspiringFlames"],"picked":"SKIP","floor":11.0},{"not_picked":["hexamod:HeatCrush","hexamod:StepThrough","hexamod:HeatShield"],"picked":"SKIP","floor":14.0},{"not_picked":["hexamod:PowerFromBeyond","hexamod:Firestarter"],"picked":"hexamod:ThermalTransfer","floor":15.0},{"not_picked":["hexamod:HexaLevel","hexamod:GhostflameInferno"],"picked":"hexamod:SixthSeal","floor":16.0},{"not_picked":["hexamod:BacktrackSmack+1","hexamod:SuperheatedStrike"],"picked":"hexamod:RadiantFlame","floor":19.0},{"not_picked":["hexamod:BacktrackSmack","hexamod:ShieldOfDarkness","hexamod:SwordOfDarkness"],"picked":"SKIP","floor":21.0},{"not_picked":["hexamod:InspiringFlames","hexamod:GhostShield"],"picked":"hexamod:RainOfEmbers+1","floor":22.0},{"not_picked":["hexamod:RadiantFlame","hexamod:HeatMetal+1","hexamod:FlamesFromBeyond"],"picked":"SKIP","floor":26.0},{"not_picked":["hexamod:HexaLevel","hexamod:Firestarter","hexamod:Hexaguard"],"picked":"SKIP","floor":27.0},{"not_picked":["hexamod:BurningTouch+1","hexamod:FlamesFromBeyond"],"picked":"hexamod:Incineration","floor":29.0},{"not_picked":["hexamod:ShieldOfDarkness","hexamod:GhostOfSpireFuture","hexamod:FirstSeal"],"picked":"SKIP","floor":31.0},{"not_picked":["hexamod:GhostLash","hexamod:HauntingEcho","hexamod:EmpoweredFlame"],"picked":"SKIP","floor":32.0},{"not_picked":["hexamod:GiftsFromTheDead","hexamod:ParanormalForm"],"picked":"hexamod:Toasty","floor":33.0},{"not_picked":["hexamod:AdvancingGuard+1","hexamod:Firestarter+1","hexamod:BacktrackSmack"],"picked":"SKIP","floor":36}],"player_experience":149399,"relics_obtained":[{"floor":7.0,"key":"PreservedInsect"},{"floor":8.0,"key":"Regal Pillow"},{"floor":11.0,"key":"Tiny Chest"},{"floor":23.0,"key":"MawBank"},{"floor":27.0,"key":"Kunai"},{"floor":31.0,"key":"hexamod:MatchstickCase"}],"event_choices":[{"damage_healed":21.0,"max_hp_gain":0.0,"max_hp_loss":0.0,"gold_gain":0.0,"event_name":"Big Fish","player_choice":"Banana","floor":13.0,"gold_loss":0.0,"damage_taken":0.0}],"is_beta":false,"boss_relics":[{"not_picked":["Sozu","Busted Crown"],"picked":"Cursed Key"},{"not_picked":["hexamod:IceCube","Empty Cage"],"picked":"Tiny House"}],"items_purged_floors":[],"is_endless":false,"potions_floor_spawned":[4,5,9,11,16,19,21,29,31],"killed_by":"3 Shapes","ascension_level":1}}