{"host":"5nj7t8259370g0gl","time":1613855846,"event":{"mods":["AchievementEnabler","BaseMod","Bestiary","Bossed Relics","Colored Map","Colored Powertips","Displayed Cursed Tome","Minty Spire (QoL Compilation)","Permanent Neow","Relic Sorter","Shapeshifter Mod","Shop Mod","Spire Arcade","StSLib"],"gold_per_floor":[500112,500112,500112,499221,498674,498674,498707,498741,498741,498770,498770,498796,498796,497259,497259,497355,497355,497374,497374,497289,496113,496113,496142,496168,495305,495305,495305,495305,494363,494692,494711,494711,494806,494806,494817,494817,494867,494948,494963,494997,495028,495061,495061,495061,494452,494489,493844,493588,493588,493588],"floor_reached":51,"language":"ENG","playtime":5531,"items_purged":["StSShapeShifter:BurstingSpore","StSShapeShifter:ThornToss","StSShapeShifter:SunflowerShuriken","StSShapeShifter:SunflowerShuriken"],"score":1261,"play_id":"d9ac4f34-75c4-47d5-a0cf-16298890d731","local_time":"20210221081726","daily_mods":["SealedDeck","Flight","DeadlyEvents"],"is_ascension_mode":true,"campfire_choices":[{"data":"StSShapeShifter:PantherForm","floor":6.0,"key":"SMITH"},{"data":"StSShapeShifter:PantherForm","floor":11.0,"key":"SMITH"},{"data":"StSShapeShifter:EmbraceTheCycle","floor":15.0,"key":"SMITH"},{"data":"StSShapeShifter:LionForm","floor":27.0,"key":"SMITH"},{"data":"StSShapeShifter:Synchronicity","floor":28.0,"key":"SMITH"},{"data":"StSShapeShifter:WiltingWrath","floor":32.0,"key":"SMITH"},{"data":"StSShapeShifter:ThornedSkin","floor":44,"key":"SMITH"},{"data":"StSShapeShifter:ReplenishingNectar","floor":49,"key":"SMITH"}],"circlet_count":0,"master_deck":["StSShapeShifter:ThornToss","StSShapeShifter:ThornToss","StSShapeShifter:ReplenishingNectar+1","StSShapeShifter:ThornedSkin+1","StSShapeShifter:FallingLeaves","StSShapeShifter:FallingLeaves","StSShapeShifter:PantherForm+1","StSShapeShifter:WiltingWrath+1","StSShapeShifter:ThornToss","StSShapeShifter:EmbraceTheCycle+1","StSShapeShifter:PantherForm+1","StSShapeShifter:ThornToss","StSShapeShifter:Roar","StSShapeShifter:LionForm+1","StSShapeShifter:LionForm+1","StSShapeShifter:FlowerShield+1","StSShapeShifter:Synchronicity+1","StSShapeShifter:ThrashAbout","StSShapeShifter:WolfForm+1","StSShapeShifter:ThornedSkin+1","Violence+1","Apotheosis+1","StSShapeShifter:WiltingWrath+1"],"relics":["StSShapeShifter:AnimalHeart","StSShapeShifter:TheShapeShiftersMagnolia","Sundial","Shuriken","Ginger","Chemical X","Kunai","MealTicket","DollysMirror","Thread and Needle","Eternal Feather","Matryoshka","Question Card","The Courier","Omamori","Sling","Bottled Tornado","Orichalcum","Oddly Smooth Stone","Pen Nib","Akabeko","Calipers","StSShapeShifter:AlchemistsNecklace","Bottled Flame","Runic Pyramid","Toy Ornithopter","Toxic Egg 2","Blood Vial","StSShapeShifter:ThornsOfSummi","HornCleat","Mercury Hourglass","Tiny Chest","StSShapeShifter:FrogOfVitality","StSShapeShifter:LoyalLobster","Gremlin Horn","StSShapeShifter:MysticalFossil","Bag of Marbles","Mango","Meat on the Bone","Regal Pillow","StSShapeShifter:FruitTree","Medical Kit","Pear","CaptainsWheel","Turnip","Old Coin","Sozu","TungstenRod","Blue Candle","InkBottle","Pocketwatch","Bronze Scales","Singing Bowl","Molten Egg 2","CeramicFish","Ornamental Fan","Letter Opener","Membership Card","Bottled Lightning","Strawberry","Lantern","Anchor","FossilizedHelix","StSShapeShifter:BeastkeepersGift","Bag of Preparation","Strange Spoon","Vajra"],"acts_visited":["Exordium","TheCity","TheBeyond"],"potions_floor_usage":[50],"damage_taken":[{"damage":0.0,"enemies":"Jaw Worm","floor":1.0,"turns":2.0},{"damage":15.0,"enemies":"3 Sentries","floor":7.0,"turns":5.0},{"damage":0.0,"enemies":"Lagavulin","floor":8.0,"turns":5.0},{"damage":21.0,"enemies":"3 Sentries","floor":10.0,"turns":5.0},{"damage":2.0,"enemies":"Gremlin Nob","floor":12.0,"turns":3.0},{"damage":1.0,"enemies":"Slime Boss","floor":16.0,"turns":4.0},{"damage":0.0,"enemies":"Spheric Guardian","floor":18.0,"turns":2.0},{"damage":20.0,"enemies":"Gremlin Leader","floor":23.0,"turns":4.0},{"damage":4.0,"enemies":"Slavers","floor":24.0,"turns":2.0},{"damage":3.0,"enemies":"Book of Stabbing","floor":30.0,"turns":3.0},{"damage":10.0,"enemies":"2 Thieves","floor":31.0,"turns":2.0},{"damage":0.0,"enemies":"Collector","floor":33.0,"turns":5.0},{"damage":3,"enemies":"3 Shapes","floor":35,"turns":2},{"damage":6,"enemies":"Mind Bloom Boss Battle","floor":37,"turns":5},{"damage":0,"enemies":"Orb Walker","floor":39,"turns":2},{"damage":0,"enemies":"Reptomancer","floor":40,"turns":2},{"damage":0,"enemies":"Nemesis","floor":41,"turns":3},{"damage":0,"enemies":"Giant Head","floor":42,"turns":4},{"damage":26,"enemies":"Nemesis","floor":46,"turns":3},{"damage":0,"enemies":"Time Eater","floor":50,"turns":5}],"seed_played":"-8940933596402185708","potions_obtained":[{"floor":10.0,"key":"FearPotion"},{"floor":16.0,"key":"Explosive Potion"},{"floor":23.0,"key":"BlessingOfTheForge"}],"is_trial":true,"path_per_floor":["M","?","T","$","$","R","E","E","T","E","R","E","?","$","R","B",null,"M","?","?","$","T","E","E","$","T","R","R","$","E","M","R","B",null,"M","?","?","T","M","E","E","E","T","R","$","E","$","$","R","B",null],"character_chosen":"SHAPESHIFTER","items_purchased":["Shuriken","Ginger","Chemical X","StSShapeShifter:ThornToss","StSShapeShifter:EmbraceTheCycle","LiquidMemories","Kunai","MealTicket","DollysMirror","Omamori","Sling","Bottled Tornado","Orichalcum","Oddly Smooth Stone","Pen Nib","Akabeko","Calipers","StSShapeShifter:AlchemistsNecklace","Bottled Flame","FairyPotion","Swift Potion","Toxic Egg 2","Blood Vial","StSShapeShifter:ThornsOfSummi","HornCleat","Mercury Hourglass","StSShapeShifter:LionForm+1","StSShapeShifter:FlowerShield+1","StSShapeShifter:Synchronicity","StSShapeShifter:MysticalFossil","Bag of Marbles","Mango","Meat on the Bone","StSShapeShifter:ThornedSkin+1","Medical Kit","Pear","CaptainsWheel","Turnip","Violence+1","Molten Egg 2","CeramicFish","Ornamental Fan","Membership Card","Bottled Lightning","Strawberry","Lantern","Anchor","FossilizedHelix","StSShapeShifter:BeastkeepersGift","Bag of Preparation","Strange Spoon","Vajra"],"campfire_rested":0,"item_purchase_floors":[4,4,4,4,4,4,5,5,5,14,14,14,14,14,14,14,14,14,14,21,21,21,21,21,21,21,21,21,21,25,25,25,25,25,29,29,29,29,29,45,45,45,47,47,47,47,47,47,47,48,48,48],"current_hp_per_floor":[78,83,83,83,83,83,68,70,70,52,61,59,59,74,83,82,83,83,83,83,83,83,65,63,92,92,99,99,109,107,110,112,113,113,113,113,112,112,115,119,120,121,121,121,121,96,118,129,129,128],"gold":493588,"neow_bonus":"","is_daily":false,"chose_seed":false,"campfire_upgraded":8,"win_rate":0.0,"timestamp":1613855846,"path_taken":["M","?","?","$","$","R","E","E","T","E","R","E","?","$","R","BOSS","M","?","?","$","?","E","E","$","T","R","R","$","E","?","R","BOSS","M","?","?","?","M","E","E","E","T","R","$","E","$","$","R","BOSS"],"items_purchased_type":["Relic","Relic","Relic","Card","Card","Potion","Relic","Relic","Relic","Relic","Relic","Relic","Relic","Relic","Relic","Relic","Relic","Relic","Relic","Potion","Potion","Relic","Relic","Relic","Relic","Relic","Card","Card","Card","Relic","Relic","Relic","Relic","Card","Relic","Relic","Relic","Relic","Card","Relic","Relic","Relic","Relic","Relic","Relic","Relic","Relic","Relic","Relic","Relic","Relic","Relic"],"build_version":"2020-12-22","purchased_purges":4,"victory":true,"max_hp_per_floor":[78,83,83,83,83,83,83,83,83,83,83,83,83,83,83,83,83,83,83,83,83,83,85,85,99,99,99,99,109,110,112,112,113,113,116,116,118,118,119,119,120,121,121,121,121,122,129,129,129,128],"card_choices":[{"not_picked":["StSShapeShifter:Rabid","StSShapeShifter:Guard"],"picked":"StSShapeShifter:WiltingWrath","floor":1.0},{"not_picked":["StSShapeShifter:AdaptiveStrikes","StSShapeShifter:Flood","StSShapeShifter:BurstingSpore"],"picked":"SKIP","floor":7.0},{"not_picked":["StSShapeShifter:EagleForm","StSShapeShifter:Spring"],"picked":"StSShapeShifter:ThornToss","floor":8.0},{"not_picked":["StSShapeShifter:BulwarkOfDiscovery","StSShapeShifter:MonkeyForm"],"picked":"StSShapeShifter:SunflowerShuriken","floor":10.0},{"not_picked":["StSShapeShifter:Bonk","StSShapeShifter:Rest","StSShapeShifter:DeerForm"],"picked":"StSShapeShifter:Roar","floor":12.0},{"not_picked":["StSShapeShifter:BurstOfLifeEscapeDeath","StSShapeShifter:DragonForm","StSShapeShifter:Blossom2"],"picked":"StSShapeShifter:LionForm","floor":16.0},{"not_picked":["StSShapeShifter:Maul","StSShapeShifter:DeerForm","StSShapeShifter:ForestFire","StSShapeShifter:VineHandcuffs"],"picked":"SKIP","floor":18.0},{"not_picked":["StSShapeShifter:Bonk","StSShapeShifter:Sapling+1","StSShapeShifter:FesteringBite"],"picked":"StSShapeShifter:ThrashAbout","floor":23.0},{"not_picked":["StSShapeShifter:Synchronicity","StSShapeShifter:WaspSwarmForm+1","StSShapeShifter:LeapingSlash"],"picked":"StSShapeShifter:WolfForm+1","floor":24.0},{"not_picked":["StSShapeShifter:VineHandcuffs+1","StSShapeShifter:BarkSkin+1","StSShapeShifter:BurstingSpore","StSShapeShifter:MagicMushrooms+1"],"picked":"SKIP","floor":30.0},{"not_picked":["StSShapeShifter:Sapling+1","StSShapeShifter:BurrBomb+1","StSShapeShifter:ThornToss","StSShapeShifter:FallingLeaves+1"],"picked":"SKIP","floor":31.0},{"not_picked":["StSShapeShifter:AdaptiveStrikes","StSShapeShifter:EntForm+1","StSShapeShifter:PoisonIvy+1","StSShapeShifter:ThornToss"],"picked":"SKIP","floor":35},{"not_picked":["Impatience+1","Purity+1","Forethought+1"],"picked":"Apotheosis+1","floor":36},{"not_picked":["StSShapeShifter:Wildfire2+1","StSShapeShifter:FallingLeaves+1","StSShapeShifter:ThornToss","StSShapeShifter:Sapling+1"],"picked":"SKIP","floor":39},{"not_picked":["StSShapeShifter:BladeOfGrass","StSShapeShifter:Wildfire2+1","StSShapeShifter:RaptorForm+1","StSShapeShifter:Roar+1"],"picked":"SKIP","floor":40},{"not_picked":["StSShapeShifter:Roar+1","StSShapeShifter:ClimbTree+1","StSShapeShifter:Hunt+1","StSShapeShifter:PorcupineForm+1"],"picked":"SKIP","floor":41},{"not_picked":["StSShapeShifter:RatForm+1","StSShapeShifter:Rest+1","StSShapeShifter:DeerForm+1","StSShapeShifter:MonkeyForm+1"],"picked":"SKIP","floor":42},{"not_picked":["StSShapeShifter:Rest+1","StSShapeShifter:TopazSkin+1","StSShapeShifter:ForestFire+1"],"picked":"StSShapeShifter:WiltingWrath+1","floor":46}],"player_experience":585605,"relics_obtained":[{"floor":3.0,"key":"Sundial"},{"floor":7.0,"key":"Thread and Needle"},{"floor":8.0,"key":"Eternal Feather"},{"floor":9.0,"key":"Matryoshka"},{"floor":10.0,"key":"Question Card"},{"floor":12.0,"key":"The Courier"},{"floor":22.0,"key":"Tiny Chest"},{"floor":22.0,"key":"StSShapeShifter:FrogOfVitality"},{"floor":23.0,"key":"StSShapeShifter:LoyalLobster"},{"floor":24.0,"key":"Gremlin Horn"},{"floor":26.0,"key":"Regal Pillow"},{"floor":26.0,"key":"StSShapeShifter:FruitTree"},{"floor":30.0,"key":"Old Coin"},{"floor":37,"key":"TungstenRod"},{"floor":38,"key":"Blue Candle"},{"floor":40,"key":"InkBottle"},{"floor":41,"key":"Pocketwatch"},{"floor":42,"key":"Bronze Scales"},{"floor":43,"key":"Singing Bowl"},{"floor":46,"key":"Letter Opener"}],"event_choices":[{"damage_healed":0.0,"max_hp_gain":5.0,"max_hp_loss":0.0,"gold_gain":0.0,"event_name":"Big Fish","player_choice":"Donut","floor":2.0,"gold_loss":0.0,"damage_taken":0.0},{"damage_healed":0.0,"max_hp_gain":0.0,"max_hp_loss":0.0,"gold_gain":0.0,"event_name":"FaceTrader","player_choice":"Leave","floor":13.0,"gold_loss":0.0,"damage_taken":0.0},{"damage_healed":0.0,"max_hp_gain":0.0,"max_hp_loss":0.0,"gold_gain":0.0,"event_name":"Beggar","player_choice":"Ignored","floor":19.0,"gold_loss":0.0,"damage_taken":0.0},{"damage_healed":0.0,"max_hp_gain":0.0,"max_hp_loss":0.0,"gold_gain":0.0,"event_name":"Addict","player_choice":"Obtained Relic","floor":20.0,"gold_loss":85.0,"damage_taken":0.0,"relics_obtained":["Toy Ornithopter"]},{"damage_healed":0,"gold_gain":0,"player_choice":"Memory 1","damage_taken":0,"max_hp_gain":0,"max_hp_loss":0,"event_name":"SensoryStone","floor":36,"gold_loss":0},{"damage_healed":0,"gold_gain":0,"player_choice":"Fight","damage_taken":0,"max_hp_gain":0,"max_hp_loss":0,"event_name":"MindBloom","floor":37,"gold_loss":0}],"is_beta":false,"boss_relics":[{"not_picked":["Calling Bell","Velvet Choker"],"picked":"Runic Pyramid"},{"not_picked":["Philosopher\u0027s Stone","Tiny House"],"picked":"Sozu"}],"items_purged_floors":[14,45,47,48],"is_endless":false,"potions_floor_spawned":[10,12,16,23,31,39,40,46],"ascension_level":1}}