{"host":"eeb412nj2w7f9cz8","time":1613801589,"event":{"mods":["ATMod(°¢èªMod)","Act Like it!","BaseMod","Downfall","Minty Spire (QoL Compilation)","StSLib"],"gold_per_floor":[99,113,196,210,210,210,210,110,130,130,130,170,70,80,97,195,195,195,208,1,19,36,63,63,73,88,98,115,142,152,170,187,284,284,184,196,196,214,39,70,141,141,152,180,35,55,55,55,65,65,65,65],"floor_reached":50,"language":"ZHS","playtime":4284,"items_purged":[],"score":644,"play_id":"38cac490-eed2-4524-b041-bf5f4b29f001","local_time":"20210220141309","is_ascension_mode":false,"campfire_choices":[{"data":"AT_FamilyPortrait","floor":1.0,"key":"SMITH"},{"data":"Slimebound:GoopTackle","floor":6.0,"key":"SMITH"},{"data":"Slimebound:Split","floor":8.0,"key":"SMITH"},{"floor":11.0,"key":"RECALL"},{"data":"Slimebound:SplitLeeching","floor":13.0,"key":"SMITH"},{"data":"Slimebound:MassFeed","floor":18.0,"key":"SMITH"},{"data":"expansioncontent:DashGenerateEvil","floor":35,"key":"SMITH"},{"floor":42,"key":"REST"},{"floor":47,"key":"REST"}],"circlet_count":0,"master_deck":["Slimebound:Tackle","Slimebound:Split+1","Slimebound:CorrosiveSpit+1","AT_FamilyPortrait+1","Slimebound:RollThrough","Slimebound:Prepare+1","Slimebound:GoopTackle+1","Slimebound:SplitLeeching+1","Slimebound:RollThrough","Slimebound:RollThrough","Slimebound:SplitMire","Slimebound:MassFeed+1","Slimebound:Gluttony+1","Slimebound:SlimeBarrage","expansioncontent:DashGenerateEvil+1","Slimebound:LevelUp","Slimebound:ViciousTackle+1","Slimebound:BestDefense+1","Slimebound:HungryTackle+1","Slimebound:SelfFormingGoo+1","Slimebound:Grow+1","Slimebound:ComboTackle","Slimebound:BestDefense+1","Slimebound:MassRepurpose+1","Slimebound:ServeAndProtect","Slimebound:ServeAndProtect","Slimebound:SamplingLick+1","expansioncontent:StudyTheSpire+1","Slimebound:FlameTackle+1","AT_FamilyPortrait+1"],"relics":["Slimebound:AbsorbEndCombat","AT_ATBox","Bottled Lightning","downfall:HeartBlessingBlue","downfall:HeartBlessingRed","AT_TrinityForce","Frozen Egg 2","AT_RedNoBalance","Toy Ornithopter","Pandora\u0027s Box","downfall:HeartBlessingGreen","HandDrill","War Paint","Boot","Bottled Tornado","StoneCalendar","DollysMirror"],"acts_visited":["Exordium","TheCity","TheBeyond"],"potions_floor_usage":[21,27,33,33,44,44],"damage_taken":[{"damage":0.0,"enemies":"2 Louse","floor":2.0,"turns":1.0},{"damage":26.0,"enemies":"3 Sentries","floor":3.0,"turns":7.0},{"damage":17.0,"enemies":"Jaw Worm","floor":4.0,"turns":6.0},{"damage":0.0,"enemies":"Cultist","floor":5.0,"turns":1.0},{"damage":14.0,"enemies":"Lots of Slimes","floor":9.0,"turns":3.0},{"damage":3.0,"enemies":"2 Fungi Beasts","floor":12.0,"turns":3.0},{"damage":0.0,"enemies":"Gremlin Gang","floor":14.0,"turns":2.0},{"damage":13.0,"enemies":"Red Slaver","floor":15.0,"turns":2.0},{"damage":29.0,"enemies":"IC_STATUS_ARCHETYPE","floor":16.0,"turns":6.0},{"damage":20.0,"enemies":"downfall:LooterAlt2","floor":19.0,"turns":2.0},{"damage":10.0,"enemies":"downfall:FleeingMerchant","floor":20.0,"turns":4.0},{"damage":1,"enemies":"3 Byrds","floor":21,"turns":5},{"damage":54,"enemies":"Shelled Parasite and Fungi","floor":22,"turns":5},{"damage":35,"enemies":"Slavers","floor":23,"turns":3},{"damage":1,"enemies":"Snake Plant","floor":25,"turns":4},{"damage":15,"enemies":"Chosen and Byrds","floor":26,"turns":4},{"damage":9,"enemies":"Centurion and Healer","floor":27,"turns":7},{"damage":0,"enemies":"Snecko","floor":28,"turns":4},{"damage":28,"enemies":"Book of Stabbing","floor":29,"turns":5},{"damage":11,"enemies":"Sentry and Sphere","floor":30,"turns":4},{"damage":10,"enemies":"Snake Plant","floor":31,"turns":3},{"damage":4,"enemies":"Chosen and Byrds","floor":32,"turns":4},{"damage":62,"enemies":"SI_MIRROR_ARCHETYPE","floor":33,"turns":6},{"damage":32,"enemies":"Orb Walker","floor":36,"turns":3},{"damage":43,"enemies":"3 Darklings","floor":38,"turns":4},{"damage":3,"enemies":"downfall:FleeingMerchant","floor":39,"turns":4},{"damage":41,"enemies":"Reptomancer","floor":40,"turns":5},{"damage":26,"enemies":"Spire Growth","floor":43,"turns":4},{"damage":26,"enemies":"Giant Head","floor":44,"turns":6},{"damage":0,"enemies":"Sphere and 2 Shapes","floor":46,"turns":3},{"damage":34,"enemies":"Jaw Worm Horde","floor":49,"turns":4},{"damage":48,"enemies":"DF_ARCHETYPE_ORBS","floor":50,"turns":2}],"seed_played":"1699536865603158508","potions_obtained":[{"floor":2.0,"key":"BlessingOfTheForge"},{"floor":9.0,"key":"Guardian:BlockOnCardUsePotion"},{"floor":12.0,"key":"Energy Potion"},{"floor":19.0,"key":"GamblersBrew"},{"floor":22,"key":"PowerPotion"},{"floor":25,"key":"Swift Potion"},{"floor":29,"key":"FairyPotion"},{"floor":31,"key":"Energy Potion"},{"floor":40,"key":"Guardian:BlockOnCardUsePotion"},{"floor":43,"key":"Fire Potion"}],"is_trial":false,"path_per_floor":["R","M","?","M","M","R","T","R","M","?","R","M","R","M","M","B",null,"R","M","$","M","M","E","T","M","M","M","M","E","M","M","M","B",null,"R","M","?","M","$","E","T","R","M","E","$","M","R","?","M","B"],"character_chosen":"SLIMEBOUND","items_purchased":["expansioncontent:DashGenerateEvil","HandDrill","War Paint","expansioncontent:StudyTheSpire","DollysMirror"],"campfire_rested":2,"item_purchase_floors":[20,39,39,39,45],"current_hp_per_floor":[71,71,59,60,60,60,60,70,56,56,56,57,57,57,46,25,81,81,73,71,88,46,27,27,61,59,69,76,40,59,66,72,26,141,141,38,38,44,41,8,8,50,30,18,18,26,69,69,45,0,0,0],"gold":65,"neow_bonus":"TEN_PERCENT_HP_BONUS","is_daily":false,"chose_seed":false,"campfire_upgraded":6,"win_rate":0.0,"timestamp":1613801589,"path_taken":["R","M","?","M","M","?","T","R","M","?","R","M","R","?","M","BOSS","R","M","$","?","M","E","T","M","M","M","M","E","M","M","M","BOSS","R","M","?","?","?","E","T","R","?","E","$","M","R","?","M","BOSS"],"items_purchased_type":["Card","Relic","Relic","Card","Relic"],"build_version":"2020-12-22","purchased_purges":0,"victory":false,"max_hp_per_floor":[71,71,71,71,71,71,71,81,81,81,81,81,81,81,81,81,81,81,89,89,101,105,117,117,117,125,133,137,137,137,137,141,141,141,141,141,141,141,141,141,141,141,141,141,141,145,145,145,149,149,149,149],"card_choices":[{"not_picked":["Slimebound:PressTheAttack","Slimebound:FinishingTackle"],"picked":"Slimebound:RollThrough","floor":2.0},{"not_picked":["Slimebound:SamplingLick","Slimebound:LivingWall"],"picked":"Slimebound:Prepare","floor":3.0},{"not_picked":["Slimebound:SpikyOuterGoop","Slimebound:RollThrough"],"picked":"Slimebound:GoopTackle","floor":4.0},{"not_picked":["Slimebound:ComboTackle","Slimebound:MegaLick"],"picked":"Slimebound:SplitLeeching","floor":9.0},{"not_picked":["Slimebound:PressTheAttack","Slimebound:Replication"],"picked":"Slimebound:RollThrough","floor":12.0},{"not_picked":["Slimebound:LeechingTouch","Slimebound:SplitAcid"],"picked":"Slimebound:RollThrough","floor":14.0},{"not_picked":["Slimebound:PressTheAttack","Slimebound:SplitLeeching"],"picked":"Slimebound:SplitMire","floor":15.0},{"not_picked":["Slimebound:MassRepurpose","Slimebound:RallyTheTroops"],"picked":"Slimebound:MassFeed","floor":16.0},{"not_picked":["Slimebound:LeechEnergy","Slimebound:SplitBruiser"],"picked":"Slimebound:Gluttony+1","floor":19.0},{"not_picked":["Slimebound:Dissolve+1","Slimebound:AcidTongue"],"picked":"Slimebound:SlimeBarrage","floor":20.0},{"not_picked":["Slimebound:DivideAndConquer+1","Slimebound:RejuvenatingLick"],"picked":"Slimebound:LevelUp","floor":21},{"not_picked":["Slimebound:Dissolve","Slimebound:Schlurp","Slimebound:LeechEnergy"],"picked":"SKIP","floor":22},{"not_picked":["Slimebound:ComboTackle","Slimebound:GoopTackle"],"picked":"Slimebound:WasteNot","floor":23},{"not_picked":["Slimebound:RainOfGoop","Slimebound:Schlurp","Slimebound:PressTheAttack"],"picked":"SKIP","floor":25},{"not_picked":["Slimebound:SplitAcid+1","Slimebound:Replication+1","Slimebound:LeechEnergy"],"picked":"SKIP","floor":26},{"not_picked":["Slimebound:GrowthPunch+1","Slimebound:ComboTackle","Slimebound:GoopTackle"],"picked":"SKIP","floor":27},{"not_picked":["Slimebound:SpikyOuterGoop+1","Slimebound:SlimeBarrage"],"picked":"Slimebound:ViciousTackle+1","floor":28},{"not_picked":["Slimebound:Chomp","Slimebound:SplitAcid"],"picked":"Slimebound:BestDefense+1","floor":29},{"not_picked":["Slimebound:Schlurp","Slimebound:ViciousTackle","Slimebound:RollThrough"],"picked":"SKIP","floor":30},{"not_picked":["Slimebound:SplitMire","Slimebound:GrowthPunch","Slimebound:LeechingTouch"],"picked":"SKIP","floor":31},{"not_picked":["Slimebound:RollThrough","Slimebound:HauntingLick"],"picked":"Slimebound:HungryTackle+1","floor":32},{"not_picked":["Slimebound:MassRepurpose","Slimebound:FirmFortitude"],"picked":"Slimebound:SelfFormingGoo+1","floor":33},{"not_picked":["Slimebound:GrowthPunch","Slimebound:HungryTackle+1","Slimebound:HauntingLick+1"],"picked":"SKIP","floor":36},{"not_picked":["Slimebound:LivingWall+1","Slimebound:ForwardTackle"],"picked":"Slimebound:SamplingLick+1","floor":38},{"not_picked":["Slimebound:SlimeBarrage+1","Slimebound:TongueLash","Slimebound:FinishingTackle+1"],"picked":"SKIP","floor":39},{"not_picked":["Slimebound:FinishingTackle","Slimebound:RollThrough","Slimebound:DivideAndConquer+1"],"picked":"SKIP","floor":40},{"not_picked":["Slimebound:SlimeSpikes+1","Slimebound:LevelUp+1"],"picked":"Slimebound:FlameTackle+1","floor":43},{"not_picked":["Slimebound:DouseInSlime","Slimebound:Grow+1","Slimebound:ServeAndProtect"],"picked":"SKIP","floor":44},{"not_picked":["Slimebound:ComboTackle+1","Slimebound:ServeAndProtect+1","Slimebound:RainOfGoop"],"picked":"SKIP","floor":46},{"not_picked":["Slimebound:SlimeSpikes+1","Slimebound:DisruptingSlam","Slimebound:LivingWall+1"],"picked":"SKIP","floor":49}],"player_experience":168263,"relics_obtained":[{"floor":3.0,"key":"Bottled Lightning"},{"floor":23,"key":"Frozen Egg 2"},{"floor":24,"key":"AT_SilverBalance"},{"floor":29,"key":"Toy Ornithopter"},{"floor":40,"key":"Boot"},{"floor":41,"key":"Bottled Tornado"},{"floor":44,"key":"StoneCalendar"}],"event_choices":[{"cards_removed":["Slimebound:Defend_Slimebound"],"damage_healed":0.0,"max_hp_gain":0.0,"max_hp_loss":0.0,"gold_gain":0.0,"event_name":"Bonfire Elementals","player_choice":"Offered Basic","floor":10.0,"gold_loss":0.0,"damage_taken":0.0},{"damage_healed":0,"gold_gain":0,"player_choice":"Forge","damage_taken":0,"max_hp_gain":0,"max_hp_loss":0,"event_name":"Accursed Blacksmith","floor":37,"gold_loss":0,"cards_upgraded":["Slimebound:MassRepurpose"]}],"is_beta":false,"boss_relics":[{"not_picked":["Slimebound:AbsorbEndCombatUpgraded","Astrolabe"],"picked":"AT_TrinityForce"},{"not_picked":["Slimebound:TarBlob","Black Star"],"picked":"Pandora\u0027s Box"}],"items_purged_floors":[],"is_endless":false,"potions_floor_spawned":[2,9,12,19,22,25,29,31,40,43],"killed_by":"DF_ARCHETYPE_ORBS","ascension_level":0}}