{"host":"6vtgmkkqqeew181q","time":1613797504,"event":{"mods":["BaseMod","Better Skull","Better Third Choice","BetterRewards","Colored Powertips","Downfall","Faster Ascension Climbing","Highlight Path","Minty Spire (QoL Compilation)","Reliquary","Replay The Spire","Spire Birthday Party","StSLib","The Cursed","The IronCluck","The Jungle","The Servant 0.9.4"],"gold_per_floor":[368,368,70,89,105,105,132,132,132,132,182,182,182,198,232,246,246,351,351,367,385,484,503,209,209,220,220,220,220,125,145,145,1,1,103,103,121,139,202,5,25,25,37,37,37,53,66,91,91,105,105,105],"floor_reached":53,"language":"ENG","playtime":3547,"items_purged":["Strike_S"],"score":724,"play_id":"9b250fb4-2e11-415f-8442-210615180413","local_time":"20210219210504","is_ascension_mode":false,"campfire_choices":[{"data":"Duplication","floor":6.0,"key":"SMITH"},{"data":"Ricochet","floor":8.0,"key":"SMITH"},{"data":"SurpressingFire","floor":12.0,"key":"SMITH"},{"data":"MurderousAura","floor":17.0,"key":"SMITH"},{"floor":25.0,"key":"REST"},{"data":"LightFlow","floor":27.0,"key":"SMITH"},{"data":"Moonlight","floor":29.0,"key":"SMITH"},{"data":"SoulSculpture","floor":34.0,"key":"SMITH"},{"data":"SoulSculpture","floor":42,"key":"SMITH"},{"data":"SoulSculpture","floor":44,"key":"SMITH"},{"floor":51,"key":"REST"}],"circlet_count":0,"master_deck":["Strike_S","Defend_S","Defend_S","Defend_S","Defend_S","KidneyShot","Exchange+1","ReplayTheSpireMod:Doomed","Moonlight+1","Rearm","BottledTime","Ricochet+1","Duplication+1","SurpressingFire+1","Rearm","SpecialFormula","MurderousAura+1","ShatteredReality","LightFlow+1","Clumsy","Defy+1","ShatteredReality","Luminosity","FloweringNight","SilverBlades","Ricochet+1","Gouge+1","StarChef","SoulSculpture+1","SoulSculpture+1","Luminosity+1","SoulSculpture+1","Replace+1","Moonlight+1","Replace+1","SurpressingFire+1","BestPractice+1","Defy+1"],"relics":["Uniform","Prayer Wheel","Bag of Preparation","Omamori","reliquary:BoilingFlask","Replay:Ancient Bell","Pen Nib","Slimebound:PreparedRelic","Turnip","Gremlin Food","Gremlin Horn","Lizard Tail","Philosopher\u0027s Stone","bronze:BronzeIdol","ReplayTheSpireMod:TigerMarble","Dream Catcher","hexamod:Sixitude"],"acts_visited":["Exordium","TheCity","TheBeyond"],"potions_floor_usage":[38,52,52,52],"damage_taken":[{"damage":8.0,"enemies":"Jaw Worm","floor":1.0,"turns":5.0},{"damage":1.0,"enemies":"2 Louse","floor":4.0,"turns":3.0},{"damage":0.0,"enemies":"Cultist","floor":5.0,"turns":3.0},{"damage":13.0,"enemies":"Gremlin Nob","floor":7.0,"turns":4.0},{"damage":4.0,"enemies":"Exordium Wildlife","floor":14.0,"turns":3.0},{"damage":8.0,"enemies":"3 Sentries","floor":15.0,"turns":6.0},{"damage":18.0,"enemies":"Exordium Thugs","floor":16.0,"turns":4.0},{"damage":3.0,"enemies":"Hexaghost","floor":18.0,"turns":6.0},{"damage":1.0,"enemies":"3 Byrds","floor":20.0,"turns":4.0},{"damage":10.0,"enemies":"2 Thieves","floor":21.0,"turns":2.0},{"damage":31.0,"enemies":"Snake Plant","floor":23.0,"turns":4.0},{"damage":6.0,"enemies":"Cultist and Chosen","floor":26.0,"turns":5.0},{"damage":0.0,"enemies":"3 Cultists","floor":31.0,"turns":3.0},{"damage":40,"enemies":"Collector","floor":35,"turns":5},{"damage":0,"enemies":"3 Shapes","floor":37,"turns":3},{"damage":5,"enemies":"3 Darklings","floor":38,"turns":3},{"damage":14,"enemies":"Spire Growth","floor":41,"turns":4},{"damage":2,"enemies":"Maw","floor":43,"turns":5},{"damage":1,"enemies":"3 Darklings","floor":46,"turns":3},{"damage":20,"enemies":"Spire Growth","floor":47,"turns":4},{"damage":4,"enemies":"Nemesis","floor":48,"turns":4},{"damage":0,"enemies":"Writhing Mass","floor":50,"turns":4},{"damage":15,"enemies":"Time Eater","floor":52,"turns":7}],"seed_played":"8392746701594628585","potions_obtained":[{"floor":5.0,"key":"BlessingOfTheForge"},{"floor":7.0,"key":"Strength Potion"},{"floor":14.0,"key":"sneckomod:MuddlingPotion"},{"floor":15.0,"key":"FairyPotion"},{"floor":18.0,"key":"Regen Potion"},{"floor":23.0,"key":"Block Potion"},{"floor":26.0,"key":"SkillPotion"},{"floor":39,"key":"EssenceOfSteel"},{"floor":46,"key":"Strength Potion"}],"is_trial":false,"path_per_floor":["M","?","$","M","M","R","E","R","PTL","PTL","T","R","?","M","E","M","R","B",null,"M","M","?","M","$","R","M","R","T","R","?","M","$","$","R","B",null,"M","M","?","$","M","R","M","R","T","M","M","E","?","M","R","B",null],"character_chosen":"THE_SERVANT","items_purchased":["Prayer Wheel","SilverBlades","Gremlin Food","SoulSculpture","DuplicationPotion","ReplayTheSpireMod:TigerMarble","Moonlight+1"],"campfire_rested":2,"item_purchase_floors":[3,24,24,33,33,40,40],"current_hp_per_floor":[57,57,57,56,56,56,43,43,43,43,43,43,43,39,36,23,23,25,65,65,55,55,27,27,46,59,59,59,59,59,64,64,64,64,29,65,65,65,49,49,40,40,43,43,43,42,27,32,32,37,56,46],"gold":105,"neow_bonus":"TWO_FIFTY_GOLD","is_daily":false,"chose_seed":false,"campfire_upgraded":9,"win_rate":0.0,"timestamp":1613797504,"path_taken":["M","?","$","M","M","R","E","R","PTL","PTL","T","R","?","M","E","M","R","BOSS","M","M","?","M","$","R","M","R","T","R","?","?","?","$","R","BOSS","M","M","?","?","M","R","M","R","T","?","M","E","?","M","R","BOSS"],"items_purchased_type":["Relic","Card","Relic","Card","Potion","Relic","Card"],"build_version":"2020-12-22","purchased_purges":1,"victory":true,"max_hp_per_floor":[65,65,65,65,65,65,65,65,65,65,65,65,65,65,65,65,65,65,65,65,65,65,65,65,65,65,65,65,65,65,65,65,65,65,65,65,65,65,65,65,65,65,65,65,65,65,65,65,65,65,65,65],"card_choices":[{"not_picked":["Barrier","Potential"],"picked":"Moonlight","floor":1.0},{"not_picked":["Rewind","TimeWarp"],"picked":"Rearm","floor":4.0},{"not_picked":["FastForward","DoubleEdge"],"picked":"BottledTime","floor":4.0},{"not_picked":["InstantArmor","Starlight"],"picked":"Ricochet","floor":5.0},{"not_picked":["Duplication","Potential","Revamp"],"picked":"SKIP","floor":5.0},{"not_picked":["Potential","Revamp"],"picked":"Duplication","floor":5.0},{"not_picked":["Rewind","Starlight"],"picked":"SurpressingFire","floor":7.0},{"not_picked":["ReturningBlade","Rewind"],"picked":"Rearm","floor":14.0},{"not_picked":["Replace","DualDimension"],"picked":"SpecialFormula","floor":14.0},{"not_picked":["ShiftingGears","Initiator"],"picked":"MurderousAura","floor":15.0},{"not_picked":["TimeWarp","Rewind"],"picked":"ShatteredReality","floor":16.0},{"not_picked":["Snipe","Ricochet","Rewind"],"picked":"SKIP","floor":16.0},{"not_picked":["Initiator","ForgedInTime"],"picked":"LightFlow","floor":18.0},{"not_picked":["ReplayTheSpireMod:IOU","AbeCurse"],"picked":"Pain","floor":19.0},{"not_picked":["Spreading Infection","CommonCold"],"picked":"downfall:Bewildered","floor":19.0},{"not_picked":["Overencumbered","Decay"],"picked":"Clumsy","floor":19.0},{"not_picked":["Starlight","ShatteredReality"],"picked":"Defy","floor":20.0},{"not_picked":["Rearm","Unruled"],"picked":"ShatteredReality","floor":20.0},{"not_picked":["Spin","Rearm"],"picked":"Luminosity","floor":21.0},{"not_picked":["ShiftingGears+1","ShatteredReality","Alleviate"],"picked":"SKIP","floor":21.0},{"not_picked":["Rewind+1","FastForward+1"],"picked":"FloweringNight","floor":23.0},{"not_picked":["DoubleEdge","ShatteredReality","Revamp"],"picked":"SKIP","floor":23.0},{"not_picked":["Rearm+1","InstantArmor"],"picked":"Ricochet+1","floor":26.0},{"not_picked":["Moonlight","TimeWarp+1","GearUp"],"picked":"SKIP","floor":26.0},{"not_picked":["BottledTime+1","Spin"],"picked":"Gouge+1","floor":31.0},{"not_picked":["Initiator","Ricochet"],"picked":"StarChef","floor":31.0},{"not_picked":["FloweringNight","Solidify"],"picked":"SoulSculpture","floor":35},{"not_picked":["ShatteredReality+1","TimeWarp"],"picked":"Luminosity+1","floor":37},{"not_picked":["Gouge","BottledTime+1","Rearm"],"picked":"SKIP","floor":37},{"not_picked":["DoubleEdge","Read"],"picked":"SoulSculpture","floor":38},{"not_picked":["Collapse","Rearm","Starlight"],"picked":"SKIP","floor":38},{"not_picked":["Alleviate+1","Moondial+1"],"picked":"Replace+1","floor":39},{"not_picked":["Rewind+1","ShatteredReality+1"],"picked":"Replace+1","floor":41},{"not_picked":["FanOfKnives","FloweringNight","Spin"],"picked":"SKIP","floor":41},{"not_picked":["MoonPhase+1","Starlight","Unruled"],"picked":"SKIP","floor":43},{"not_picked":["TimeWarp+1","Revamp+1","Rewind"],"picked":"SKIP","floor":43},{"not_picked":["Defy+1","ReturningBlade+1"],"picked":"SurpressingFire+1","floor":46},{"not_picked":["Revamp+1","SpecialFormula","Rewind+1"],"picked":"SKIP","floor":46},{"not_picked":["Contraction+1","Ricochet+1","ReturningBlade+1"],"picked":"SKIP","floor":47},{"not_picked":["Moondial+1","Rearm","Revamp+1"],"picked":"SKIP","floor":47},{"not_picked":["TimeWarp","PendulumOfEternity","Defy"],"picked":"SKIP","floor":48},{"not_picked":["Luminosity+1","Reset"],"picked":"BestPractice+1","floor":50},{"not_picked":["Rearm","BottledTime"],"picked":"Defy+1","floor":50}],"player_experience":686830,"relics_obtained":[{"floor":7.0,"key":"Bag of Preparation"},{"floor":11.0,"key":"Omamori"},{"floor":15.0,"key":"reliquary:BoilingFlask"},{"floor":28.0,"key":"Gremlin Horn"},{"floor":39,"key":"bronze:BronzeIdol"},{"floor":45,"key":"Dream Catcher"},{"floor":48,"key":"hexamod:Sixitude"}],"event_choices":[{"damage_healed":0.0,"max_hp_gain":0.0,"max_hp_loss":0.0,"gold_gain":0.0,"event_name":"NoteForYourself","player_choice":"Ignored","floor":13.0,"gold_loss":0.0,"damage_taken":0.0},{"damage_healed":0.0,"max_hp_gain":0.0,"max_hp_loss":0.0,"gold_gain":99.0,"event_name":"betterThird:BetterNest","player_choice":"Steal","floor":22.0,"gold_loss":0.0,"damage_taken":0.0},{"damage_healed":0.0,"max_hp_gain":0.0,"max_hp_loss":0.0,"gold_gain":0.0,"event_name":"WeMeetAgain","player_choice":"Paid Gold","floor":30.0,"gold_loss":95.0,"damage_taken":0.0,"relics_obtained":["Lizard Tail"]},{"cards_removed":["Strike_S"],"damage_healed":0,"gold_gain":0,"player_choice":"Removed Attack","damage_taken":0,"max_hp_gain":0,"max_hp_loss":0,"event_name":"Falling","floor":49,"gold_loss":0}],"is_beta":false,"boss_relics":[{"not_picked":["Velvet Choker","reliquary:WritOfMandamus"],"picked":"Replay:Ancient Bell"},{"not_picked":["reliquary:WeakTea","Toy Ornithopter"],"picked":"Pen Nib"},{"not_picked":["Sundial","Quantum Egg"],"picked":"Slimebound:PreparedRelic"},{"not_picked":["Incense Burner","Replay:Kaleidoscope"],"picked":"Turnip"},{"not_picked":["Runic Pyramid","Empty Cage"],"picked":"Philosopher\u0027s Stone"}],"items_purged_floors":[24],"is_endless":false,"potions_floor_spawned":[5,7,14,15,18,23,26,31,35,41,46,48,50],"ascension_level":0}}