{"host":"qc1sjgtdjonvdsd8","time":1613794349,"event":{"mods":["BaseMod","Colored Map","Colored Powertips","Curses Come First","Minty Spire (QoL Compilation)","Replay The Spire","StSLib"],"gold_per_floor":[117,117,192,206,9,43,43,71,71,71,71,71,83,111,111,210,210,226,226,244,46,61,89,89,89,89,106,137,137,137,47,77,90,90,192,192,212,231,439,457,457,472,497,497,497],"floor_reached":44,"language":"ENG","playtime":3527,"items_purged":["Pain"],"score":642,"play_id":"3366545d-8ecd-41ab-95cc-c1afd892981a","local_time":"20210219201229","is_ascension_mode":true,"campfire_choices":[{"data":"Apotheosis","floor":7,"key":"SMITH"},{"floor":10,"key":"REST"},{"data":"True Grit","floor":12,"key":"SMITH"},{"data":"Power Through","floor":15,"key":"SMITH"},{"data":"Pot Of Greed","floor":24,"key":"SMITH"},{"data":"True Grit","floor":34,"key":"SMITH"},{"data":"Pot Of Greed","floor":34,"key":"SMITH"}],"circlet_count":0,"master_deck":["Strike_R+1","Strike_R+1","Defend_R+1","Defend_R+1","Defend_R+1","Defend_R+1","Eclipse","Blood for Blood","True Grit+1","Apotheosis+1","ReplayTheSpireMod:LeadingStrike","Power Through+1","Juggernaut","Juggernaut","Flame Barrier","Shrug It Off","Feel No Pain","Shrug It Off","Sentinel","Pot Of Greed","Pot Of Greed+1","Fire Breathing+1","Shrug It Off","True Grit+1","Pot Of Greed+1","Warcry+1","Body Slam+1","Sentinel"],"relics":["Burning Blood","TungstenRod","Mango","Snack Pack","Ooze Armor","Nloth\u0027s Gift","Grinning Jar","Replay:Arrowhead","Pocketwatch","Snecko Heart","Darkstone Periapt"],"acts_visited":["Exordium","TheCity","TheBeyond"],"potions_floor_usage":[14,16,23,28,38,43,43,43],"damage_taken":[{"damage":6,"enemies":"Jaw Worm","floor":1,"turns":4},{"damage":11,"enemies":"Small Slimes","floor":4,"turns":3},{"damage":45,"enemies":"Gremlin Nob","floor":6,"turns":5},{"damage":15,"enemies":"3 Sentries","floor":8,"turns":9},{"damage":0,"enemies":"Cultist","floor":13,"turns":4},{"damage":27,"enemies":"Gremlin Nob","floor":14,"turns":4},{"damage":11,"enemies":"Slime Boss","floor":16,"turns":8},{"damage":3,"enemies":"Spheric Guardian","floor":18,"turns":4},{"damage":2,"enemies":"3 Byrds","floor":20,"turns":3},{"damage":15,"enemies":"Snecko","floor":22,"turns":4},{"damage":6,"enemies":"Book of Stabbing","floor":23,"turns":6},{"damage":5,"enemies":"Chosen and Byrds","floor":27,"turns":4},{"damage":10,"enemies":"Gremlin Leader","floor":28,"turns":6},{"damage":14,"enemies":"Book of Stabbing","floor":32,"turns":5},{"damage":0,"enemies":"Snake Plant","floor":33,"turns":4},{"damage":24,"enemies":"Automaton","floor":35,"turns":8},{"damage":0,"enemies":"3 Shapes","floor":37,"turns":3},{"damage":1,"enemies":"3 Darklings","floor":38,"turns":4},{"damage":40,"enemies":"Jaw Worm Horde","floor":40,"turns":4},{"damage":26,"enemies":"Maw","floor":42,"turns":6},{"damage":22,"enemies":"Nemesis","floor":43,"turns":5},{"damage":0,"enemies":"3 Darklings","floor":44,"turns":2}],"seed_played":"5174684148775408587","potions_obtained":[{"floor":4,"key":"SteroidPotion"},{"floor":8,"key":"Explosive Potion"},{"floor":16,"key":"Swift Potion"},{"floor":20,"key":"PowerPotion"},{"floor":23,"key":"GamblersBrew"},{"floor":27,"key":"Block Potion"},{"floor":35,"key":"SteroidPotion"},{"floor":37,"key":"Explosive Potion"},{"floor":40,"key":"AttackPotion"},{"floor":42,"key":"AttackPotion"}],"is_trial":false,"path_per_floor":["M","?","?","M","$","E","R","E","T","R","$","R","M","E","R","B",null,"M","?","M","$","M","E","R","?","T","M","E","PTL","PTL","?","E","M","R","B",null,"M","M","?","M","?","M","E","M"],"character_chosen":"IRONCLAD","items_purchased":["Apotheosis","Feel No Pain","Shrug It Off"],"campfire_rested":1,"item_purchase_floors":[5,21,21],"current_hp_per_floor":[80,80,69,67,67,28,28,33,33,62,62,62,68,47,47,48,97,97,97,97,97,90,90,90,90,90,91,89,89,89,89,81,87,87,71,97,97,97,74,43,43,25,9,9,9],"gold":497,"neow_bonus":"TRANSFORM_TWO_CARDS","is_daily":false,"chose_seed":false,"campfire_upgraded":6,"win_rate":0.0,"timestamp":1613794349,"path_taken":["M","?","?","M","?","E","R","E","T","R","?","R","M","E","R","BOSS","M","?","M","?","M","E","R","?","T","M","E","PTL","PTL","?","E","?","R","BOSS","M","M","?","M","?","M","E","M"],"items_purchased_type":["Card","Card","Card"],"build_version":"2020-12-22","purchased_purges":1,"victory":false,"max_hp_per_floor":[80,80,80,83,83,83,83,97,97,97,97,97,97,97,97,97,97,97,97,97,97,97,97,97,97,97,97,97,97,97,97,97,97,97,97,97,97,97,97,100,100,100,100,100,100],"card_choices":[{"not_picked":["Run Through","Sword Boomerang"],"picked":"True Grit","floor":1},{"not_picked":["Anger","Iron Wave","Warcry"],"picked":"SKIP","floor":4},{"not_picked":["Pommel Strike","Massacre"],"picked":"ReplayTheSpireMod:LeadingStrike","floor":6},{"not_picked":["Warcry","Rage","Run Through"],"picked":"SKIP","floor":8},{"not_picked":["Metallicize","Intimidate"],"picked":"Power Through","floor":13},{"not_picked":["Cleave","Clash"],"picked":"Juggernaut","floor":14},{"not_picked":["Demonic Infusion","Exhume"],"picked":"Juggernaut","floor":16},{"not_picked":["Carnage","Body Slam"],"picked":"Flame Barrier","floor":18},{"not_picked":["Sword Boomerang","Run Through"],"picked":"Shrug It Off","floor":20},{"not_picked":["Bloodletting","Second Wind"],"picked":"Sentinel","floor":22},{"not_picked":["Uppercut","Intimidate"],"picked":"Fire Breathing","floor":23},{"not_picked":["Pommel Strike+1","Dropkick"],"picked":"Shrug It Off","floor":27},{"not_picked":["Exhume","Cleave","Wild Strike"],"picked":"SKIP","floor":28},{"not_picked":["Exhume","Hemogenesis","Demon Form"],"picked":"SKIP","floor":32},{"not_picked":["Sword Boomerang","Blood for Blood"],"picked":"True Grit","floor":33},{"not_picked":["Anger","ReplayTheSpireMod:Strike From Hell"],"picked":"Warcry+1","floor":37},{"not_picked":["True Grit+1","Pommel Strike","Double Tap"],"picked":"SKIP","floor":38},{"not_picked":["ReplayTheSpireMod:Strike From Hell+1","Wild Strike"],"picked":"Body Slam+1","floor":39},{"not_picked":["Flex","Anger","Sword Boomerang"],"picked":"SKIP","floor":40},{"not_picked":["Dropkick+1","Rupture+1","Flex+1"],"picked":"SKIP","floor":42},{"not_picked":["ReplayTheSpireMod:Strike From Hell","Shockwave+1"],"picked":"Sentinel","floor":43}],"player_experience":309889,"relics_obtained":[{"floor":6,"key":"TungstenRod"},{"floor":8,"key":"Mango"},{"floor":9,"key":"Snack Pack"},{"floor":14,"key":"Champion Belt"},{"floor":23,"key":"Grinning Jar"},{"floor":28,"key":"Replay:Arrowhead"},{"floor":32,"key":"Pocketwatch"},{"floor":43,"key":"Darkstone Periapt"}],"event_choices":[{"damage_healed":0,"gold_gain":0,"player_choice":"Ignored","damage_taken":0,"max_hp_gain":0,"max_hp_loss":0,"event_name":"Liars Game","floor":2,"gold_loss":0},{"damage_healed":0,"gold_gain":75,"player_choice":"Gather Gold","damage_taken":11,"max_hp_gain":0,"max_hp_loss":0,"event_name":"World of Goop","floor":3,"gold_loss":0},{"damage_healed":0,"gold_gain":0,"player_choice":"Traded Relic","damage_taken":0,"relics_obtained":["Nloth\u0027s Gift"],"max_hp_gain":0,"max_hp_loss":0,"event_name":"N\u0027loth","floor":19,"relics_lost":["Champion Belt"],"gold_loss":0},{"damage_healed":0,"gold_gain":0,"player_choice":"Simplicity","damage_taken":0,"max_hp_gain":0,"max_hp_loss":0,"event_name":"Back to Basics","floor":25,"gold_loss":0,"cards_upgraded":["Strike_R","Strike_R","Strike_R","Defend_R","Defend_R","Defend_R","Defend_R"]},{"cards_removed":["Bash"],"damage_healed":0,"gold_gain":0,"player_choice":"Upgrade and Remove","damage_taken":0,"max_hp_gain":0,"max_hp_loss":0,"event_name":"Designer","floor":31,"gold_loss":90,"cards_upgraded":["Fire Breathing"]},{"cards_removed":["Strike_R"],"damage_healed":0,"gold_gain":0,"player_choice":"Removed Attack","damage_taken":0,"max_hp_gain":0,"max_hp_loss":0,"event_name":"Falling","floor":41,"gold_loss":0}],"is_beta":false,"boss_relics":[{"not_picked":["Empty Cage","Runic Cube"],"picked":"Ooze Armor"},{"not_picked":["Black Star","Tiny House"],"picked":"Snecko Heart"}],"items_purged_floors":[21],"is_endless":false,"potions_floor_spawned":[4,8,16,20,23,27,35,37,40,42],"killed_by":"3 Darklings","ascension_level":4}}