{"host":"6xsbn6ynqlzwllfm","time":1613782706,"event":{"mods":["2.2 Compatiblity","BaseMod","Bestiary","Colored Map","Colored Powertips","Curses Come First","Downfall","Highlight Path","Keyboard Shortcuts","Minty Spire (QoL Compilation)","Quick Restart","Relic Stats","Slay the Relics Exporter","StSLib","SuperFastMode"],"gold_per_floor":[109,123,143,167,185,214,214,244,292,310,1,11,11,22,22,98,98,116,31,31,41,51,78,78,78,128,146,180,180,37,69,69,69,69,69],"floor_reached":33,"language":"ENG","playtime":1094,"items_purged":[],"score":539,"play_id":"5270de07-e1b5-48c8-aba9-90ecbd9bde51","local_time":"20210219195826","is_ascension_mode":true,"campfire_choices":[{"data":"bronze:BugBarrage","floor":7,"key":"SMITH"},{"data":"bronze:ItsAFeature","floor":13,"key":"SMITH"},{"data":"bronze:OilSpill","floor":15,"key":"SMITH"},{"data":"bronze:Optimize","floor":25,"key":"SMITH"},{"data":"bronze:Iterate","floor":29,"key":"SMITH"},{"data":"bronze:MaxOutput","floor":32,"key":"SMITH"}],"circlet_count":0,"master_deck":["AscendersBane","bronze:Strike","bronze:Strike","bronze:Strike+1","bronze:Defend+1","bronze:Defend","bronze:Defend","bronze:Replicate+1","bronze:Goto+1","bronze:Frontload","bronze:Optimize+1","bronze:DelayedGuard","bronze:BugBarrage+1","bronze:MaxOutput+1","bronze:Iterate+1","bronze:ItsAFeature+1","bronze:OilSpill+1","bronze:Break","bronze:Shield","bronze:ForLoop+1","bronze:OilSpill+1"],"relics":["bronze:BronzeCore","Omamori","Lantern","Vajra","Anchor","Lee\u0027s Waffle","Bag of Preparation","Black Star","Du-Vu Doll","bronze:BottledCode","Eternal Feather","Whetstone","Juzu Bracelet","War Paint","Unceasing Top","Centennial Puzzle","Regal Pillow","Pen Nib"],"acts_visited":["Exordium","TheCity"],"potions_floor_usage":[6,23,23,23,31,31],"damage_taken":[{"damage":1,"enemies":"Cultist","floor":1,"turns":4},{"damage":7,"enemies":"Jaw Worm","floor":2,"turns":6},{"damage":1,"enemies":"Small Slimes","floor":3,"turns":4},{"damage":0,"enemies":"2 Fungi Beasts","floor":5,"turns":5},{"damage":5,"enemies":"Lagavulin","floor":6,"turns":7},{"damage":15,"enemies":"3 Sentries","floor":8,"turns":9},{"damage":0,"enemies":"Blue Slaver","floor":10,"turns":2},{"damage":0,"enemies":"3 Louse","floor":12,"turns":2},{"damage":8,"enemies":"Large Slime","floor":14,"turns":2},{"damage":22,"enemies":"Hexaghost","floor":16,"turns":5},{"damage":2,"enemies":"Chosen","floor":18,"turns":3},{"damage":0,"enemies":"Spheric Guardian","floor":21,"turns":2},{"damage":0,"enemies":"Snake Plant","floor":22,"turns":2},{"damage":7,"enemies":"Gremlin Leader","floor":23,"turns":6},{"damage":17,"enemies":"Chosen and Byrds","floor":27,"turns":6},{"damage":16,"enemies":"Slavers","floor":28,"turns":6},{"damage":4,"enemies":"Book of Stabbing","floor":31,"turns":4},{"damage":59,"enemies":"Champ","floor":33,"turns":6}],"seed_played":"-5969702834823957934","potions_obtained":[{"floor":2,"key":"FairyPotion"},{"floor":3,"key":"PowerPotion"},{"floor":6,"key":"FearPotion"},{"floor":10,"key":"Block Potion"},{"floor":21,"key":"EntropicBrew"},{"floor":23,"key":"Dexterity Potion"}],"is_trial":false,"path_per_floor":["M","M","M","T","M","E","R","E","T","M","$","M","R","M","R","B",null,"M","?","?","M","M","E","?","R","T","M","E","R","$","E","R","B"],"character_chosen":"THE_AUTOMATON","items_purchased":["Lee\u0027s Waffle","Bag of Preparation","Centennial Puzzle"],"campfire_rested":0,"item_purchase_floors":[11,11,30],"current_hp_per_floor":[41,34,33,33,33,28,28,13,13,13,70,70,70,62,62,40,63,61,61,60,60,60,53,53,60,60,43,27,39,39,35,47,0,0,0],"gold":69,"neow_bonus":"REMOVE_TWO","is_daily":false,"chose_seed":false,"campfire_upgraded":6,"win_rate":0.0,"timestamp":1613782706,"path_taken":["M","?","?","?","M","E","R","E","T","?","$","M","R","?","R","BOSS","M","?","?","M","M","E","?","R","T","M","E","R","?","E","R","BOSS"],"items_purchased_type":["Relic","Relic","Relic"],"build_version":"2020-12-22","purchased_purges":0,"victory":false,"max_hp_per_floor":[63,63,63,63,63,63,63,63,63,63,70,70,70,70,70,70,70,70,70,60,60,60,60,60,60,60,60,60,60,60,60,60,60,60,60],"relic_stats":{"Lee\u0027s Waffle":57,"Regal Pillow":0,"counters":[18,81],"Eternal Feather":31,"Pen Nib":[1],"Bag of Preparation":[22],"Juzu Bracelet":0,"Whetstone":["bronze:Replicate","bronze:Strike"],"War Paint":["bronze:Defend","bronze:Goto"],"Centennial Puzzle":[6],"Black Star":3,"obtain_stats":[{"Lantern":6,"Lee\u0027s Waffle":11,"Regal Pillow":31,"bronze:BronzeCore":0,"Vajra":8,"Eternal Feather":23,"Pen Nib":31,"Omamori":4,"Bag of Preparation":11,"Juzu Bracelet":26,"Whetstone":23,"War Paint":28,"Du-Vu Doll":19,"bronze:BottledCode":20,"Anchor":9,"Centennial Puzzle":30,"Black Star":17,"Unceasing Top":28},{"Lantern":5,"Lee\u0027s Waffle":7,"Regal Pillow":17,"bronze:BronzeCore":0,"Vajra":6,"Eternal Feather":14,"Pen Nib":17,"Omamori":3,"Bag of Preparation":7,"Juzu Bracelet":14,"Whetstone":14,"War Paint":16,"Du-Vu Doll":11,"bronze:BottledCode":11,"Anchor":6,"Centennial Puzzle":16,"Black Star":10,"Unceasing Top":16},{"Lantern":26,"Lee\u0027s Waffle":37,"Regal Pillow":75,"bronze:BronzeCore":0,"Vajra":35,"Eternal Feather":59,"Pen Nib":75,"Omamori":14,"Bag of Preparation":37,"Juzu Bracelet":59,"Whetstone":59,"War Paint":71,"Du-Vu Doll":49,"bronze:BottledCode":49,"Anchor":35,"Centennial Puzzle":71,"Black Star":46,"Unceasing Top":71}],"Unceasing Top":[0]},"card_choices":[{"not_picked":["bronze:Separator","bronze:BitShift"],"picked":"bronze:Frontload","floor":1},{"not_picked":["bronze:Shield","bronze:BuggyMess"],"picked":"bronze:Optimize","floor":2},{"not_picked":["bronze:Philosophize","bronze:BurnOut"],"picked":"bronze:DelayedGuard","floor":3},{"not_picked":["bronze:Turbo","bronze:WhirlingStrike"],"picked":"bronze:BugBarrage","floor":5},{"not_picked":["bronze:FollowUp","bronze:Branch"],"picked":"bronze:MaxOutput","floor":6},{"not_picked":["bronze:CutThrough","bronze:Overheat"],"picked":"bronze:Iterate","floor":8},{"not_picked":["bronze:Deprecate","bronze:Return"],"picked":"bronze:ItsAFeature","floor":10},{"not_picked":["bronze:DelayedSlice","bronze:BitShift"],"picked":"bronze:OilSpill","floor":12},{"not_picked":["bronze:Assembly","bronze:Library"],"picked":"bronze:Break","floor":16},{"not_picked":["bronze:WildBeam","bronze:BitShift"],"picked":"bronze:Shield","floor":18},{"not_picked":["bronze:GetLatest","bronze:ItsAFeature"],"picked":"bronze:ForLoop+1","floor":21},{"not_picked":["bronze:ClassDefault+1","bronze:Overload","bronze:DelayedGuard"],"picked":"SKIP","floor":23},{"not_picked":["bronze:Invalidate","bronze:OilSpill","bronze:Repulsor"],"picked":"SKIP","floor":27},{"not_picked":["bronze:Backtrace","bronze:Branch+1"],"picked":"bronze:OilSpill+1","floor":28},{"not_picked":["bronze:Branch","bronze:Mutator","bronze:HyperBeam"],"picked":"SKIP","floor":31}],"player_experience":1807142,"relics_obtained":[{"floor":4,"key":"Omamori"},{"floor":6,"key":"Lantern"},{"floor":8,"key":"Vajra"},{"floor":9,"key":"Anchor"},{"floor":23,"key":"Eternal Feather"},{"floor":23,"key":"Whetstone"},{"floor":26,"key":"Juzu Bracelet"},{"floor":28,"key":"War Paint"},{"floor":28,"key":"Unceasing Top"},{"floor":31,"key":"Regal Pillow"},{"floor":31,"key":"Pen Nib"}],"event_choices":[{"damage_healed":0,"gold_gain":0,"player_choice":"Obtained Relic","damage_taken":0,"relics_obtained":["Du-Vu Doll"],"max_hp_gain":0,"max_hp_loss":0,"event_name":"Addict","floor":19,"gold_loss":85}],"is_beta":false,"boss_relics":[{"not_picked":["Velvet Choker","Runic Pyramid"],"picked":"Black Star"}],"items_purged_floors":[],"is_endless":false,"potions_floor_spawned":[2,3,6,10,14,21,23,27,28],"killed_by":"Champ","ascension_level":14}}