{"host":"5mo0809oo9tcrmpl","time":1613785144,"event":{"mods":["BaseMod","Highlight Path","Minty Spire (QoL Compilation)","Relic Stats","Slay the Relics Exporter"],"gold_per_floor":[114,129,144,159,174,204,219,249,249,249,249,125,125,140,140,240,240,255,255,285,35,50,80,95,125,125,155,155,185,200,215,215,315,315,330,345,245,595,610,640,640,640,665,695,710,710,725,0,0,0],"floor_reached":51,"language":"ENG","playtime":4068,"items_purged":["Thunder Strike","Multi-Cast"],"score":944,"play_id":"5c134359-3b19-4435-9e6a-613afff3070b","local_time":"20210219193904","daily_mods":["Shiny","Red Cards","DeadlyEvents"],"is_ascension_mode":false,"campfire_choices":[{"floor":10.0,"key":"REST"},{"data":"Buffer","floor":13.0,"key":"SMITH"},{"data":"Seek","floor":15.0,"key":"SMITH"},{"floor":28.0,"key":"REST"},{"floor":32.0,"key":"REST"},{"data":"Corruption","floor":41,"key":"SMITH"},{"data":"Amplify","floor":46,"key":"SMITH"},{"floor":49,"key":"REST"}],"circlet_count":0,"master_deck":["Double Tap","Demon Form","Bludgeon","Feed","Limit Break","Corruption+1","Barricade+1","Fiend Fire","Berserk","Impervious","Juggernaut","Brutality","Reaper","Exhume","Offering","Immolate+1","Hyperbeam+1","Biased Cognition","Machine Learning","Electrodynamics","Buffer+1","Rainbow","Seek+1","Meteor Strike","Echo Form","All For One","Reboot","Amplify+1","Creative AI","Fission","Core Surge","Cold Snap","Conserve Battery+1","Conserve Battery","Static Discharge","Power Through","Cold Snap","Core Surge","Battle Trance+1","Whirlwind","Havoc+1","Seek","Steam Power","Stack","Biased Cognition","Parasite","Aggregate+1"],"relics":["Cracked Core","Anchor","Gambling Chip","Oddly Smooth Stone","Runic Dome","Whetstone","Shuriken","Strawberry","Mercury Hourglass","Matryoshka","Letter Opener","Centennial Puzzle","Busted Crown","Old Coin","MealTicket","Blood Vial","Boot","PreservedInsect","Red Mask"],"acts_visited":["Exordium","TheCity","TheBeyond"],"potions_floor_usage":[50],"damage_taken":[{"damage":0.0,"enemies":"Cultist","floor":1.0,"turns":2.0},{"damage":9.0,"enemies":"Jaw Worm","floor":2.0,"turns":2.0},{"damage":0.0,"enemies":"Small Slimes","floor":3.0,"turns":2.0},{"damage":10.0,"enemies":"Looter","floor":4.0,"turns":2.0},{"damage":14.0,"enemies":"2 Fungi Beasts","floor":5.0,"turns":3.0},{"damage":9.0,"enemies":"3 Sentries","floor":6.0,"turns":2.0},{"damage":6.0,"enemies":"Large Slime","floor":7.0,"turns":2.0},{"damage":14.0,"enemies":"Gremlin Nob","floor":8.0,"turns":3.0},{"damage":0.0,"enemies":"Exordium Wildlife","floor":14.0,"turns":2.0},{"damage":6.0,"enemies":"Hexaghost","floor":16.0,"turns":8.0},{"damage":0.0,"enemies":"Spheric Guardian","floor":18.0,"turns":4.0},{"damage":6.0,"enemies":"Slavers","floor":20.0,"turns":2.0},{"damage":0.0,"enemies":"Chosen","floor":22.0,"turns":4.0},{"damage":27.0,"enemies":"Gremlin Leader","floor":23.0,"turns":5.0},{"damage":21.0,"enemies":"Snecko","floor":24.0,"turns":6.0},{"damage":24.0,"enemies":"Book of Stabbing","floor":25.0,"turns":3.0},{"damage":21.0,"enemies":"Slavers","floor":27.0,"turns":3.0},{"damage":6.0,"enemies":"Book of Stabbing","floor":29.0,"turns":4.0},{"damage":15.0,"enemies":"Snake Plant","floor":30.0,"turns":3.0},{"damage":0.0,"enemies":"Cultist and Chosen","floor":31.0,"turns":5.0},{"damage":18.0,"enemies":"Collector","floor":33.0,"turns":6.0},{"damage":0.0,"enemies":"3 Shapes","floor":35.0,"turns":2.0},{"damage":0.0,"enemies":"Orb Walker","floor":36.0,"turns":3.0},{"damage":0,"enemies":"Mind Bloom Boss Battle","floor":38,"turns":3},{"damage":0,"enemies":"Writhing Mass","floor":39,"turns":5},{"damage":7,"enemies":"Nemesis","floor":40,"turns":7},{"damage":47,"enemies":"Giant Head","floor":44,"turns":6},{"damage":38,"enemies":"Maw","floor":45,"turns":10},{"damage":24,"enemies":"Jaw Worm Horde","floor":47,"turns":2},{"damage":12,"enemies":"Time Eater","floor":50,"turns":9}],"seed_played":"3618718455484561711","potions_obtained":[{"floor":4.0,"key":"Fire Potion"},{"floor":6.0,"key":"Explosive Potion"},{"floor":7.0,"key":"AttackPotion"},{"floor":8.0,"key":"Dexterity Potion"},{"floor":18.0,"key":"BlessingOfTheForge"},{"floor":22.0,"key":"CultistPotion"},{"floor":23.0,"key":"SkillPotion"},{"floor":33.0,"key":"Ancient Potion"},{"floor":40,"key":"GamblersBrew"},{"floor":44,"key":"CultistPotion"}],"is_trial":false,"path_per_floor":["M","M","M","M","M","E","M","E","T","R","?","$","R","M","R","B",null,"M","?","E","$","M","E","M","E","T","E","R","E","M","M","R","B",null,"M","M","$","?","M","E","R","?","T","E","M","R","M","?","R","B",null],"character_chosen":"DEFECT","items_purchased":["Cold Snap","Shuriken"],"campfire_rested":4,"item_purchase_floors":[12,21],"current_hp_per_floor":[75,66,66,56,49,40,34,23,23,46,30,30,30,30,30,32,78,78,78,75,75,75,55,34,10,10,1,27,21,9,9,35,17,88,88,88,88,88,88,84,84,84,84,63,55,55,58,58,85,75],"gold":0,"neow_bonus":"","is_daily":true,"chose_seed":false,"campfire_upgraded":4,"win_rate":0.0,"timestamp":1613785144,"path_taken":["M","M","M","M","M","E","M","E","T","R","?","$","R","M","R","BOSS","M","?","?","$","M","E","M","E","T","?","R","E","M","M","R","BOSS","M","M","$","?","M","E","R","?","T","E","M","R","M","?","R","BOSS"],"items_purchased_type":["Card","Relic"],"build_version":"2020-12-22","purchased_purges":2,"victory":true,"max_hp_per_floor":[75,75,75,75,75,75,75,78,78,78,78,78,78,78,78,78,78,78,78,81,81,81,88,88,88,88,88,88,88,88,88,88,88,88,88,88,88,88,88,91,91,91,91,91,91,91,91,91,91,91],"relic_stats":{"counters":[30,119],"PreservedInsect":0,"Whetstone":["Immolate","Hyperbeam"],"Letter Opener":[112],"Boot":[9],"Mercury Hourglass":[222],"Blood Vial":8,"Centennial Puzzle":[21],"Busted Crown":18,"Shuriken":[12],"Gambling Chip":[69],"MealTicket":0,"obtain_stats":[{"Oddly Smooth Stone":9,"PreservedInsect":44,"Whetstone":20,"Letter Opener":27,"Boot":43,"Mercury Hourglass":25,"Old Coin":38,"Blood Vial":43,"Runic Dome":17,"Anchor":6,"Centennial Puzzle":29,"Matryoshka":26,"Busted Crown":34,"Shuriken":21,"Gambling Chip":8,"Strawberry":23,"MealTicket":40,"Red Mask":48,"Cracked Core":0},{"Oddly Smooth Stone":8,"PreservedInsect":27,"Whetstone":12,"Letter Opener":17,"Boot":26,"Mercury Hourglass":16,"Old Coin":24,"Blood Vial":26,"Runic Dome":10,"Anchor":6,"Centennial Puzzle":18,"Matryoshka":16,"Busted Crown":21,"Shuriken":12,"Gambling Chip":8,"Strawberry":14,"MealTicket":26,"Red Mask":29,"Cracked Core":0},{"Oddly Smooth Stone":18,"PreservedInsect":98,"Whetstone":34,"Letter Opener":55,"Boot":92,"Mercury Hourglass":52,"Old Coin":80,"Blood Vial":92,"Runic Dome":28,"Anchor":13,"Centennial Puzzle":59,"Matryoshka":52,"Busted Crown":73,"Shuriken":34,"Gambling Chip":18,"Strawberry":43,"MealTicket":92,"Red Mask":110,"Cracked Core":0}]},"card_choices":[{"not_picked":["Gash","Intimidate"],"picked":"Cold Snap","floor":1.0},{"not_picked":["Clothesline","Dual Wield","Entrench"],"picked":"SKIP","floor":2.0},{"not_picked":["Barrage","Hologram"],"picked":"Conserve Battery","floor":3.0},{"not_picked":["Redo","Brutality"],"picked":"Conserve Battery","floor":4.0},{"not_picked":["Capacitor","Sword Boomerang"],"picked":"Static Discharge","floor":5.0},{"not_picked":["Static Discharge","Fission","Lockon"],"picked":"SKIP","floor":6.0},{"not_picked":["Conserve Battery","Loop"],"picked":"Power Through","floor":7.0},{"not_picked":["Clothesline","Twin Strike","Rampage"],"picked":"SKIP","floor":8.0},{"not_picked":["Redo","Skim","Sweeping Beam"],"picked":"SKIP","floor":14.0},{"not_picked":["Hyperbeam","Buffer"],"picked":"Core Surge","floor":16.0},{"not_picked":["Beam Cell","Seeing Red"],"picked":"Battle Trance+1","floor":18.0},{"not_picked":["Genetic Algorithm","Hemokinesis"],"picked":"Whirlwind","floor":20.0},{"not_picked":["BootSequence","Force Field"],"picked":"Havoc+1","floor":22.0},{"not_picked":["Burning Pact","Headbutt","Streamline"],"picked":"SKIP","floor":23.0},{"not_picked":["Redo+1","Sweeping Beam+1","Heavy Blade"],"picked":"SKIP","floor":24.0},{"not_picked":["Combust+1","Burning Pact","Sever Soul"],"picked":"SKIP","floor":25.0},{"not_picked":["Pommel Strike","Gash","Skim"],"picked":"SKIP","floor":27.0},{"not_picked":["Reaper","Rebound"],"picked":"Seek","floor":29.0},{"not_picked":["Inflame","Redo"],"picked":"Steam Power","floor":30.0},{"not_picked":["Capacitor","Scrape"],"picked":"Stack","floor":31.0},{"not_picked":["Amplify","Impervious"],"picked":"Biased Cognition","floor":33.0},{"not_picked":["Twin Strike"],"picked":"SKIP","floor":35.0},{"not_picked":["Thunderclap+1"],"picked":"SKIP","floor":36.0},{"not_picked":["Rebound+1"],"picked":"SKIP","floor":39},{"not_picked":["Rage"],"picked":"SKIP","floor":40},{"not_picked":["Clash+1"],"picked":"SKIP","floor":44},{"not_picked":[],"picked":"Aggregate+1","floor":45},{"not_picked":["Searing Blow+1"],"picked":"SKIP","floor":47}],"player_experience":1299432,"relics_obtained":[{"floor":6.0,"key":"Anchor"},{"floor":8.0,"key":"Gambling Chip"},{"floor":9.0,"key":"Oddly Smooth Stone"},{"floor":20.0,"key":"Whetstone"},{"floor":23.0,"key":"Strawberry"},{"floor":25.0,"key":"Mercury Hourglass"},{"floor":26.0,"key":"Matryoshka"},{"floor":27.0,"key":"Letter Opener"},{"floor":29.0,"key":"Centennial Puzzle"},{"floor":38,"key":"Old Coin"},{"floor":40,"key":"MealTicket"},{"floor":43,"key":"Blood Vial"},{"floor":43,"key":"Boot"},{"floor":44,"key":"PreservedInsect"}],"event_choices":[{"damage_healed":0.0,"max_hp_gain":0.0,"max_hp_loss":0.0,"gold_gain":0.0,"event_name":"Shining Light","player_choice":"Entered Light","floor":11.0,"gold_loss":0.0,"damage_taken":16.0,"cards_upgraded":["Barricade","Conserve Battery"]},{"damage_healed":0.0,"max_hp_gain":0.0,"max_hp_loss":0.0,"gold_gain":0.0,"event_name":"N\u0027loth","player_choice":"Ignored","floor":19.0,"gold_loss":0.0,"damage_taken":0.0},{"damage_healed":0,"gold_gain":0,"player_choice":"Fight","damage_taken":0,"max_hp_gain":0,"max_hp_loss":0,"event_name":"MindBloom","floor":38,"gold_loss":0},{"damage_healed":0,"gold_gain":0,"player_choice":"Memory 1","damage_taken":0,"max_hp_gain":0,"max_hp_loss":0,"event_name":"SensoryStone","floor":42,"gold_loss":0},{"damage_healed":0,"gold_gain":0,"player_choice":"Paid","damage_taken":0,"relics_obtained":["Red Mask"],"max_hp_gain":0,"max_hp_loss":0,"event_name":"Tomb of Lord Red Mask","floor":48,"gold_loss":725}],"is_beta":false,"boss_relics":[{"not_picked":["Tiny House","Empty Cage"],"picked":"Runic Dome"},{"not_picked":["Astrolabe","Cursed Key"],"picked":"Busted Crown"}],"items_purged_floors":[12,37],"is_endless":false,"potions_floor_spawned":[4,6,7,8,16,18,22,23,24,33,40,44,47],"ascension_level":0}}