{"host":"yhhyog5h1q67ienp","time":1613859901,"event":{"mods":["AchievementEnabler","BaseMod","Block Reminder","Colored Map","Colored Powertips","Minty Spire (QoL Compilation)","Quick Restart","Relic Stats","StSLib","ojb\u0027s Better Paths Mod","ojb\u0027s Info Mod"],"gold_per_floor":[20,35,49,49,10,41,41,41,68,109,109,124,164,178,178,276,276,300,190,213,226,28,28,72,72,72,113,132,132,153,173,173,173,173],"floor_reached":33,"language":"ENG","playtime":3025,"items_purged":[],"score":764,"play_id":"e73069a6-1dd5-4540-af9a-ee691cba8d65","local_time":"20210220192501","is_ascension_mode":true,"campfire_choices":[{"data":"Calculated Gamble","floor":7,"key":"SMITH"},{"data":"Corpse Explosion","floor":11,"key":"SMITH"},{"data":"Leg Sweep","floor":15,"key":"SMITH"},{"data":"Infinite Blades","floor":23,"key":"SMITH"},{"floor":25,"key":"REST"},{"data":"Masterful Stab","floor":29,"key":"SMITH"},{"data":"Backflip","floor":32,"key":"SMITH"}],"circlet_count":0,"master_deck":["AscendersBane","Strike_G","Strike_G","Strike_G","Strike_G","Strike_G","Defend_G","Defend_G","Defend_G","Defend_G","Defend_G","Survivor","Neutralize+1","Deadly Poison+1","Calculated Gamble+1","Eviscerate","Masterful Stab+1","Corpse Explosion+1","Leg Sweep+1","PiercingWail","Backflip+1","Escape Plan","Calculated Gamble+1","Infinite Blades+1"],"relics":["Ring of the Snake","Tough Bandages","Blood Vial","Golden Idol","Centennial Puzzle","Singing Bowl","Tiny Chest","Snecko Eye","DollysMirror","TungstenRod","Vajra"],"acts_visited":["Exordium","TheCity"],"potions_floor_usage":[24,27,33,33],"damage_taken":[{"damage":0,"enemies":"2 Louse","floor":1,"turns":3},{"damage":1,"enemies":"Cultist","floor":2,"turns":3},{"damage":0,"enemies":"Jaw Worm","floor":3,"turns":4},{"damage":4,"enemies":"Lagavulin","floor":6,"turns":5},{"damage":5,"enemies":"3 Sentries","floor":10,"turns":10},{"damage":0,"enemies":"Blue Slaver","floor":12,"turns":3},{"damage":0,"enemies":"Gremlin Nob","floor":13,"turns":3},{"damage":0,"enemies":"3 Louse","floor":14,"turns":1},{"damage":5,"enemies":"The Guardian","floor":16,"turns":8},{"damage":5,"enemies":"Spheric Guardian","floor":18,"turns":5},{"damage":0,"enemies":"3 Byrds","floor":20,"turns":2},{"damage":0,"enemies":"3 Cultists","floor":21,"turns":2},{"damage":27,"enemies":"Gremlin Leader","floor":24,"turns":7},{"damage":0,"enemies":"Book of Stabbing","floor":27,"turns":4},{"damage":1,"enemies":"Snake Plant","floor":28,"turns":4},{"damage":1,"enemies":"Chosen and Byrds","floor":30,"turns":7},{"damage":12,"enemies":"Shelled Parasite and Fungi","floor":31,"turns":3},{"damage":73,"enemies":"Champ","floor":33,"turns":13}],"seed_played":"-4707131578900064918","potions_obtained":[{"floor":3,"key":"DistilledChaos"},{"floor":6,"key":"SmokeBomb"},{"floor":12,"key":"FearPotion"},{"floor":14,"key":"LiquidBronze"},{"floor":18,"key":"CunningPotion"},{"floor":27,"key":"SpeedPotion"},{"floor":28,"key":"Strength Potion"}],"is_trial":false,"path_per_floor":["M","M","M","?","$","E","R","?","T","E","R","M","E","M","R","B",null,"M","?","M","M","$","R","E","R","T","E","M","R","M","M","R","B"],"character_chosen":"THE_SILENT","items_purchased":["Eviscerate","DollysMirror","Infinite Blades"],"campfire_rested":1,"item_purchase_floors":[5,22,22],"current_hp_per_floor":[59,58,58,58,58,54,54,54,54,51,51,53,57,61,61,60,65,61,61,63,65,65,65,41,61,61,65,68,68,71,63,63,0,0],"gold":173,"neow_bonus":"ONE_RARE_RELIC","is_daily":false,"chose_seed":false,"campfire_upgraded":6,"win_rate":0.0,"timestamp":1613859901,"path_taken":["M","M","M","?","?","E","R","?","T","E","R","?","E","M","R","BOSS","M","?","?","M","$","R","E","R","T","E","M","R","M","M","R","BOSS"],"items_purchased_type":["Card","Relic","Card"],"build_version":"2020-12-22","purchased_purges":0,"victory":false,"max_hp_per_floor":[66,66,66,66,66,66,66,60,60,60,60,60,62,64,64,66,66,66,66,66,66,66,66,68,68,68,70,72,72,74,76,76,76,76],"relic_stats":{"Blood Vial":26,"Tough Bandages":[612],"Centennial Puzzle":[24],"Singing Bowl":16,"counters":[18,87],"Golden Idol":84,"Snecko Eye":[133,142,116,111],"Tiny Chest":0,"obtain_stats":[{"Blood Vial":6,"Tough Bandages":0,"Centennial Puzzle":9,"Singing Bowl":10,"Golden Idol":8,"DollysMirror":22,"Snecko Eye":17,"Vajra":27,"Tiny Chest":13,"TungstenRod":24,"Ring of the Snake":0},{"Blood Vial":4,"Tough Bandages":0,"Centennial Puzzle":4,"Singing Bowl":5,"Golden Idol":4,"DollysMirror":12,"Snecko Eye":9,"Vajra":14,"Tiny Chest":7,"TungstenRod":13,"Ring of the Snake":0},{"Blood Vial":15,"Tough Bandages":0,"Centennial Puzzle":15,"Singing Bowl":25,"Golden Idol":15,"DollysMirror":49,"Snecko Eye":40,"Vajra":60,"Tiny Chest":31,"TungstenRod":56,"Ring of the Snake":0}],"TungstenRod":10,"Ring of the Snake":[36]},"card_choices":[{"not_picked":["Heel Hook","Acrobatics"],"picked":"Deadly Poison","floor":1},{"not_picked":["Infinite Blades","Eviscerate"],"picked":"Calculated Gamble","floor":2},{"not_picked":["Poisoned Stab","Cloak And Dagger"],"picked":"Calculated Gamble","floor":3},{"not_picked":["Outmaneuver","Prepared"],"picked":"Masterful Stab","floor":6},{"not_picked":["Deflect","Catalyst"],"picked":"Corpse Explosion","floor":10},{"not_picked":["Dagger Throw","Accuracy"],"picked":"Leg Sweep","floor":12},{"not_picked":["Backflip","Cloak And Dagger","Bane"],"picked":"Singing Bowl","floor":13},{"not_picked":["Prepared","Catalyst","Quick Slash"],"picked":"Singing Bowl","floor":14},{"not_picked":["Unload","Doppelganger","Grand Finale"],"picked":"Singing Bowl","floor":16},{"not_picked":["Sucker Punch","Prepared"],"picked":"PiercingWail","floor":18},{"not_picked":["Bane","Dagger Spray"],"picked":"Backflip","floor":20},{"not_picked":["Dodge and Roll+1","Blade Dance"],"picked":"Escape Plan","floor":21},{"not_picked":["Dodge and Roll","Bane","Deadly Poison"],"picked":"Singing Bowl","floor":24},{"not_picked":["Setup","Dodge and Roll","Reflex"],"picked":"Singing Bowl","floor":27},{"not_picked":["Quick Slash","Underhanded Strike","Bane"],"picked":"Singing Bowl","floor":28},{"not_picked":["Envenom","Slice+1","Outmaneuver"],"picked":"Singing Bowl","floor":30},{"not_picked":["Quick Slash","Deadly Poison","Flying Knee+1"],"picked":"Singing Bowl","floor":31}],"player_experience":1495410,"relics_obtained":[{"floor":6,"key":"Blood Vial"},{"floor":9,"key":"Centennial Puzzle"},{"floor":10,"key":"Singing Bowl"},{"floor":13,"key":"Tiny Chest"},{"floor":24,"key":"TungstenRod"},{"floor":27,"key":"Vajra"}],"event_choices":[{"damage_healed":0,"gold_gain":0,"player_choice":"Upgraded","damage_taken":0,"max_hp_gain":0,"max_hp_loss":0,"event_name":"Upgrade Shrine","floor":4,"gold_loss":0,"cards_upgraded":["Deadly Poison"]},{"damage_healed":0,"gold_gain":0,"player_choice":"Lose Max HP","damage_taken":0,"relics_obtained":["Golden Idol"],"max_hp_gain":0,"max_hp_loss":6,"event_name":"Golden Idol","floor":8,"gold_loss":0},{"cards_removed":["Calculated Gamble"],"damage_healed":0,"gold_gain":0,"player_choice":"Upgrade and Remove","damage_taken":0,"max_hp_gain":0,"max_hp_loss":0,"event_name":"Designer","floor":19,"gold_loss":110,"cards_upgraded":["Neutralize"]}],"is_beta":false,"boss_relics":[{"not_picked":["Tiny House","Ectoplasm"],"picked":"Snecko Eye"}],"items_purged_floors":[],"is_endless":false,"potions_floor_spawned":[3,6,12,14,18,27,28,30,31],"killed_by":"Champ","ascension_level":20}}