{"host":"onmzcmq5a68cxj3d","time":1613782125,"event":{"mods":["BaseMod","Colored Map","Minty Spire (QoL Compilation)","Remove Card Discount Mod"],"gold_per_floor":[109,123,117,117,192,192,192,192,216,181,201,122,122,132,132,234,234,253,253,0,17,17,17,17,37,62,58,58,58,58,158,158,256,256,266,266,74,74,74,74,84,84,156,206,10,41,41,53,53,53],"floor_reached":51,"language":"ENG","playtime":2517,"items_purged":["Wraith Form v2","Strike_G","Defend_G","Defend_G","Pain","Deadly Poison","Accuracy","Defend_G","Defend_G","Strike_G","Strike_G"],"score":705,"play_id":"abcfcdbf-3412-4948-a46a-5c481cae5fbc","local_time":"20210219174845","daily_mods":["Heirloom","Time Dilation","Flight"],"is_ascension_mode":false,"campfire_choices":[{"data":"DevaForm","floor":6,"key":"SMITH"},{"data":"Echo Form","floor":7,"key":"SMITH"},{"data":"Demon Form","floor":8,"key":"SMITH"},{"data":"Accuracy","floor":13,"key":"SMITH"},{"data":"Cloak And Dagger","floor":15,"key":"SMITH"},{"data":"Cloak And Dagger","floor":23,"key":"SMITH"},{"floor":24,"key":"REST"},{"floor":28,"key":"REST"},{"data":"Dash","floor":29,"key":"SMITH"},{"data":"Corpse Explosion","floor":30,"key":"SMITH"},{"floor":32,"key":"REST"},{"data":"Survivor","floor":40,"key":"SMITH"},{"data":"Neutralize","floor":42,"key":"SMITH"},{"data":"Defend_G","floor":47,"key":"SMITH"},{"data":"Strike_G","floor":49,"key":"SMITH"}],"circlet_count":0,"master_deck":["Demon Form+1","Echo Form+1","DevaForm+1","Strike_G","Strike_G+1","Defend_G+1","Survivor+1","Neutralize+1","Cloak And Dagger+1","Accuracy+1","Corpse Explosion+1","Cloak And Dagger+1","Dash+1","Dramatic Entrance+1","Blade Dance+1"],"relics":["Unceasing Top","TungstenRod","Akabeko","Sundial","Toy Ornithopter","CaptainsWheel","The Courier","SacredBark","HornCleat","Molten Egg 2","Thread and Needle","Ornamental Fan","Shuriken"],"acts_visited":["Exordium","TheCity","TheBeyond"],"potions_floor_usage":[31,48,50,50,50],"damage_taken":[{"damage":5,"enemies":"Cultist","floor":1,"turns":4},{"damage":0,"enemies":"Jaw Worm","floor":2,"turns":6},{"damage":0,"enemies":"Small Slimes","floor":11,"turns":6},{"damage":1,"enemies":"Looter","floor":14,"turns":4},{"damage":30,"enemies":"Hexaghost","floor":16,"turns":6},{"damage":27,"enemies":"Shell Parasite","floor":18,"turns":5},{"damage":13,"enemies":"Spheric Guardian","floor":21,"turns":6},{"damage":15,"enemies":"Snake Plant","floor":25,"turns":4},{"damage":18,"enemies":"Colosseum Slavers","floor":31,"turns":5},{"damage":19,"enemies":"Colosseum Nobs","floor":31,"turns":4},{"damage":19,"enemies":"Champ","floor":33,"turns":8},{"damage":0,"enemies":"3 Shapes","floor":35,"turns":5},{"damage":3,"enemies":"Orb Walker","floor":41,"turns":4},{"damage":0,"enemies":"Mind Bloom Boss Battle","floor":44,"turns":6},{"damage":3,"enemies":"Reptomancer","floor":46,"turns":5},{"damage":0,"enemies":"Spire Growth","floor":48,"turns":4},{"damage":0,"enemies":"Time Eater","floor":50,"turns":6}],"seed_played":"764235047269684212","potions_obtained":[{"floor":2,"key":"FearPotion"},{"floor":21,"key":"SteroidPotion"},{"floor":33,"key":"FearPotion"},{"floor":35,"key":"Poison Potion"},{"floor":48,"key":"Dexterity Potion"}],"is_trial":true,"path_per_floor":["M","M","$","?","?","R","R","R","T","?","M","$","R","M","R","B",null,"M","?","$","M","?","R","R","M","T","$","R","R","R","?","R","B",null,"M","?","$","?","$","R","M","R","T","?","$","E","R","M","R","B",null],"character_chosen":"THE_SILENT","items_purchased":["Accuracy","Sundial","HornCleat","Ornamental Fan"],"campfire_rested":3,"item_purchase_floors":[12,20,37,45],"current_hp_per_floor":[65,65,65,65,55,55,55,55,55,70,70,70,70,69,69,39,70,43,43,43,30,30,30,51,36,36,36,57,57,57,25,46,27,70,70,70,70,70,70,70,67,67,67,67,67,64,64,69,69,70],"gold":53,"neow_bonus":"","is_daily":false,"chose_seed":false,"campfire_upgraded":12,"win_rate":0.0,"timestamp":1613782125,"path_taken":["M","?","$","?","?","R","R","R","T","?","M","$","R","?","R","BOSS","M","?","$","?","?","R","R","M","T","$","R","R","R","?","R","BOSS","M","?","$","?","$","R","?","R","T","?","$","E","R","M","R","BOSS"],"items_purchased_type":["Card","Relic","Relic","Relic"],"build_version":"2020-12-22","purchased_purges":11,"victory":true,"max_hp_per_floor":[70,70,70,70,70,70,70,70,70,70,70,70,70,70,70,70,70,70,70,70,70,70,70,70,70,70,70,70,70,70,70,70,70,70,70,70,70,70,70,70,70,70,70,70,70,70,70,70,70,70],"card_choices":[{"not_picked":["Acrobatics","Skewer","Flying Knee"],"picked":"SKIP","floor":1},{"not_picked":["Acrobatics","Footwork","Bane"],"picked":"SKIP","floor":2},{"not_picked":["Crippling Poison","Poisoned Stab"],"picked":"Cloak And Dagger","floor":11},{"not_picked":["Bouncing Flask","Backstab"],"picked":"Accuracy","floor":14},{"not_picked":["Adrenaline","Glass Knife"],"picked":"Corpse Explosion","floor":16},{"not_picked":["Well Laid Plans+1","Leg Sweep","Deflect"],"picked":"SKIP","floor":18},{"not_picked":["Dagger Throw+1","Eviscerate"],"picked":"Cloak And Dagger","floor":21},{"not_picked":["Accuracy+1","PiercingWail"],"picked":"Dash","floor":25},{"not_picked":["Backflip+1","Prepared","Dagger Throw+1"],"picked":"SKIP","floor":35},{"not_picked":["Impatience","Violence"],"picked":"Dramatic Entrance","floor":36},{"not_picked":["Terror+1","Underhanded Strike+1","Acrobatics"],"picked":"SKIP","floor":41},{"not_picked":["Cloak And Dagger+1","Bouncing Flask+1"],"picked":"Blade Dance+1","floor":44},{"not_picked":["Sucker Punch+1","Poisoned Stab+1","Footwork+1"],"picked":"SKIP","floor":46},{"not_picked":["Dagger Throw+1","Underhanded Strike+1","Backflip+1"],"picked":"SKIP","floor":48}],"player_experience":453252,"relics_obtained":[{"floor":9,"key":"Akabeko"},{"floor":26,"key":"Toy Ornithopter"},{"floor":31,"key":"CaptainsWheel"},{"floor":31,"key":"The Courier"},{"floor":43,"key":"Molten Egg 2"},{"floor":44,"key":"Thread and Needle"},{"floor":46,"key":"Shuriken"}],"event_choices":[{"damage_healed":0,"gold_gain":0,"player_choice":"Ignored","damage_taken":0,"max_hp_gain":0,"max_hp_loss":0,"event_name":"Liars Game","floor":4,"gold_loss":0},{"damage_healed":0,"gold_gain":75,"player_choice":"Gather Gold","damage_taken":11,"max_hp_gain":0,"max_hp_loss":0,"event_name":"World of Goop","floor":5,"gold_loss":0},{"damage_healed":17,"gold_gain":0,"player_choice":"Healed","damage_taken":0,"max_hp_gain":0,"max_hp_loss":0,"event_name":"The Cleric","floor":10,"gold_loss":35},{"damage_healed":0,"gold_gain":0,"player_choice":"2 cards matched","damage_taken":0,"max_hp_gain":0,"max_hp_loss":0,"event_name":"Match and Keep!","floor":19,"gold_loss":0,"cards_obtained":["Pain","Deadly Poison"]},{"damage_healed":0,"gold_gain":0,"player_choice":"Ignored","damage_taken":0,"max_hp_gain":0,"max_hp_loss":0,"event_name":"Vampires","floor":22,"gold_loss":0},{"damage_healed":0,"gold_gain":0,"player_choice":"Fight","damage_taken":0,"max_hp_gain":0,"max_hp_loss":0,"event_name":"Colosseum","floor":31,"gold_loss":0},{"damage_healed":0,"gold_gain":0,"player_choice":"Fought Nobs","damage_taken":0,"max_hp_gain":0,"max_hp_loss":0,"event_name":"Colosseum","floor":31,"gold_loss":0},{"damage_healed":0,"gold_gain":0,"player_choice":"Memory 1","damage_taken":0,"max_hp_gain":0,"max_hp_loss":0,"event_name":"SensoryStone","floor":36,"gold_loss":0},{"damage_healed":0,"gold_gain":0,"player_choice":"Forge","damage_taken":0,"max_hp_gain":0,"max_hp_loss":0,"event_name":"Accursed Blacksmith","floor":38,"gold_loss":0,"cards_upgraded":["Dramatic Entrance"]},{"damage_healed":0,"gold_gain":0,"player_choice":"Fight","damage_taken":0,"max_hp_gain":0,"max_hp_loss":0,"event_name":"MindBloom","floor":44,"gold_loss":0}],"is_beta":false,"boss_relics":[{"not_picked":["HoveringKite","Runic Dome","Calling Bell"]},{"not_picked":["Coffee Dripper","Black Star"],"picked":"SacredBark"}],"items_purged_floors":[3,3,3,12,20,20,20,27,27,37,45],"is_endless":false,"potions_floor_spawned":[2,21,33,35,48],"ascension_level":0}}