{"host":"yfi73559mxreacvo","time":1613793663,"event":{"mods":["AchievementEnabler","Act Like it!","Aspiration","BaseMod","Better Third Choice","BetterRewards","Colored Map","Conspire","Evolution","GifTheSpireLib","Halation","HexUI Lib","Highlight Path","Hubris","Minty Spire (QoL Compilation)","Prisma Mod","Railgun Mod","Reliquary","Replay The Spire","StSLib","Stuff the Spire","The Florist","Wandering Minibosses"],"gold_per_floor":[116,116,136,35,58,84,84,116,116,150,150,182,182,198,198,300,300,311,511,511,511,525,525,538,538,538,549,549,208,240,252,252,348,398,408,408,426,105,105,137,137,168,195,195,208,239,253,267,267,267,267,267,116,150,150],"floor_reached":56,"language":"ENG","playtime":2060,"items_purged":["TheRailgun:Zip","TheRailgun:Sister_Noise","TheRailgun:Discharge+1"],"score":1721,"play_id":"771bee17-a9e4-44a9-9fc5-7ba1f00d8fdd","local_time":"20210219230103","is_ascension_mode":true,"campfire_choices":[{"data":"TheRailgun:Discharge","floor":15,"key":"SMITH"},{"data":"TheRailgun:Level_6","floor":23,"key":"SMITH"},{"data":"TheRailgun:Iron_Dust_Vial","floor":25,"key":"SMITH"},{"data":"TheRailgun:Sister_Noise","floor":32,"key":"SMITH"},{"data":"TheRailgun:Supercharge","floor":41,"key":"SMITH"},{"floor":44,"key":"RECALL"},{"data":"TheRailgun:Mental_Out","floor":49,"key":"SMITH"},{"data":"TheRailgun:Static","floor":52,"key":"SMITH"}],"circlet_count":0,"master_deck":["TheRailgun:Strike+1","TheRailgun:Strike","TheRailgun:Strike","TheRailgun:Strike","TheRailgun:Defend","TheRailgun:Defend","TheRailgun:Defend","TheRailgun:Defend+1","TheRailgun:Static+1","TheRailgun:Mental_Out+1","TheRailgun:Sister_Noise+1","TheRailgun:Level_6+1","TheRailgun:Iron_Dust_Vial+1","TheRailgun:Sister_Noise+1","TheRailgun:Gekotamania+1","TheRailgun:Supercharge+1","TheRailgun:Iron_Dust_Field+1","Master of Strategy+1","TheRailgun:Battery_Pack+1","TheRailgun:Iron_Dust_Sword+1"],"relics":["TheRailgun:CoinRelic","EVO:Axolotl","hubris:TinFlute","Sundial","Regal Pillow","reliquary:Aerogel","Juzu Bracelet","hubris:Stopwatch","Toxic Egg 2","aspiration:RitualStick","conspire:BottledYoYo","hubris:SphereOfDissonance","Tiny House","Ice Cream","Oddly Smooth Stone","reliquary:Buckler","halation:TwoAmDonut","reliquary:FingerTrap","Blue Doll"],"acts_visited":[],"potions_floor_usage":[6,10,50,50,50],"damage_taken":[{"damage":0,"enemies":"Jaw Worm","floor":1,"turns":2},{"damage":28,"enemies":"2 Louse","floor":3,"turns":6},{"damage":0,"enemies":"Replay:BlueRogue","floor":6,"turns":5},{"damage":6,"enemies":"Gremlin Nob","floor":8,"turns":4},{"damage":1,"enemies":"3 Sentries","floor":10,"turns":5},{"damage":5,"enemies":"Replay:BlueRogue","floor":12,"turns":5},{"damage":0,"enemies":"Small Slimes","floor":14,"turns":3},{"damage":24,"enemies":"Hexaghost","floor":16,"turns":13},{"damage":10,"enemies":"2 Thieves","floor":18,"turns":3},{"damage":29,"enemies":"conspire:FuzzyDice","floor":22,"turns":10},{"damage":5,"enemies":"Snake Plant","floor":24,"turns":3},{"damage":0,"enemies":"3 Cultists","floor":27,"turns":4},{"damage":0,"enemies":"conspire:SneckoGhost","floor":30,"turns":2},{"damage":4,"enemies":"Shelled Parasite and Fungi","floor":31,"turns":2},{"damage":0,"enemies":"Automaton","floor":33,"turns":5},{"damage":0,"enemies":"3 Darklings","floor":35,"turns":2},{"damage":0,"enemies":"3 Shapes","floor":37,"turns":2},{"damage":0,"enemies":"Giant Head","floor":40,"turns":3},{"damage":0,"enemies":"R_Hoarder","floor":42,"turns":5},{"damage":0,"enemies":"Maw","floor":45,"turns":3},{"damage":0,"enemies":"Nemesis","floor":46,"turns":3},{"damage":0,"enemies":"Jaw Worm Horde","floor":47,"turns":1},{"damage":0,"enemies":"4 Shapes","floor":48,"turns":2},{"damage":0,"enemies":"hubris:GrandSnecko","floor":50,"turns":15},{"damage":35,"enemies":"Shield and Spear","floor":54,"turns":5},{"damage":0,"enemies":"The Heart","floor":55,"turns":7}],"seed_played":"-8070208751324328858","potions_obtained":[{"floor":1,"key":"Adrenaline Potion"},{"floor":8,"key":"BlessingOfTheForge"},{"floor":16,"key":"Death Potion"},{"floor":18,"key":"AttackPotion"},{"floor":22,"key":"FearPotion"},{"floor":37,"key":"CultistPotion"},{"floor":47,"key":"PowerPotion"}],"is_trial":false,"path_per_floor":["M","?","M","$","T","E","?","E","T","E","?","E","?","M","R","B",null,"M","?","?","?","M","R","M","R","T","M","?","$","E","M","R","B",null,"M","?","M","$","?","E","R","E","T","R","M","E","M","M","R","B",null,"R","$","E","B",null],"character_chosen":"THE_DEFAULT","items_purchased":["TheRailgun:Sister_Noise","conspire:BottledYoYo","Master of Strategy+1","reliquary:FingerTrap"],"campfire_rested":0,"item_purchase_floors":[4,29,38,53],"current_hp_per_floor":[49,49,21,21,21,21,21,15,15,14,80,75,80,80,80,56,85,75,75,75,75,46,46,58,58,58,75,58,58,75,85,85,85,90,90,90,90,90,90,90,90,90,90,90,90,90,90,90,90,90,90,90,90,55,73],"gold":150,"neow_bonus":"THREE_RARE_CARDS","is_daily":false,"chose_seed":false,"campfire_upgraded":7,"win_rate":0.0,"timestamp":1613793663,"path_taken":["M","?","M","$","?","E","?","E","T","E","?","E","?","M","R","BOSS","M","?","?","?","M","R","M","R","T","M","?","$","E","M","R","BOSS","M","?","M","$","?","E","R","E","T","R","M","E","M","M","R","BOSS","R","$","E","BOSS"],"items_purchased_type":["Card","Relic","Card","Relic"],"build_version":"2020-12-22","purchased_purges":3,"victory":true,"max_hp_per_floor":[70,70,70,70,70,70,70,70,70,70,80,80,85,85,85,85,85,85,85,85,85,85,85,85,85,85,85,85,85,85,85,85,85,90,90,90,90,90,90,90,90,90,90,90,90,90,90,90,90,90,90,90,90,90,90],"card_choices":[{"not_picked":["TheRailgun:Railgun","TheRailgun:Thunder"],"picked":"TheRailgun:Judgement_Officer","floor":0},{"not_picked":["TheRailgun:Lightning_Speed","TheRailgun:Charge","TheRailgun:Thundershock"],"picked":"SKIP","floor":1},{"not_picked":["TheRailgun:Sister_Network","TheRailgun:Thunder"],"picked":"TheRailgun:Mental_Out","floor":3},{"not_picked":["TheRailgun:Electrical_Storm","TheRailgun:Electrical_Fire","TheRailgun:Zip"],"picked":"SKIP","floor":6},{"not_picked":["TheRailgun:Zip","TheRailgun:Magnetic_Flight","TheRailgun:Judgement_Officer"],"picked":"SKIP","floor":8},{"not_picked":["TheRailgun:Lightning_Speed","TheRailgun:Oneesama","TheRailgun:Token_Collection"],"picked":"SKIP","floor":10},{"not_picked":["TheRailgun:Thunderjolt","TheRailgun:Electric_Fence","TheRailgun:Crack"],"picked":"SKIP","floor":12},{"not_picked":["TheRailgun:Zip","TheRailgun:Negative_Field","TheRailgun:Thunderbolt"],"picked":"SKIP","floor":14},{"not_picked":["TheRailgun:Circuitous","TheRailgun:Magnetic_Flight"],"picked":"TheRailgun:Level_6","floor":16},{"not_picked":["TheRailgun:Electrical_Fire","TheRailgun:Recharge"],"picked":"TheRailgun:Iron_Dust_Vial","floor":18},{"not_picked":["TheRailgun:Iron_Dust_Sword","TheRailgun:Negative_Field","TheRailgun:Coin_Flip+1"],"picked":"SKIP","floor":22},{"not_picked":["TheRailgun:Spark","TheRailgun:Heroinism+1"],"picked":"TheRailgun:Sister_Noise","floor":24},{"not_picked":["TheRailgun:Electric_Fence+1","TheRailgun:Circuit_Breaker"],"picked":"TheRailgun:Gekotamania+1","floor":27},{"not_picked":["TheRailgun:Pull+1","TheRailgun:Hypercharge+1","TheRailgun:Crack"],"picked":"SKIP","floor":30},{"not_picked":["TheRailgun:Stun_Shock","TheRailgun:Mental_Out+1","TheRailgun:Recharge+1"],"picked":"SKIP","floor":31},{"not_picked":["TheRailgun:Heroinism","TheRailgun:Crack"],"picked":"TheRailgun:Supercharge","floor":35},{"not_picked":["TheRailgun:Aerial_Shot","TheRailgun:Pull+1"],"picked":"TheRailgun:Iron_Dust_Field+1","floor":37},{"not_picked":["TheRailgun:Oneesama+1","TheRailgun:Hypercharge+1","TheRailgun:Push+1"],"picked":"SKIP","floor":40},{"not_picked":["TheRailgun:Recharge+1","TheRailgun:Thunderjolt+1","TheRailgun:Hypercharge+1"],"picked":"SKIP","floor":42},{"not_picked":["TheRailgun:Negative_Field+1","TheRailgun:Iron_Dust_Shield+1","TheRailgun:Thundershock"],"picked":"SKIP","floor":45},{"not_picked":["TheRailgun:Overload","TheRailgun:Magnetic_Flight","TheRailgun:Electrical_Fire+1"],"picked":"SKIP","floor":46},{"not_picked":["TheRailgun:Spark","TheRailgun:Thunderjolt+1","TheRailgun:Oneesama"],"picked":"SKIP","floor":47},{"not_picked":["TheRailgun:Negative_Field+1","TheRailgun:Sister_Network+1"],"picked":"TheRailgun:Battery_Pack+1","floor":48},{"not_picked":["TheRailgun:Thunderjolt+1","TheRailgun:Thunderbolt+1"],"picked":"TheRailgun:Iron_Dust_Sword+1","floor":54}],"player_experience":526092,"relics_obtained":[{"floor":6,"key":"hubris:TinFlute"},{"floor":8,"key":"Sundial"},{"floor":9,"key":"Regal Pillow"},{"floor":10,"key":"reliquary:Aerogel"},{"floor":12,"key":"Juzu Bracelet"},{"floor":26,"key":"Toxic Egg 2"},{"floor":30,"key":"hubris:SphereOfDissonance"},{"floor":40,"key":"Ice Cream"},{"floor":42,"key":"Oddly Smooth Stone"},{"floor":43,"key":"reliquary:Buckler"},{"floor":46,"key":"halation:TwoAmDonut"},{"floor":54,"key":"Blue Doll"}],"event_choices":[{"damage_healed":0,"gold_gain":0,"player_choice":"Ignored","damage_taken":0,"max_hp_gain":0,"max_hp_loss":0,"event_name":"NoteForYourself","floor":2,"gold_loss":0},{"damage_healed":0,"gold_gain":0,"player_choice":"Ignored","damage_taken":84,"max_hp_gain":0,"max_hp_loss":0,"event_name":"betterThird:BetterSerpent","floor":7,"gold_loss":0},{"cards_removed":["TheRailgun:Judgement_Officer"],"damage_healed":56,"gold_gain":0,"player_choice":"Offered Rare","damage_taken":0,"max_hp_gain":10,"max_hp_loss":0,"event_name":"Bonfire Elementals","floor":11,"gold_loss":0},{"damage_healed":0,"gold_gain":0,"player_choice":"Donut","damage_taken":0,"max_hp_gain":5,"max_hp_loss":0,"event_name":"Big Fish","floor":13,"gold_loss":0},{"damage_healed":0,"gold_gain":250,"player_choice":"Bet on Owner","damage_taken":0,"max_hp_gain":0,"max_hp_loss":0,"event_name":"The Joust","floor":19,"gold_loss":50},{"damage_healed":0,"gold_gain":0,"player_choice":"Read","damage_taken":0,"max_hp_gain":0,"max_hp_loss":0,"event_name":"The Library","floor":20,"gold_loss":0,"cards_obtained":["TheRailgun:Sister_Noise"]}],"is_beta":false,"boss_relics":[{"not_picked":["halation:Risk","aspiration:FutureDiary"],"picked":"hubris:Stopwatch"},{"not_picked":["conspire:SlowCooker","Replay:Ancient Bell"],"picked":"Tiny House"}],"items_purged_floors":[4,29,38],"is_endless":false,"potions_floor_spawned":[1,8,16,18,22,37,42,45,47],"ascension_level":1}}