{"host":"v86vpwf004p2esb7","time":1613816528,"event":{"mods":["AchievementEnabler","BaseMod","BetterRewards","Colored Powertips","Minty Spire (QoL Compilation)","Quick Restart","StSLib","Transform Curses"],"gold_per_floor":[117,117,132,97,112,112,187,212,212,212,245,245,245,245,245,348,348,364,364,376,391,405,405,417,448,448,464,464,464],"floor_reached":28,"language":"ENG","playtime":861,"items_purged":[],"score":535,"play_id":"8e7d932f-bb7f-4036-ae7d-17a01d035a74","local_time":"20210220022208","is_ascension_mode":true,"campfire_choices":[{"floor":6,"key":"REST"},{"floor":10,"key":"REST"},{"floor":15,"key":"RECALL"},{"floor":23,"key":"REST"}],"circlet_count":0,"master_deck":["Strike_G","Strike_G","Strike_G","Strike_G","Strike_G","Defend_G","Defend_G","Defend_G","Defend_G","Defend_G","Survivor","Neutralize","Footwork","Noxious Fumes","Accuracy","Panache","Blade Dance","Bane","Noxious Fumes","Bane","Bane","Distraction","Poisoned Stab","Dagger Spray","Regret","Burst","Distraction","Quick Slash","All Out Attack","Neutralize","Bane","Deadly Poison+1","Blade Dance","Calculated Gamble","Infinite Blades"],"relics":["Ring of the Snake","Ornamental Fan","Anchor","InkBottle","Du-Vu Doll","Torii","Lantern","Mercury Hourglass","Blue Candle","WristBlade","Singing Bowl","Bottled Tornado"],"acts_visited":["Exordium","TheCity"],"potions_floor_usage":[16,28,28,28],"damage_taken":[{"damage":7,"enemies":"Small Slimes","floor":1,"turns":3},{"damage":0,"enemies":"Jaw Worm","floor":3,"turns":2},{"damage":0,"enemies":"2 Louse","floor":5,"turns":2},{"damage":23,"enemies":"Gremlin Nob","floor":8,"turns":4},{"damage":7,"enemies":"3 Sentries","floor":11,"turns":5},{"damage":30,"enemies":"The Guardian","floor":16,"turns":7},{"damage":7,"enemies":"3 Byrds","floor":18,"turns":3},{"damage":7,"enemies":"Shell Parasite","floor":20,"turns":4},{"damage":0,"enemies":"Cultist and Chosen","floor":21,"turns":4},{"damage":20,"enemies":"Shelled Parasite and Fungi","floor":22,"turns":4},{"damage":17,"enemies":"Snake Plant","floor":24,"turns":4},{"damage":2,"enemies":"Gremlin Leader","floor":25,"turns":3},{"damage":14,"enemies":"Snecko","floor":27,"turns":3},{"damage":20,"enemies":"Book of Stabbing","floor":28,"turns":2}],"seed_played":"1983571927934111995","potions_obtained":[{"floor":3,"key":"LiquidBronze"},{"floor":5,"key":"Poison Potion"},{"floor":16,"key":"Regen Potion"},{"floor":20,"key":"PowerPotion"}],"is_trial":false,"path_per_floor":["M","?","M","?","M","R","?","E","T","R","E","?","T","?","R","B",null,"M","?","M","M","M","R","M","E","T","M","E"],"character_chosen":"THE_SILENT","items_purchased":["Ornamental Fan","Footwork","Anchor","Noxious Fumes","InkBottle","Accuracy","Panache","Blade Dance","Bane","Noxious Fumes"],"campfire_rested":3,"item_purchase_floors":[0,0,0,0,0,0,0,0,0,0],"current_hp_per_floor":[14,14,14,31,31,52,41,18,18,39,32,32,32,32,32,2,53,46,46,39,39,19,40,23,21,21,9,0,0],"gold":464,"neow_bonus":"","is_daily":false,"chose_seed":false,"campfire_upgraded":0,"win_rate":0.0,"timestamp":1613816528,"path_taken":["M","?","M","?","M","R","?","E","T","R","E","?","?","?","R","BOSS","M","?","?","M","M","R","M","E","T","M","E"],"items_purchased_type":["Relic","Card","Relic","Card","Relic","Card","Card","Card","Card","Card"],"build_version":"2020-12-22","purchased_purges":0,"victory":false,"max_hp_per_floor":[70,70,70,70,70,70,70,70,70,70,70,70,70,70,70,70,70,70,70,70,70,70,70,70,70,70,72,72,72],"card_choices":[{"not_picked":["Quick Slash","Sucker Punch"],"picked":"Bane","floor":1},{"not_picked":["Flechettes","Flying Knee"],"picked":"Bane","floor":3},{"not_picked":["Night Terror","Dodge and Roll"],"picked":"Distraction","floor":5},{"not_picked":["Distraction","Prepared"],"picked":"Poisoned Stab","floor":8},{"not_picked":["Dagger Throw","Prepared"],"picked":"Dagger Spray","floor":11},{"not_picked":["Corpse Explosion","Die Die Die"],"picked":"Burst","floor":16},{"not_picked":["Backflip","Flechettes"],"picked":"Distraction","floor":18},{"not_picked":["Dagger Spray+1","Slice"],"picked":"Bane","floor":20},{"not_picked":["Outmaneuver","Quick Slash+1"],"picked":"Deadly Poison+1","floor":21},{"not_picked":["Underhanded Strike","Well Laid Plans"],"picked":"Blade Dance","floor":22},{"not_picked":["Deflect","Masterful Stab"],"picked":"Calculated Gamble","floor":24},{"not_picked":["Prepared+1","Poisoned Stab"],"picked":"Infinite Blades","floor":25},{"not_picked":["Acrobatics","Sucker Punch+1","Deflect"],"picked":"Singing Bowl","floor":27}],"player_experience":314370,"relics_obtained":[{"floor":8,"key":"Torii"},{"floor":11,"key":"Lantern"},{"floor":13,"key":"Mercury Hourglass"},{"floor":25,"key":"Singing Bowl"},{"floor":26,"key":"Bottled Tornado"}],"event_choices":[{"damage_healed":0,"gold_gain":0,"player_choice":"Fled","damage_taken":0,"max_hp_gain":0,"max_hp_loss":0,"event_name":"Scrap Ooze","floor":2,"gold_loss":0},{"damage_healed":17,"gold_gain":0,"player_choice":"Healed","damage_taken":0,"max_hp_gain":0,"max_hp_loss":0,"event_name":"The Cleric","floor":4,"gold_loss":35},{"damage_healed":0,"gold_gain":75,"player_choice":"Gather Gold","damage_taken":11,"max_hp_gain":0,"max_hp_loss":0,"event_name":"World of Goop","floor":7,"gold_loss":0},{"damage_healed":0,"gold_gain":0,"player_choice":"Ignored","damage_taken":0,"max_hp_gain":0,"max_hp_loss":0,"event_name":"Golden Wing","floor":12,"gold_loss":0},{"damage_healed":0,"gold_gain":0,"player_choice":"Box","damage_taken":0,"relics_obtained":["Blue Candle"],"max_hp_gain":0,"max_hp_loss":0,"event_name":"Big Fish","floor":14,"gold_loss":0,"cards_obtained":["Regret"]},{"damage_healed":0,"gold_gain":0,"player_choice":"3 cards matched","damage_taken":0,"max_hp_gain":0,"max_hp_loss":0,"event_name":"Match and Keep!","floor":19,"gold_loss":0,"cards_obtained":["Quick Slash","All Out Attack","Neutralize"]}],"is_beta":false,"boss_relics":[{"not_picked":["Cursed Key","Black Star"],"picked":"WristBlade"}],"items_purged_floors":[],"is_endless":false,"potions_floor_spawned":[3,5,16,20,21,27],"killed_by":"Book of Stabbing","ascension_level":6}}