{"host":"6azrrw3tf7wb0f4b","time":1613818453,"event":{"mods":["BaseMod","Custom Start","DeckTracker","Minty Spire (QoL Compilation)","SuperFastMode"],"gold_per_floor":[116,127,127,127,127,127,150,150,221,246,246,282,301,317,317,317,317],"floor_reached":16,"language":"KOR","playtime":312,"items_purged":[],"score":163,"play_id":"409b9595-df51-49a0-b734-249f25dfa0f4","local_time":"20210220195413","is_ascension_mode":true,"campfire_choices":[{"data":"Deadly Poison","floor":6,"key":"SMITH"},{"data":"Bouncing Flask","floor":8,"key":"SMITH"},{"data":"Wraith Form v2","floor":11,"key":"SMITH"},{"data":"Footwork","floor":15,"key":"SMITH"}],"circlet_count":0,"master_deck":["AscendersBane","Strike_G","Strike_G","Strike_G","Strike_G","Strike_G","Defend_G","Defend_G","Defend_G","Defend_G","Defend_G","Survivor","Neutralize+1","Wraith Form v2+1","Backflip+1","Deadly Poison+1","Bouncing Flask+1","Footwork+1","Acrobatics"],"relics":["Ring of the Snake","Golden Idol","Centennial Puzzle","Darkstone Periapt","Pantograph"],"acts_visited":["Exordium"],"potions_floor_usage":[16],"damage_taken":[{"damage":7,"enemies":"Small Slimes","floor":1,"turns":5},{"damage":4,"enemies":"2 Louse","floor":2,"turns":4},{"damage":0,"enemies":"Cultist","floor":7,"turns":4},{"damage":5,"enemies":"3 Louse","floor":10,"turns":5},{"damage":2,"enemies":"Lagavulin","floor":12,"turns":5},{"damage":2,"enemies":"Large Slime","floor":13,"turns":5},{"damage":0,"enemies":"Blue Slaver","floor":14,"turns":6},{"damage":51,"enemies":"Slime Boss","floor":16,"turns":7}],"seed_played":"-5444681232168324895","potions_obtained":[{"floor":2,"key":"ColorlessPotion"},{"floor":12,"key":"BlessingOfTheForge"}],"is_trial":false,"path_per_floor":["M","M","?","?","?","R","M","R","T","M","R","E","M","M","R","B"],"character_chosen":"THE_SILENT","items_purchased":[],"campfire_rested":0,"item_purchase_floors":[],"current_hp_per_floor":[56,52,52,45,32,32,32,32,32,27,27,25,23,23,23,0,0],"gold":317,"neow_bonus":"ONE_RANDOM_RARE_CARD","is_daily":false,"chose_seed":false,"campfire_upgraded":4,"win_rate":0.0,"timestamp":1613818453,"path_taken":["M","M","?","?","?","R","M","R","T","M","R","E","M","M","R","BOSS"],"items_purchased_type":[],"build_version":"2020-12-22","purchased_purges":0,"victory":false,"max_hp_per_floor":[70,70,65,65,65,65,65,65,65,65,65,65,65,65,65,65,65],"card_choices":[{"not_picked":["Deflect","Infinite Blades"],"picked":"Backflip","floor":1},{"not_picked":["Cloak And Dagger","Dagger Throw"],"picked":"Deadly Poison","floor":2},{"not_picked":["Cloak And Dagger","Tactician"],"picked":"Bouncing Flask","floor":7},{"not_picked":["Flechettes","Dagger Spray","Tactician"],"picked":"SKIP","floor":10},{"not_picked":["Dagger Spray","Calculated Gamble"],"picked":"Footwork","floor":12},{"not_picked":["Sucker Punch","Concentrate"],"picked":"Acrobatics","floor":13},{"not_picked":["Dagger Spray","Heel Hook","Accuracy"],"picked":"SKIP","floor":14}],"player_experience":800434,"relics_obtained":[{"floor":9,"key":"Darkstone Periapt"},{"floor":12,"key":"Pantograph"}],"event_choices":[{"damage_healed":0,"gold_gain":0,"player_choice":"Lose Max HP","damage_taken":0,"relics_obtained":["Golden Idol"],"max_hp_gain":0,"max_hp_loss":5,"event_name":"Golden Idol","floor":3,"gold_loss":0},{"damage_healed":0,"gold_gain":0,"player_choice":"Success","damage_taken":7,"relics_obtained":["Centennial Puzzle"],"max_hp_gain":0,"max_hp_loss":0,"event_name":"Scrap Ooze","floor":4,"gold_loss":0},{"damage_healed":0,"gold_gain":0,"player_choice":"Entered Light","damage_taken":13,"max_hp_gain":0,"max_hp_loss":0,"event_name":"Shining Light","floor":5,"gold_loss":0,"cards_upgraded":["Backflip","Neutralize"]}],"is_beta":false,"boss_relics":[],"items_purged_floors":[],"is_endless":false,"potions_floor_spawned":[2,12,13],"killed_by":"Slime Boss","ascension_level":12}}