{"host":"3vmw6m3qsasieibr","time":1613860391,"event":{"mods":["AchievementEnabler","BaseMod","Colored Map","Colored Powertips","Highlight Path","Minty Spire (QoL Compilation)","SuperFastMode"],"gold_per_floor":[111,129,145,161,9,9,40,215,261,336,336,17,34,95,95,195,195,207,207,82,82,41,41,41,66,140,65,77,77,103,32,32,137,137,149,129,57,57,72,72,72,88,141,141,170,170,170],"floor_reached":46,"language":"ENG","playtime":2679,"items_purged":["Strike_B","Doubt","Strike_B"],"score":577,"play_id":"82e50103-bad9-4f12-9408-138528243e1d","local_time":"20210221083311","is_ascension_mode":true,"campfire_choices":[{"data":"Defragment","floor":6.0,"key":"SMITH"},{"floor":11.0,"key":"REST"},{"data":"Loop","floor":15.0,"key":"SMITH"},{"data":"Machine Learning","floor":23.0,"key":"SMITH"},{"floor":29.0,"key":"REST"},{"data":"Loop","floor":32.0,"key":"SMITH"},{"floor":40,"key":"REST"},{"floor":44,"key":"REST"}],"circlet_count":0,"master_deck":["Strike_B","Defend_B","Defend_B","Defend_B","Zap","Dualcast","Multi-Cast","Sweeping Beam","Go for the Eyes","Steam","Redo","Defragment+1","Machine Learning+1","Loop+1","Cold Snap","Streamline","Echo Form","Self Repair","Consume","Static Discharge","Fission","Hologram","Streamline+1","BootSequence+1","Loop+1","Echo Form","Tempest","Defragment","Reprogram"],"relics":["FrozenCore","Sundial","Bronze Scales","DataDisk","Happy Flower","Darkstone Periapt","White Beast Statue","Cables","Eternal Feather","Philosopher\u0027s Stone","Smiling Mask","Bottled Flame"],"acts_visited":["Exordium","TheCity","TheBeyond"],"potions_floor_usage":[35,45],"damage_taken":[{"damage":6.0,"enemies":"Cultist","floor":1.0,"turns":3.0},{"damage":8.0,"enemies":"Jaw Worm","floor":2.0,"turns":4.0},{"damage":0.0,"enemies":"Small Slimes","floor":3.0,"turns":3.0},{"damage":4.0,"enemies":"Exordium Wildlife","floor":4.0,"turns":2.0},{"damage":39.0,"enemies":"Gremlin Nob","floor":7.0,"turns":5.0},{"damage":8.0,"enemies":"3 Louse","floor":13.0,"turns":2.0},{"damage":9.0,"enemies":"Lagavulin Event","floor":14.0,"turns":6.0},{"damage":8.0,"enemies":"Hexaghost","floor":16.0,"turns":9.0},{"damage":14.0,"enemies":"3 Byrds","floor":18.0,"turns":3.0},{"damage":30.0,"enemies":"Book of Stabbing","floor":25.0,"turns":5.0},{"damage":16.0,"enemies":"2 Thieves","floor":27.0,"turns":5.0},{"damage":1.0,"enemies":"Cultist and Chosen","floor":28.0,"turns":11.0},{"damage":43.0,"enemies":"Slavers","floor":30.0,"turns":7.0},{"damage":9,"enemies":"Automaton","floor":33,"turns":19},{"damage":2,"enemies":"3 Shapes","floor":35,"turns":6},{"damage":56,"enemies":"3 Darklings","floor":39,"turns":5},{"damage":56,"enemies":"Transient","floor":42,"turns":5},{"damage":30,"enemies":"Nemesis","floor":45,"turns":13},{"damage":45,"enemies":"Jaw Worm Horde","floor":46,"turns":2}],"seed_played":"-5583954380495718670","potions_obtained":[{"floor":1.0,"key":"DuplicationPotion"},{"floor":4.0,"key":"Ancient Potion"},{"floor":16.0,"key":"AttackPotion"},{"floor":25.0,"key":"EssenceOfDarkness"},{"floor":27.0,"key":"Regen Potion"},{"floor":30.0,"key":"DistilledChaos"},{"floor":33,"key":"Swift Potion"},{"floor":35,"key":"Fruit Juice"},{"floor":36,"key":"Weak Potion"},{"floor":45,"key":"Dexterity Potion"}],"is_trial":false,"path_per_floor":["M","M","M","M","$","R","E","?","T","?","R","$","M","?","R","B",null,"M","?","$","T","$","R","?","E","T","M","M","R","E","$","R","B",null,"M","?","$","?","M","R","?","M","T","R","E","M"],"character_chosen":"DEFECT","items_purchased":["Defragment","DataDisk","Loop","Static Discharge","Loop","Defragment"],"campfire_rested":4,"item_purchase_floors":[5,12,12,22,31,37],"current_hp_per_floor":[69,61,61,57,57,57,18,18,18,7,29,29,21,12,12,4,75,61,61,61,61,61,61,61,31,31,22,28,50,29,29,44,42,75,80,80,80,80,38,77,77,28,28,67,44,0,0],"gold":170,"neow_bonus":"ONE_RANDOM_RARE_CARD","is_daily":false,"chose_seed":false,"campfire_upgraded":4,"win_rate":0.0,"timestamp":1613860391,"path_taken":["M","M","M","M","?","R","E","?","T","?","R","$","M","?","R","BOSS","M","?","$","?","$","R","?","E","T","M","?","R","E","?","R","BOSS","M","?","?","?","?","R","?","M","T","R","E","?"],"items_purchased_type":["Card","Relic","Card","Card","Card","Card"],"build_version":"2020-12-22","purchased_purges":3,"victory":false,"max_hp_per_floor":[75,75,75,75,75,75,75,75,75,75,75,75,75,75,75,75,75,75,75,75,75,75,75,75,75,75,75,75,75,75,75,75,75,75,80,80,80,80,80,80,80,80,80,80,80,80,80],"card_choices":[{"not_picked":["Capacitor","Tempest"],"picked":"Sweeping Beam","floor":1.0},{"not_picked":["Steam","Conserve Battery"],"picked":"Go for the Eyes","floor":2.0},{"not_picked":["Double Energy","Heatsinks"],"picked":"Steam","floor":3.0},{"not_picked":["Leap","White Noise"],"picked":"Redo","floor":4.0},{"not_picked":["Beam Cell","Sweeping Beam"],"picked":"Machine Learning","floor":7.0},{"not_picked":["Ball Lightning","Steam"],"picked":"Cold Snap","floor":13.0},{"not_picked":["Gash","Beam Cell"],"picked":"Streamline","floor":14.0},{"not_picked":["Fission","Machine Learning"],"picked":"Echo Form","floor":16.0},{"not_picked":["Redo","Tempest+1"],"picked":"Self Repair","floor":18.0},{"not_picked":["Sweeping Beam","Scrape+1"],"picked":"Fission","floor":25.0},{"not_picked":["Stack","Gash+1"],"picked":"Hologram","floor":27.0},{"not_picked":["Rebound","Conserve Battery"],"picked":"Streamline+1","floor":28.0},{"not_picked":["Recycle","Reprogram"],"picked":"BootSequence+1","floor":30.0},{"not_picked":["Creative AI","Reboot"],"picked":"Echo Form","floor":33},{"not_picked":["Compile Driver","Auto Shields+1"],"picked":"Tempest","floor":35},{"not_picked":["Steam Power","Beam Cell+1","Static Discharge"],"picked":"SKIP","floor":39},{"not_picked":["Lockon","Chaos+1","Rebound+1"],"picked":"SKIP","floor":42},{"not_picked":["Darkness","Beam Cell","Tempest"],"picked":"SKIP","floor":45}],"player_experience":447872,"relics_obtained":[{"floor":7.0,"key":"Sundial"},{"floor":9.0,"key":"Bronze Scales"},{"floor":14.0,"key":"Happy Flower"},{"floor":21.0,"key":"Darkstone Periapt"},{"floor":25.0,"key":"White Beast Statue"},{"floor":26.0,"key":"Cables"},{"floor":30.0,"key":"Eternal Feather"},{"floor":43,"key":"Smiling Mask"},{"floor":45,"key":"Bottled Flame"}],"event_choices":[{"damage_healed":0.0,"max_hp_gain":0.0,"max_hp_loss":0.0,"gold_gain":175.0,"event_name":"Liars Game","player_choice":"AGREE","floor":8.0,"gold_loss":0.0,"damage_taken":0.0,"cards_obtained":["Doubt"]},{"damage_healed":0.0,"max_hp_gain":0.0,"max_hp_loss":0.0,"gold_gain":75.0,"event_name":"World of Goop","player_choice":"Gather Gold","floor":10.0,"gold_loss":0.0,"damage_taken":11.0},{"damage_healed":0.0,"max_hp_gain":0.0,"max_hp_loss":0.0,"gold_gain":0.0,"event_name":"Dead Adventurer","player_choice":"Searched \u00272\u0027 times","floor":14.0,"gold_loss":0.0,"damage_taken":0.0},{"damage_healed":0.0,"max_hp_gain":0.0,"max_hp_loss":0.0,"gold_gain":0.0,"event_name":"The Library","player_choice":"Read","floor":19.0,"gold_loss":0.0,"damage_taken":0.0,"cards_obtained":["Consume"]},{"cards_removed":["Strike_B"],"damage_healed":0.0,"max_hp_gain":0.0,"max_hp_loss":0.0,"gold_gain":0.0,"event_name":"Purifier","player_choice":"Purged","floor":24.0,"gold_loss":0.0,"damage_taken":0.0},{"damage_healed":0,"gold_gain":0,"player_choice":"Bought 1 Potion","damage_taken":0,"max_hp_gain":0,"max_hp_loss":0,"event_name":"The Woman in Blue","floor":36,"gold_loss":0},{"damage_healed":0,"gold_gain":0,"cards_transformed":["Defend_B"],"player_choice":"Transformed","damage_taken":0,"max_hp_gain":0,"max_hp_loss":0,"event_name":"Transmorgrifier","floor":38,"gold_loss":0,"cards_obtained":["Reprogram"]},{"damage_healed":0,"gold_gain":0,"player_choice":"Ignored","damage_taken":0,"max_hp_gain":0,"max_hp_loss":0,"event_name":"SecretPortal","floor":41,"gold_loss":0}],"is_beta":false,"boss_relics":[{"not_picked":["Snecko Eye","Inserter"],"picked":"FrozenCore"},{"not_picked":["Astrolabe","Coffee Dripper"],"picked":"Philosopher\u0027s Stone"}],"items_purged_floors":[5,12,20],"is_endless":false,"potions_floor_spawned":[1,4,16,25,27,28,30,33,35,39,42,45],"killed_by":"Jaw Worm Horde","ascension_level":3}}