{"host":"ipcfr4ajj2jkxvg7","time":1613813326,"event":{"mods":["BaseMod","Colored Powertips","GifTheSpireLib","Marisa（F雨　魔理沙）","Minty Spire (QoL Compilation)","Quick Restart","Remilia（蕾米莉亚）","Replay The Spire","RumiaBox-露米娅的神秘盒子","StSLib"],"gold_per_floor":[113,113,113,113,130,142,177,177,232,247,247,267,267,283,283,356,356,374,165,180,180,198,223,237,237,237],"floor_reached":25,"language":"ZHS","playtime":757,"items_purged":["Defend_MRS"],"score":475,"play_id":"549ff847-d37c-41e3-ae3f-fddb09a7d463","local_time":"20210220172846","is_ascension_mode":true,"campfire_choices":[{"data":"EnergyFlow","floor":11.0,"key":"SMITH"},{"floor":13.0,"key":"REST"},{"data":"OrrerysSun","floor":15.0,"key":"SMITH"}],"circlet_count":0,"master_deck":["AscendersBane","Strike_MRS","Strike_MRS","Strike_MRS","Strike_MRS","Defend_MRS","Defend_MRS","MasterSpark","UpSweep","ShootTheMoon","EarthLightRay","OrrerysSun+1","EnergyFlow+1","Acceleration","PowerUp","MilkyWay","ManaConvection","MilkyWay","MilkyWay"],"relics":["MiniHakkero","NeowsBlessing","AddBug","SecretRecord","SecretRecord","SecretRecord","SecretRecord"],"acts_visited":["Exordium","TheCity"],"potions_floor_usage":[24,24],"damage_taken":[{"damage":0.0,"enemies":"Jaw Worm","floor":1.0,"turns":1.0},{"damage":0.0,"enemies":"2 Louse","floor":5.0,"turns":1.0},{"damage":0.0,"enemies":"Cultist","floor":6.0,"turns":1.0},{"damage":49.0,"enemies":"Gremlin Nob","floor":7.0,"turns":5.0},{"damage":4.0,"enemies":"Blue Slaver","floor":10.0,"turns":4.0},{"damage":25.0,"enemies":"Red Slaver","floor":12.0,"turns":5.0},{"damage":12.0,"enemies":"2 Fungi Beasts","floor":14.0,"turns":4.0},{"damage":15.0,"enemies":"The Guardian","floor":16.0,"turns":13.0},{"damage":13.0,"enemies":"3 Byrds","floor":18.0,"turns":7.0},{"damage":0.0,"enemies":"Shell Parasite","floor":20.0,"turns":3.0},{"damage":32.0,"enemies":"Centurion and Healer","floor":22.0,"turns":4.0},{"damage":34.0,"enemies":"Slavers","floor":23.0,"turns":5.0},{"damage":19,"enemies":"Sentry and Sphere","floor":24,"turns":4},{"damage":9,"enemies":"Book of Stabbing","floor":25,"turns":1}],"seed_played":"4465386280941372249","potions_obtained":[{"floor":7.0,"key":"AttackPotion"},{"floor":12.0,"key":"ShroomBrew"},{"floor":14.0,"key":"BlessingOfTheForge"},{"floor":23.0,"key":"PowerPotion"}],"is_trial":false,"path_per_floor":["M","?","T","?","M","M","E","?","T","M","R","M","R","M","R","B",null,"M","$","M","?","M","E","M","E"],"character_chosen":"MARISA","items_purchased":["MilkyWay","ManaConvection"],"campfire_rested":1,"item_purchase_floors":[19,19],"current_hp_per_floor":[63,68,68,68,68,68,24,24,24,25,25,6,28,22,22,14,60,54,54,62,62,38,12,1,0,0],"gold":237,"neow_bonus":"THREE_ENEMY_KILL","is_daily":false,"chose_seed":false,"campfire_upgraded":2,"win_rate":0.0,"timestamp":1613813326,"path_taken":["M","?","?","?","M","?","E","?","T","M","R","M","R","M","R","BOSS","M","$","?","?","?","E","M","E"],"items_purchased_type":["Card","Card"],"build_version":"2020-12-22","purchased_purges":1,"victory":false,"max_hp_per_floor":[70,75,75,75,75,75,75,75,75,75,75,75,75,75,75,75,75,75,75,75,75,75,75,75,75,75],"card_choices":[{"not_picked":["WitchOfGreed","UnstableBomb"],"picked":"ShootTheMoon","floor":1.0},{"not_picked":["EventHorizon","GasGiant"],"picked":"EarthLightRay","floor":5.0},{"not_picked":["Occultation","ShootingEcho"],"picked":"OrrerysSun","floor":6.0},{"not_picked":["MillisecondPulsars","PowerUp"],"picked":"EnergyFlow","floor":7.0},{"not_picked":["6A","WitchOfGreed","GravityBeat"],"picked":"SKIP","floor":10.0},{"not_picked":["GrandCross","GravityBeat"],"picked":"Acceleration","floor":12.0},{"not_picked":["MillisecondPulsars","EnergyRecoil","DragonMeteor"],"picked":"SKIP","floor":14.0},{"not_picked":["ManaConvection","6A"],"picked":"PowerUp","floor":18.0},{"not_picked":["NonDirectionalLaser","ShootingEcho"],"picked":"MilkyWay","floor":20.0},{"not_picked":["EnergyRecoil","ChargeUpSpray","DC+1"],"picked":"SKIP","floor":22.0},{"not_picked":["UnstableBomb","DarkMatter","ManaRampage"],"picked":"SKIP","floor":23.0},{"not_picked":["MilkyWay","MysteriousBeam","6A+1"],"picked":"SKIP","floor":24}],"player_experience":481959,"relics_obtained":[{"floor":1.0,"key":"AddBug"},{"floor":3.0,"key":"Pear"},{"floor":7.0,"key":"Bag of Marbles"},{"floor":9.0,"key":"Tiny Chest"},{"floor":10.0,"key":"SecretRecord"},{"floor":14.0,"key":"SecretRecord"},{"floor":18.0,"key":"SecretRecord"},{"floor":23.0,"key":"ScarletDevilRocket"}],"event_choices":[{"damage_healed":0.0,"max_hp_gain":5.0,"max_hp_loss":0.0,"gold_gain":0.0,"event_name":"Big Fish","player_choice":"Donut","floor":2.0,"gold_loss":0.0,"damage_taken":0.0},{"damage_healed":0.0,"max_hp_gain":0.0,"max_hp_loss":0.0,"gold_gain":0.0,"event_name":"WeMeetAgain","player_choice":"Gave Potion","floor":8.0,"gold_loss":0.0,"damage_taken":0.0,"relics_obtained":["HandmadeGrimoire"]},{"damage_healed":0.0,"max_hp_gain":0.0,"max_hp_loss":0.0,"gold_gain":0.0,"event_name":"Match and Keep!","player_choice":"1 cards matched","floor":21.0,"gold_loss":0.0,"damage_taken":0.0,"cards_obtained":["MilkyWay"]}],"is_beta":false,"boss_relics":[{"not_picked":["Replay:Grab Bag","ReplayTheSpireMod:DimensionalGlitch"],"picked":"BewitchedHakkero"}],"items_purged_floors":[19],"is_endless":false,"potions_floor_spawned":[7,12,14,23],"killed_by":"Book of Stabbing","ascension_level":18}}