{"host":"6r341r9cz00j2qc1","time":1613854758,"event":{"mods":["BaseMod","Better Third Choice","Downfall","Hermit","Lobotomy","LobotomyExtend","Minty Spire (QoL Compilation)","Replay The Spire","Shop Mod","StSLib"],"gold_per_floor":[113,113,127,143,161,192,192,192,192,67,82,94,157,171,171,274,274,290,290,290,300,300,300,333,353,353,367,395,410,410,456,456,456,456],"floor_reached":33,"language":"ENG","playtime":2267,"items_purged":[],"score":339,"play_id":"d6c879e2-f4bc-43d1-afa6-aa09728cf1d1","local_time":"20210220215918","is_ascension_mode":false,"campfire_choices":[{"floor":15,"key":"REST"},{"data":"Magnetism","floor":23,"key":"SMITH"},{"floor":30,"key":"REST"},{"floor":32,"key":"REST"}],"circlet_count":0,"master_deck":["Strike_R","Strike_R","Strike_R","Defend_R","Defend_R","Defend_R","Bash","Swift Strike","Clash+1","Sword Boomerang","Cleave","Twin Strike","Massacre","Voices","Magnetism+1","Trip","Deep Breath","Pommel Strike","Sword Boomerang","Impervious","Heavy Blade","Eclipse","Shrug It Off+1","Clash","ReplayTheSpireMod:Strike From Hell"],"relics":["Burning Blood","LetterFromLob","NlothsMask","Art of War","Ring of Misfortune","Ring of Panic","ReplayTheSpireMod:ShopPack","Replay:Grab Bag","bronze:MakeshiftBattery","Electric Blood","Replay:Drink Me","ReplayTheSpireMod:Shallot","The Courier","Bottled Tornado","Boot"],"acts_visited":["Exordium","TheCity"],"potions_floor_usage":[6,16,28,28,33],"damage_taken":[{"damage":6,"enemies":"Jaw Worm","floor":1,"turns":2},{"damage":1,"enemies":"Cultist","floor":3,"turns":4},{"damage":0,"enemies":"2 Louse","floor":4,"turns":2},{"damage":7,"enemies":"2 Fungi Beasts","floor":5,"turns":3},{"damage":16,"enemies":"Replay:BlueRogue","floor":6,"turns":4},{"damage":36,"enemies":"Gremlin Gang","floor":11,"turns":5},{"damage":15,"enemies":"3 Louse","floor":12,"turns":4},{"damage":0,"enemies":"2 Fungi Beasts","floor":14,"turns":2},{"damage":0,"enemies":"Slime Boss","floor":16,"turns":5},{"damage":4,"enemies":"2 Thieves","floor":18,"turns":3},{"damage":5,"enemies":"Spheric Guardian","floor":21,"turns":3},{"damage":10,"enemies":"Book of Stabbing","floor":24,"turns":4},{"damage":4,"enemies":"Snake Plant","floor":25,"turns":3},{"damage":3,"enemies":"Centurion and Healer","floor":27,"turns":5},{"damage":26,"enemies":"Gremlin Leader","floor":28,"turns":5},{"damage":12,"enemies":"3 Cultists","floor":29,"turns":4},{"damage":66,"enemies":"Pondfish","floor":33,"turns":5}],"seed_played":"4353651460609361677","potions_obtained":[{"floor":3,"key":"AttackPotion"},{"floor":5,"key":"ElixirPotion"},{"floor":11,"key":"Strength Potion"},{"floor":14,"key":"Venom Potion"},{"floor":16,"key":"Explosive Potion"},{"floor":24,"key":"LifebloodPotion"},{"floor":27,"key":"Fire Potion"},{"floor":28,"key":"FearPotion"}],"is_trial":false,"path_per_floor":["M","?","M","M","M","E","?","?","T","$","M","M","?","M","R","B",null,"M","?","?","M","?","R","E","M","T","M","E","M","R","T","R","B"],"character_chosen":"IRONCLAD","items_purchased":["ReplayTheSpireMod:ShopPack"],"campfire_rested":3,"item_purchase_floors":[10],"current_hp_per_floor":[80,80,80,80,79,69,69,69,69,69,39,30,30,36,60,66,60,60,60,60,60,50,50,46,48,48,51,31,25,44,44,63,0,0],"gold":456,"neow_bonus":"RANDOM_COLORLESS","is_daily":false,"chose_seed":false,"campfire_upgraded":1,"win_rate":0.0,"timestamp":1613854758,"path_taken":["M","?","?","M","?","E","?","?","T","$","M","?","?","M","R","BOSS","M","?","?","M","?","R","E","M","T","?","E","M","R","?","R","BOSS"],"items_purchased_type":["Relic"],"build_version":"2020-12-22","purchased_purges":0,"victory":false,"max_hp_per_floor":[80,80,80,80,80,80,80,80,80,80,80,80,80,80,80,80,60,60,60,60,60,65,65,65,65,65,65,65,65,65,65,65,65,65],"card_choices":[{"not_picked":["Purity","Panacea"],"picked":"Swift Strike","floor":0},{"not_picked":["Shockwave","Clothesline"],"picked":"Clash","floor":1},{"not_picked":["ReplayTheSpireMod:Muscle Training","Armaments"],"picked":"Sword Boomerang","floor":3},{"not_picked":["ReplayTheSpireMod:Strike From Hell","Clothesline"],"picked":"Cleave","floor":4},{"not_picked":["Power Through","Metallicize"],"picked":"Twin Strike","floor":5},{"not_picked":["ReplayTheSpireMod:Stacked","Headbutt"],"picked":"Massacre","floor":6},{"not_picked":["Secret Technique","The Bomb"],"picked":"Magnetism","floor":10},{"not_picked":["Flash of Steel","Blind"],"picked":"Trip","floor":10},{"not_picked":["Good Instincts","Replay:BasicMightCard"],"picked":"Deep Breath","floor":10},{"not_picked":["Armaments","Clothesline"],"picked":"Pommel Strike","floor":11},{"not_picked":["Massacre","Clash"],"picked":"Sword Boomerang","floor":12},{"not_picked":["Havoc","Clothesline","Power Through"],"picked":"SKIP","floor":14},{"not_picked":["Offering","Demonic Infusion"],"picked":"Impervious","floor":16},{"not_picked":["Sword Boomerang","Pommel Strike"],"picked":"Heavy Blade","floor":18},{"not_picked":["Clothesline","Shrug It Off","Entrench+1"],"picked":"SKIP","floor":21},{"not_picked":["Dual Wield","Barricade","Dark Embrace"],"picked":"SKIP","floor":24},{"not_picked":["Armaments","Shrug It Off","Combust"],"picked":"SKIP","floor":25},{"not_picked":["Headbutt","Wild Strike"],"picked":"Shrug It Off+1","floor":27},{"not_picked":["Wild Strike","Headbutt"],"picked":"Clash","floor":28},{"not_picked":["Sword Boomerang+1","Warcry"],"picked":"ReplayTheSpireMod:Strike From Hell","floor":29}],"player_experience":545076,"relics_obtained":[{"floor":1,"key":"LetterFromLob"},{"floor":6,"key":"Art of War"},{"floor":7,"key":"Ring of Misfortune"},{"floor":7,"key":"Ring of Panic"},{"floor":24,"key":"ReplayTheSpireMod:Shallot"},{"floor":26,"key":"The Courier"},{"floor":28,"key":"Bottled Tornado"},{"floor":31,"key":"Boot"}],"event_choices":[{"damage_healed":0,"gold_gain":0,"player_choice":"Trade","damage_taken":0,"relics_obtained":["NlothsMask"],"max_hp_gain":0,"max_hp_loss":0,"event_name":"FaceTrader","floor":2,"gold_loss":0},{"damage_healed":0,"gold_gain":0,"player_choice":"Upgraded","damage_taken":0,"max_hp_gain":0,"max_hp_loss":0,"event_name":"Upgrade Shrine","floor":8,"gold_loss":0,"cards_upgraded":["Clash"]},{"damage_healed":0,"gold_gain":63,"player_choice":"Gained Gold","damage_taken":0,"max_hp_gain":0,"max_hp_loss":0,"event_name":"Golden Wing","floor":13,"gold_loss":0},{"damage_healed":0,"gold_gain":0,"player_choice":"Read","damage_taken":0,"max_hp_gain":0,"max_hp_loss":0,"event_name":"The Library","floor":19,"gold_loss":0,"cards_obtained":["Eclipse"]},{"damage_healed":0,"gold_gain":0,"player_choice":"Ignored","damage_taken":0,"max_hp_gain":0,"max_hp_loss":0,"event_name":"Beggar","floor":20,"gold_loss":0},{"damage_healed":0,"gold_gain":0,"player_choice":"Shed Blood","damage_taken":15,"max_hp_gain":5,"max_hp_loss":0,"event_name":"Forgotten Altar","floor":22,"gold_loss":0}],"is_beta":false,"boss_relics":[{"not_picked":["Mark of Pain","Empty Cage"],"picked":"Replay:Grab Bag"},{"not_picked":["Abe\u0027s Treasure","Busted Crown"],"picked":"bronze:MakeshiftBattery"},{"not_picked":["Sozu","Replay:Wanted Poster"],"picked":"Electric Blood"},{"not_picked":["Kintsugi","Runic Pyramid"],"picked":"Replay:Drink Me"}],"items_purged_floors":[],"is_endless":false,"potions_floor_spawned":[3,5,11,14,16,24,27,28],"killed_by":"Pondfish","ascension_level":0}}