{"host":"lv7etzzgwahaenh9","time":1613787493,"event":{"mods":["AchievementEnabler","BaseMod","Colored Map","Colored Powertips","Highlight Path","Minty Spire (QoL Compilation)","Permanent Neow","Quick Restart","Random Character Button","StSLib"],"gold_per_floor":[118,135,310,325,337,337,371,43,66,66,86,117,134,84,84,158,158,138,157,177,177,177],"floor_reached":21,"language":"ENG","playtime":1027,"items_purged":[],"score":328,"play_id":"ea224f77-670d-4382-86bd-2630fa4d444c","local_time":"20210219181813","is_ascension_mode":true,"campfire_choices":[{"data":"Noxious Fumes","floor":6.0,"key":"SMITH"},{"floor":10.0,"key":"REST"},{"data":"Envenom","floor":15,"key":"SMITH"}],"circlet_count":0,"master_deck":["AscendersBane","Strike_G","Strike_G","Strike_G","Strike_G","Strike_G","Defend_G","Defend_G","Defend_G","Defend_G","Defend_G","Survivor","Neutralize","Noxious Fumes+1","Sucker Punch","Skewer","Leg Sweep","Infinite Blades","Footwork","Cloak And Dagger","Envenom+1","Deflect","After Image","Deflect+1","Acrobatics","Slice"],"relics":["Ring of the Snake","Turnip","Vajra","Meat on the Bone","Boot","Bag of Preparation","Philosopher\u0027s Stone"],"acts_visited":["Exordium","TheCity"],"potions_floor_usage":[12,13,20],"damage_taken":[{"damage":2.0,"enemies":"Cultist","floor":1.0,"turns":4.0},{"damage":0.0,"enemies":"2 Louse","floor":2.0,"turns":4.0},{"damage":2.0,"enemies":"Small Slimes","floor":4.0,"turns":4.0},{"damage":0.0,"enemies":"3 Louse","floor":5.0,"turns":4.0},{"damage":17.0,"enemies":"3 Sentries","floor":7.0,"turns":8.0},{"damage":0.0,"enemies":"2 Fungi Beasts","floor":11.0,"turns":4.0},{"damage":5,"enemies":"Gremlin Nob","floor":12,"turns":5},{"damage":15,"enemies":"Exordium Thugs","floor":13,"turns":5},{"damage":2,"enemies":"Hexaghost","floor":16,"turns":11},{"damage":29,"enemies":"2 Thieves","floor":18,"turns":4},{"damage":27,"enemies":"Chosen","floor":19,"turns":8},{"damage":7,"enemies":"3 Cultists","floor":20,"turns":6},{"damage":43,"enemies":"Sentry and Sphere","floor":21,"turns":5}],"seed_played":"6066305534637425660","potions_obtained":[{"floor":1.0,"key":"Energy Potion"},{"floor":2.0,"key":"GhostInAJar"},{"floor":7.0,"key":"EntropicBrew"},{"floor":19,"key":"Fire Potion"}],"is_trial":false,"path_per_floor":["M","M","?","M","M","R","E","$","T","R","M","E","M","?","R","B",null,"M","M","M","M"],"character_chosen":"THE_SILENT","items_purchased":["Meat on the Bone","Footwork"],"campfire_rested":1,"item_purchase_floors":[8,8],"current_hp_per_floor":[42,42,42,40,40,40,23,23,23,42,42,37,34,34,34,44,61,44,29,34,0,0],"gold":177,"neow_bonus":"ONE_RARE_RELIC","is_daily":false,"chose_seed":false,"campfire_upgraded":2,"win_rate":0.0,"timestamp":1613787493,"path_taken":["M","M","?","M","M","R","E","$","T","R","M","E","M","?","R","BOSS","M","M","M","M"],"items_purchased_type":["Relic","Card"],"build_version":"2020-12-22","purchased_purges":0,"victory":false,"max_hp_per_floor":[66,66,66,66,66,66,66,66,66,66,66,66,66,66,66,66,66,66,66,66,66,66],"card_choices":[{"not_picked":["Dagger Throw","Backflip"],"picked":"Noxious Fumes","floor":1.0},{"not_picked":["Deflect","Crippling Poison"],"picked":"Sucker Punch","floor":2.0},{"not_picked":["Acrobatics","Flechettes"],"picked":"Skewer","floor":4.0},{"not_picked":["Bane","Dagger Spray"],"picked":"Leg Sweep","floor":5.0},{"not_picked":["Unload","Distraction"],"picked":"Infinite Blades","floor":7.0},{"not_picked":["Dagger Spray","Blur"],"picked":"Cloak And Dagger","floor":11.0},{"not_picked":["Acrobatics","Blade Dance"],"picked":"Envenom","floor":12},{"not_picked":["Slice","A Thousand Cuts"],"picked":"Deflect","floor":13},{"not_picked":["Adrenaline","Bullet Time"],"picked":"After Image","floor":16},{"not_picked":["Deadly Poison+1","Dagger Throw"],"picked":"Deflect+1","floor":18},{"not_picked":["Cloak And Dagger","Footwork"],"picked":"Acrobatics","floor":19},{"not_picked":["Bouncing Flask","Masterful Stab"],"picked":"Slice","floor":20}],"player_experience":462544,"relics_obtained":[{"floor":7.0,"key":"Vajra"},{"floor":9.0,"key":"Boot"},{"floor":12,"key":"Bag of Preparation"}],"event_choices":[{"damage_healed":0.0,"max_hp_gain":0.0,"max_hp_loss":0.0,"gold_gain":175.0,"event_name":"Liars Game","player_choice":"AGREE","floor":3.0,"gold_loss":0.0,"damage_taken":0.0,"cards_obtained":["Doubt"]},{"cards_removed":["Doubt"],"damage_healed":0,"gold_gain":0,"player_choice":"Card Removal","damage_taken":0,"max_hp_gain":0,"max_hp_loss":0,"event_name":"The Cleric","floor":14,"gold_loss":50}],"is_beta":false,"boss_relics":[{"not_picked":["Fusion Hammer","Sozu"],"picked":"Philosopher\u0027s Stone"}],"items_purged_floors":[],"is_endless":false,"potions_floor_spawned":[1,2,7,19],"killed_by":"Sentry and Sphere","ascension_level":14}}