{"host":"ilhhjx796p2x2wmd","time":1613820926,"event":{"mods":["AchievementEnabler","BaseMod","BetterRewards","Colored Map","Colored Powertips","DeckTracker","Highlight Path","Minty Spire (QoL Compilation)","Permanent Neow","Rare Cards Sparkle","Shop Mod"],"gold_per_floor":[118,134,151,167,184,184,210,210,236,236,253,253,284,301,301,301,301],"floor_reached":16,"language":"KOR","playtime":882,"items_purged":[],"score":160,"play_id":"0113eac8-1fe1-4991-93d6-c18998a57854","local_time":"20210220203526","is_ascension_mode":true,"campfire_choices":[{"data":"Bash","floor":6,"key":"SMITH"},{"data":"Cleave","floor":8,"key":"SMITH"},{"data":"Flash of Steel","floor":10,"key":"SMITH"},{"data":"Clothesline","floor":15,"key":"SMITH"}],"circlet_count":0,"master_deck":["Strike_R","Strike_R","Strike_R","Strike_R","Defend_R","Defend_R","Defend_R","Defend_R","Bash+1","Flash of Steel+1","Burning Pact","Cleave+1","Heavy Blade","Shrug It Off","Ghostly Armor","Clothesline+1","Disarm"],"relics":["Burning Blood","Anchor","MealTicket","Strawberry"],"acts_visited":["Exordium"],"potions_floor_usage":[13],"damage_taken":[{"damage":7,"enemies":"Jaw Worm","floor":1,"turns":3},{"damage":5,"enemies":"2 Louse","floor":2,"turns":3},{"damage":0,"enemies":"Small Slimes","floor":3,"turns":3},{"damage":14,"enemies":"Blue Slaver","floor":4,"turns":4},{"damage":0,"enemies":"Large Slime","floor":5,"turns":4},{"damage":32,"enemies":"Gremlin Nob","floor":7,"turns":4},{"damage":0,"enemies":"3 Louse","floor":11,"turns":3},{"damage":17,"enemies":"Lagavulin","floor":13,"turns":6},{"damage":4,"enemies":"Red Slaver","floor":14,"turns":2},{"damage":0,"enemies":"Slime Boss","floor":16,"turns":2}],"seed_played":"7297319905785755557","potions_obtained":[{"floor":4,"key":"AttackPotion"},{"floor":5,"key":"BlessingOfTheForge"},{"floor":7,"key":"HeartOfIron"},{"floor":14,"key":"Strength Potion"}],"is_trial":false,"path_per_floor":["M","M","M","M","M","R","E","R","T","R","M","?","E","M","R","B"],"character_chosen":"IRONCLAD","items_purchased":[],"campfire_rested":0,"item_purchase_floors":[],"current_hp_per_floor":[71,72,78,70,76,76,50,50,50,50,56,56,52,54,54,54,54],"gold":301,"neow_bonus":"RANDOM_COLORLESS","is_daily":false,"chose_seed":false,"campfire_upgraded":4,"win_rate":0.0,"timestamp":1613820926,"path_taken":["M","M","M","M","M","R","E","R","T","R","M","?","E","M","R","BOSS"],"items_purchased_type":[],"build_version":"2020-12-22","purchased_purges":0,"victory":false,"max_hp_per_floor":[80,80,80,80,80,80,80,80,80,80,80,80,87,87,87,87,87],"card_choices":[{"not_picked":["Dramatic Entrance","Impatience"],"picked":"Flash of Steel","floor":0},{"not_picked":["Ghostly Armor","Thunderclap","Hemokinesis"],"picked":"SKIP","floor":1},{"not_picked":["True Grit","Dual Wield"],"picked":"Burning Pact","floor":2},{"not_picked":["Anger","Hemokinesis"],"picked":"Cleave","floor":3},{"not_picked":["Bloodletting","Power Through"],"picked":"Heavy Blade","floor":4},{"not_picked":["Warcry","Wild Strike","Havoc"],"picked":"SKIP","floor":5},{"not_picked":["Immolate","Rupture"],"picked":"Shrug It Off","floor":7},{"not_picked":["Rampage","Hemokinesis"],"picked":"Ghostly Armor","floor":11},{"not_picked":["Intimidate","Power Through","Dark Embrace"],"picked":"SKIP","floor":13},{"not_picked":["Sword Boomerang","Havoc"],"picked":"Disarm","floor":14}],"player_experience":344147,"relics_obtained":[{"floor":7,"key":"Anchor"},{"floor":9,"key":"MealTicket"},{"floor":13,"key":"Strawberry"}],"event_choices":[{"damage_healed":0,"gold_gain":0,"cards_transformed":["Strike_R"],"player_choice":"Change","damage_taken":0,"max_hp_gain":0,"max_hp_loss":0,"event_name":"Living Wall","floor":12,"gold_loss":0,"cards_obtained":["Clothesline"]}],"is_beta":false,"boss_relics":[],"items_purged_floors":[],"is_endless":false,"potions_floor_spawned":[4,5,7,14],"killed_by":"Slime Boss","ascension_level":8}}