{"host":"sav7uxregyirlf69","time":1613789128,"event":{"mods":["AchievementEnabler","BaseMod","Colored Map","DeckTracker","Keyboard Shortcuts","Minty Spire (QoL Compilation)","READ ME - Guardian Mod","StSLib","SuperFastMode"],"gold_per_floor":[116,191,202,202,49,83,83,99,144,60,60,93,93,112,112,191,191,191,2,2,2,2,2,2,2,2],"floor_reached":25,"language":"KOR","playtime":345,"items_purged":["Strike_P","Defend_P"],"score":504,"play_id":"523220a1-ea50-4926-a7a1-161cc9be6019","local_time":"20210220114528","is_ascension_mode":true,"campfire_choices":[{"data":"Eruption","floor":7.0,"key":"SMITH"},{"data":"MentalFortress","floor":13.0,"key":"SMITH"},{"data":"SandsOfTime","floor":15.0,"key":"SMITH"},{"data":"EmptyMind","floor":24,"key":"SMITH"}],"circlet_count":0,"master_deck":["AscendersBane","Strike_P","Strike_P","Strike_P","Defend_P","Defend_P","Defend_P","Eruption+1","Vigilance","EmptyFist","FearNoEvil","MentalFortress+1","SandsOfTime+1","EmptyMind+1"],"relics":["PureWater","NeowsBlessing","Tiny Chest","Blood Vial","Toy Ornithopter","TungstenRod","Ectoplasm","Frozen Egg 2","Ice Cream"],"acts_visited":["Exordium","TheCity"],"potions_floor_usage":[23],"damage_taken":[{"damage":0.0,"enemies":"Jaw Worm","floor":1.0,"turns":1.0},{"damage":0.0,"enemies":"2 Louse","floor":3.0,"turns":1.0},{"damage":0.0,"enemies":"Lagavulin","floor":6.0,"turns":2.0},{"damage":3.0,"enemies":"Small Slimes","floor":8.0,"turns":2.0},{"damage":20.0,"enemies":"Gremlin Nob","floor":12.0,"turns":4.0},{"damage":2.0,"enemies":"Gremlin Gang","floor":14.0,"turns":4.0},{"damage":12,"enemies":"The Guardian","floor":16,"turns":11},{"damage":0,"enemies":"3 Byrds","floor":18,"turns":7},{"damage":0,"enemies":"Spheric Guardian","floor":22,"turns":2},{"damage":23,"enemies":"Book of Stabbing","floor":23,"turns":5},{"damage":52,"enemies":"Slavers","floor":25,"turns":4}],"seed_played":"-1454758313861892213","potions_obtained":[{"floor":6.0,"key":"GamblersBrew"},{"floor":14.0,"key":"DuplicationPotion"},{"floor":22,"key":"Weak Potion"}],"is_trial":false,"path_per_floor":["M","?","M","?","$","E","R","M","T","$","?","E","R","M","R","B",null,"M","$","?","T","M","E","R","E"],"character_chosen":"WATCHER","items_purchased":["FearNoEvil","MentalFortress","EmptyMind"],"campfire_rested":0,"item_purchase_floors":[5,10,19],"current_hp_per_floor":[61,50,50,39,39,39,39,38,38,38,38,25,25,25,25,15,55,57,57,57,57,59,43,43,0,0],"gold":2,"neow_bonus":"THREE_ENEMY_KILL","is_daily":false,"chose_seed":false,"campfire_upgraded":4,"win_rate":0.0,"timestamp":1613789128,"path_taken":["M","?","M","?","$","E","R","M","T","?","?","E","R","M","R","BOSS","M","$","?","?","?","E","R","E"],"items_purchased_type":["Card","Card","Card"],"build_version":"2020-12-22","purchased_purges":2,"victory":false,"max_hp_per_floor":[68,68,68,68,68,68,68,68,68,68,68,68,68,68,68,68,68,68,68,68,68,68,68,68,68,68],"card_choices":[{"not_picked":["FlurryOfBlows","EmptyBody"],"picked":"EmptyFist","floor":1.0},{"not_picked":["Evaluate","Conclude","ReachHeaven"],"picked":"SKIP","floor":3.0},{"not_picked":["ThirdEye","WindmillStrike","Consecrate"],"picked":"SKIP","floor":6.0},{"not_picked":["ThirdEye","SashWhip","Protect"],"picked":"SKIP","floor":8.0},{"not_picked":["Worship","DevaForm","Prostrate"],"picked":"SKIP","floor":12.0},{"not_picked":["ClearTheMind","Protect"],"picked":"SandsOfTime","floor":14.0},{"not_picked":["Study","Halt","ClearTheMind"],"picked":"SKIP","floor":18},{"not_picked":["Wallop","Weave","Halt"],"picked":"SKIP","floor":22},{"not_picked":["ForeignInfluence","Swivel","EmptyFist"],"picked":"SKIP","floor":23}],"player_experience":1628127,"relics_obtained":[{"floor":6.0,"key":"Blood Vial"},{"floor":9.0,"key":"Toy Ornithopter"},{"floor":12.0,"key":"TungstenRod"},{"floor":21,"key":"Frozen Egg 2"},{"floor":23,"key":"Ice Cream"}],"event_choices":[{"damage_healed":0.0,"max_hp_gain":0.0,"max_hp_loss":0.0,"gold_gain":75.0,"event_name":"World of Goop","player_choice":"Gather Gold","floor":2.0,"gold_loss":0.0,"damage_taken":11.0},{"damage_healed":0.0,"max_hp_gain":0.0,"max_hp_loss":0.0,"gold_gain":0.0,"event_name":"Scrap Ooze","player_choice":"Success","floor":4.0,"gold_loss":0.0,"damage_taken":11.0,"relics_obtained":["Tiny Chest"]},{"damage_healed":0.0,"max_hp_gain":0.0,"max_hp_loss":0.0,"gold_gain":0.0,"event_name":"The Cleric","player_choice":"Leave","floor":11.0,"gold_loss":0.0,"damage_taken":0.0}],"is_beta":false,"boss_relics":[{"not_picked":["Velvet Choker","Runic Dome"],"picked":"Ectoplasm"}],"items_purged_floors":[5,19],"is_endless":false,"potions_floor_spawned":[6,14,22],"killed_by":"Slavers","ascension_level":20}}