{"host":"6a9c3xws62y7efyw","time":1613848115,"event":{"mods":["BaseMod","Colored Map","Minty Spire (QoL Compilation)","Relic Stats","StSLib"],"gold_per_floor":[113,129,141,160,184,184,201,12,39,51,90,102,126,172,184,268,280,264,191,38,38,50,77,97,97,97,125,125,138,165,185,185,185,185],"floor_reached":33,"language":"ENG","playtime":1318,"items_purged":[],"score":684,"play_id":"571e68c2-7577-4e53-b17c-f3dd1f4825ca","local_time":"20210220110835","is_ascension_mode":true,"campfire_choices":[{"data":"Bouncing Flask","floor":6.0,"key":"SMITH"},{"data":"Catalyst","floor":10.0,"key":"SMITH"},{"data":"Bouncing Flask","floor":15.0,"key":"SMITH"},{"data":"Wraith Form v2","floor":25.0,"key":"SMITH"},{"data":"Malaise","floor":28,"key":"SMITH"},{"data":"Footwork","floor":32,"key":"SMITH"}],"circlet_count":0,"master_deck":["AscendersBane","Strike_G","Strike_G","Strike_G","Strike_G","Defend_G","Defend_G","Defend_G","Defend_G","Defend_G","Survivor","Neutralize","Endless Agony","Bouncing Flask+1","Sucker Punch","Catalyst+1","Wraith Form v2+1","Bane","Deadly Poison","Bouncing Flask+1","Leg Sweep","Malaise+1","Dagger Throw","Leg Sweep","Outmaneuver","Corpse Explosion","Backstab","Footwork+1","Dash","Well Laid Plans"],"relics":["Ring of the Snake","Regal Pillow","MawBank","Tiny Chest","Snake Skull","Coffee Dripper","Toy Ornithopter","Orichalcum","Question Card","Vajra","Happy Flower","Nunchaku"],"acts_visited":["Exordium","TheCity"],"potions_floor_usage":[33,33],"damage_taken":[{"damage":0.0,"enemies":"Cultist","floor":1.0,"turns":4.0},{"damage":0.0,"enemies":"2 Louse","floor":2.0,"turns":2.0},{"damage":0.0,"enemies":"Jaw Worm","floor":3.0,"turns":4.0},{"damage":7.0,"enemies":"2 Fungi Beasts","floor":4.0,"turns":3.0},{"damage":9.0,"enemies":"Exordium Wildlife","floor":7.0,"turns":5.0},{"damage":0.0,"enemies":"Gremlin Nob","floor":11.0,"turns":3.0},{"damage":1.0,"enemies":"3 Louse","floor":13.0,"turns":4.0},{"damage":7.0,"enemies":"Lagavulin","floor":14.0,"turns":5.0},{"damage":6.0,"enemies":"The Guardian","floor":16.0,"turns":6.0},{"damage":19.0,"enemies":"2 Thieves","floor":18.0,"turns":4.0},{"damage":10.0,"enemies":"Shell Parasite","floor":22.0,"turns":3.0},{"damage":9.0,"enemies":"Book of Stabbing","floor":23.0,"turns":4.0},{"damage":0.0,"enemies":"3 Cultists","floor":24.0,"turns":4.0},{"damage":32,"enemies":"Gremlin Leader","floor":27,"turns":7},{"damage":23,"enemies":"Sentry and Sphere","floor":29,"turns":5},{"damage":16,"enemies":"Slavers","floor":30,"turns":5},{"damage":1,"enemies":"Centurion and Healer","floor":31,"turns":5},{"damage":24,"enemies":"Collector","floor":33,"turns":3}],"seed_played":"-1712396880979177031","potions_obtained":[{"floor":3.0,"key":"BlessingOfTheForge"},{"floor":4.0,"key":"Swift Potion"},{"floor":13.0,"key":"FairyPotion"},{"floor":16.0,"key":"Weak Potion"},{"floor":22.0,"key":"Regen Potion"},{"floor":23.0,"key":"SneckoOil"},{"floor":30,"key":"Swift Potion"},{"floor":31,"key":"Weak Potion"}],"is_trial":false,"path_per_floor":["M","M","M","M","T","R","M","$","T","R","E","?","M","E","R","B",null,"M","?","$","T","M","E","M","R","T","E","R","M","E","M","R","B"],"character_chosen":"THE_SILENT","items_purchased":["Wraith Form v2","Bane","Orichalcum"],"campfire_rested":0,"item_purchase_floors":[8,8,20],"current_hp_per_floor":[56,56,56,49,49,49,40,40,40,40,40,40,39,32,32,26,65,46,46,46,46,36,46,51,51,51,19,19,23,7,6,6,0,0],"gold":185,"neow_bonus":"TWENTY_PERCENT_HP_BONUS","is_daily":false,"chose_seed":false,"campfire_upgraded":6,"win_rate":0.0,"timestamp":1613848115,"path_taken":["M","M","M","M","?","R","M","$","T","R","E","?","?","E","R","BOSS","M","?","$","?","M","E","M","R","T","E","R","M","E","M","R","BOSS"],"items_purchased_type":["Card","Card","Relic"],"build_version":"2020-12-22","purchased_purges":0,"victory":false,"max_hp_per_floor":[78,78,78,78,78,78,78,78,78,78,78,78,78,78,78,78,78,78,78,78,78,78,78,78,78,78,78,78,78,78,78,78,78,78],"relic_stats":{"Regal Pillow":0,"Nunchaku":[1],"Happy Flower":[6],"counters":[18,76],"Tiny Chest":1,"Snake Skull":[85],"Orichalcum":[120],"MawBank":132,"Question Card":7,"obtain_stats":[{"Regal Pillow":5,"Nunchaku":30,"Happy Flower":27,"Vajra":23,"Tiny Chest":11,"Snake Skull":14,"Coffee Dripper":17,"Orichalcum":20,"MawBank":9,"Question Card":21,"Toy Ornithopter":19,"Ring of the Snake":0},{"Regal Pillow":4,"Nunchaku":16,"Happy Flower":14,"Vajra":12,"Tiny Chest":6,"Snake Skull":8,"Coffee Dripper":9,"Orichalcum":10,"MawBank":5,"Question Card":10,"Toy Ornithopter":10,"Ring of the Snake":0},{"Regal Pillow":13,"Nunchaku":68,"Happy Flower":58,"Vajra":47,"Tiny Chest":21,"Snake Skull":30,"Coffee Dripper":36,"Orichalcum":40,"MawBank":18,"Question Card":40,"Toy Ornithopter":40,"Ring of the Snake":0}],"Toy Ornithopter":20,"Ring of the Snake":[39]},"card_choices":[{"not_picked":["Dagger Throw","Masterful Stab"],"picked":"Endless Agony","floor":1.0},{"not_picked":["PiercingWail","Cloak And Dagger"],"picked":"Bouncing Flask","floor":2.0},{"not_picked":["Dodge and Roll","Deflect"],"picked":"Sucker Punch","floor":3.0},{"not_picked":["Distraction","Infinite Blades","Setup"],"picked":"SKIP","floor":4.0},{"not_picked":["Choke","Cloak And Dagger"],"picked":"Catalyst","floor":7.0},{"not_picked":["Doppelganger","Cloak And Dagger"],"picked":"Deadly Poison","floor":11.0},{"not_picked":["Concentrate","Flying Knee"],"picked":"Bouncing Flask","floor":13.0},{"not_picked":["Blur","Bane"],"picked":"Leg Sweep","floor":14.0},{"not_picked":["Storm of Steel","Tools of the Trade"],"picked":"Malaise","floor":16.0},{"not_picked":["Bouncing Flask","Slice"],"picked":"Dagger Throw","floor":18.0},{"not_picked":["Quick Slash","Calculated Gamble","Dash"],"picked":"Leg Sweep","floor":22.0},{"not_picked":["Endless Agony","Caltrops","Tactician"],"picked":"Outmaneuver","floor":23.0},{"not_picked":["Sucker Punch","Bane","Slice+1"],"picked":"Corpse Explosion","floor":24.0},{"not_picked":["Leg Sweep","Flying Knee","Blade Dance"],"picked":"Backstab","floor":27},{"not_picked":["Slice","Blade Dance","Backflip"],"picked":"Footwork","floor":29},{"not_picked":["Slice","Eviscerate","Quick Slash"],"picked":"Dash","floor":30},{"not_picked":["Deadly Poison","Dagger Throw","Acrobatics"],"picked":"Well Laid Plans","floor":31}],"player_experience":1561700,"relics_obtained":[{"floor":5.0,"key":"Regal Pillow"},{"floor":9.0,"key":"MawBank"},{"floor":11.0,"key":"Tiny Chest"},{"floor":14.0,"key":"Snake Skull"},{"floor":21.0,"key":"Question Card"},{"floor":23.0,"key":"Vajra"},{"floor":27,"key":"Happy Flower"},{"floor":30,"key":"Nunchaku"}],"event_choices":[{"cards_removed":["Strike_G"],"damage_healed":0.0,"max_hp_gain":0.0,"max_hp_loss":0.0,"gold_gain":0.0,"event_name":"Purifier","player_choice":"Purged","floor":12.0,"gold_loss":0.0,"damage_taken":0.0},{"damage_healed":0.0,"max_hp_gain":0.0,"max_hp_loss":0.0,"gold_gain":0.0,"event_name":"Addict","player_choice":"Obtained Relic","floor":19.0,"gold_loss":85.0,"damage_taken":0.0,"relics_obtained":["Toy Ornithopter"]}],"is_beta":false,"boss_relics":[{"not_picked":["WristBlade","Ectoplasm"],"picked":"Coffee Dripper"}],"items_purged_floors":[],"is_endless":false,"potions_floor_spawned":[3,4,13,14,16,18,22,23,30,31],"killed_by":"Collector","ascension_level":20}}