{"host":"n8n9wji6zrbfgqlo","time":1613830936,"event":{"mods":["AchievementEnabler","BaseMod","Colored Powertips","Highlight Path","Minty Spire (QoL Compilation)","Quick Restart"],"gold_per_floor":[110,110,120,120,9,9,36,36,36,150,150,160,187,251,251,348,348,360,373,348,364,364,364],"floor_reached":22,"language":"ENG","playtime":878,"items_purged":[],"score":252,"play_id":"3afb3d25-5599-4d30-aa12-511bdace446f","local_time":"20210220152216","is_ascension_mode":true,"campfire_choices":[{"data":"Rampage","floor":6.0,"key":"SMITH"},{"data":"Bludgeon","floor":8.0,"key":"SMITH"},{"data":"Corruption","floor":11.0,"key":"SMITH"},{"data":"Seeing Red","floor":15.0,"key":"SMITH"}],"circlet_count":0,"master_deck":["Strike_R","Strike_R","Strike_R","Defend_R","Defend_R","Defend_R","Defend_R","Bash+1","Flex","Corruption+1","Clash","Inflame","Rampage+1","Bludgeon+1","Cleave","Seeing Red+1","Shrug It Off","Limit Break","Cleave","Pommel Strike","Seeing Red+1"],"relics":["Black Blood","SsserpentHead","Centennial Puzzle","Gambling Chip","Art of War","Ornamental Fan"],"acts_visited":["TheCity"],"potions_floor_usage":[],"damage_taken":[{"damage":2.0,"enemies":"2 Louse","floor":1.0,"turns":3.0},{"damage":0.0,"enemies":"Cultist","floor":3.0,"turns":2.0},{"damage":0.0,"enemies":"Gremlin Nob","floor":7.0,"turns":2.0},{"damage":25.0,"enemies":"3 Sentries","floor":10.0,"turns":5.0},{"damage":2.0,"enemies":"Jaw Worm","floor":12.0,"turns":2.0},{"damage":10.0,"enemies":"3 Sentries","floor":13.0,"turns":4.0},{"damage":8.0,"enemies":"3 Louse","floor":14.0,"turns":2.0},{"damage":33.0,"enemies":"Hexaghost","floor":16.0,"turns":6.0},{"damage":38,"enemies":"3 Byrds","floor":18,"turns":6},{"damage":13,"enemies":"Chosen","floor":19,"turns":5},{"damage":42,"enemies":"Shelled Parasite and Fungi","floor":21,"turns":5},{"damage":29,"enemies":"3 Cultists","floor":22,"turns":5}],"seed_played":"-3621789499749827624","potions_obtained":[{"floor":3.0,"key":"GamblersBrew"},{"floor":7.0,"key":"Energy Potion"},{"floor":10.0,"key":"Fruit Juice"},{"floor":12.0,"key":"SkillPotion"},{"floor":14.0,"key":"DuplicationPotion"},{"floor":18,"key":"SmokeBomb"}],"is_trial":false,"path_per_floor":["M","?","M","?","$","R","E","R","T","?","R","M","E","M","R","B",null,"M","M","?","M","M"],"character_chosen":"IRONCLAD","items_purchased":["Inflame","Rampage","Fire Potion"],"campfire_rested":0,"item_purchase_floors":[5,5,5],"current_hp_per_floor":[80,80,80,80,80,80,80,80,80,66,66,70,66,64,64,37,85,59,58,58,28,0,0],"gold":364,"neow_bonus":"UPGRADE_CARD","is_daily":false,"chose_seed":false,"campfire_upgraded":4,"win_rate":0.0,"timestamp":1613830936,"path_taken":["M","?","?","?","?","R","E","R","T","?","R","M","E","?","R","BOSS","M","M","?","M","M"],"items_purchased_type":["Card","Card","Potion"],"build_version":"2020-12-22","purchased_purges":0,"victory":false,"max_hp_per_floor":[80,80,80,80,80,80,80,80,80,85,85,85,85,85,85,85,85,85,85,85,85,85,85],"card_choices":[{"not_picked":["Body Slam","Clothesline"],"picked":"Flex","floor":1.0},{"not_picked":["Blood for Blood","Warcry"],"picked":"Clash","floor":3.0},{"not_picked":["Havoc","Sentinel"],"picked":"Bludgeon","floor":7.0},{"not_picked":["Iron Wave","Thunderclap"],"picked":"Cleave","floor":12.0},{"not_picked":["Ghostly Armor","Power Through"],"picked":"Seeing Red","floor":13.0},{"not_picked":["Perfected Strike","Anger"],"picked":"Shrug It Off","floor":14.0},{"not_picked":["Brutality","Berserk"],"picked":"Limit Break","floor":16.0},{"not_picked":["Heavy Blade","Feel No Pain"],"picked":"Cleave","floor":18},{"not_picked":["Power Through","Sword Boomerang"],"picked":"Pommel Strike","floor":19},{"not_picked":["Perfected Strike","Bloodletting"],"picked":"Seeing Red+1","floor":21}],"player_experience":400028,"relics_obtained":[{"floor":7.0,"key":"Centennial Puzzle"},{"floor":9.0,"key":"Gambling Chip"},{"floor":13.0,"key":"Ornamental Fan"}],"event_choices":[{"damage_healed":0.0,"max_hp_gain":0.0,"max_hp_loss":0.0,"gold_gain":0.0,"cards_transformed":["Strike_R"],"event_name":"Transmorgrifier","player_choice":"Transformed","floor":2.0,"gold_loss":0.0,"damage_taken":0.0,"cards_obtained":["Corruption"]},{"damage_healed":0.0,"max_hp_gain":0.0,"max_hp_loss":0.0,"gold_gain":0.0,"event_name":"FaceTrader","player_choice":"Trade","floor":4.0,"gold_loss":0.0,"damage_taken":0.0,"relics_obtained":["SsserpentHead"]},{"damage_healed":0.0,"max_hp_gain":0.0,"max_hp_loss":0.0,"gold_gain":0.0,"event_name":"Dead Adventurer","player_choice":"Searched \u00272\u0027 times","floor":10.0,"gold_loss":0.0,"damage_taken":0.0,"relics_obtained":["Art of War"]},{"cards_removed":["Strike_R"],"damage_healed":0,"gold_gain":0,"player_choice":"Gave Gold","damage_taken":0,"max_hp_gain":0,"max_hp_loss":0,"event_name":"Beggar","floor":20,"gold_loss":75}],"is_beta":false,"boss_relics":[{"not_picked":["Snecko Eye","Coffee Dripper"],"picked":"Black Blood"}],"items_purged_floors":[],"is_endless":false,"potions_floor_spawned":[3,7,10,12,14,18],"killed_by":"3 Cultists","ascension_level":3}}