{"host":"ppiucu9uavkq1hgp","time":1613814653,"event":{"mods":["100% Spire Juice","Act Like it!","Arknights","BaseMod","CapriCore","Challenge The Spire","Chen","Colored Powertips","Gensokyo","Hallownest","Highlight Path","KinomotoSakuraMod(木之本樱)","Koishi","KomeijiMod","LagranYue(拉格朗・月)","Marisa（F雨　魔理沙）","Minty Spire (QoL Compilation)","MostiFishMod","Prisma Mod","Quick Restart","Reimu（博丽灵梦）","Relic Stats","Replay The Spire","RumiaBox-露米娅的神秘盒子","Shop Mod","StSLib","SuperFastMode","TestMod","The Administrix","The Alterego","The Animator","The Immortal","Waifu the Spire","WarShipGirlsR/战舰少女R mod","Yakumo Yukari mod","Yuyuko","noobMod","【功能Mod】混沌之环修复补丁","【遗物卡牌】REMEMod"],"gold_per_floor":[110,110,110,35,35,64,79,79,79,48,67,67,96,316,316,316,316],"floor_reached":16,"language":"ZHS","playtime":796,"items_purged":["ats:Defend"],"score":133,"play_id":"22af24ae-749c-41b5-a782-a8bfe01fe251","local_time":"20210220175053","is_ascension_mode":false,"campfire_choices":[{"data":"ats:Poison Spread","floor":8,"key":"SMITH"},{"data":"ats:Emotion Absorption","floor":12,"key":"SMITH"},{"data":"ats:Poison Spread","floor":15,"key":"SMITH"}],"circlet_count":0,"master_deck":["ats:Strike C","ats:Strike G","ats:Strike S","ats:Strike V","ats:Armor Crushing Shot","ats:Defend","ats:Defend","ats:Defend","ats:Emotion Absorption+1","ats:Poison Spread+1","ats:Revitalization","ats:Shell Defense","ats:Poison Spread+1"],"relics":["ats:Sanity","DaveBox","testmod-TestBox","ice","REME_ComplimentaryCards","LagranYue:RandomDrawCardRelic","NeowsBlessing","EGODaCapo","SynthV:TestCard","Gensokyo:OccultBall","Pantograph","ats:Originium","testmod-Antiphasic","testmod-Justice","LagranYue:RareGoldArmorRelic"],"acts_visited":["Gensokyo:Gensokyo"],"potions_floor_usage":[13],"damage_taken":[{"damage":0,"enemies":"Gensokyo:Python","floor":1,"turns":1},{"damage":0,"enemies":"Gensokyo:Mamizou","floor":6,"turns":3},{"damage":0,"enemies":"Gensokyo:2_Kodama","floor":7,"turns":1},{"damage":6,"enemies":"Gensokyo:3_Fairies","floor":11,"turns":4},{"damage":15,"enemies":"Gensokyo:Cirno","floor":13,"turns":7},{"damage":1,"enemies":"Gensokyo:2_Rabbits","floor":14,"turns":6},{"damage":44,"enemies":"Gensokyo:Reimu","floor":16,"turns":6}],"seed_played":"2413333474193237830","potions_obtained":[{"floor":7,"key":"SteroidPotion"},{"floor":11,"key":"Toxic Potion"},{"floor":14,"key":"Toxic Potion"}],"is_trial":false,"path_per_floor":["M","?","?","$","?","E","M","R","T","COS","M","R","E","M","R","B"],"character_chosen":"DOCTOR_CLASS","items_purchased":[],"campfire_rested":0,"item_purchase_floors":[],"current_hp_per_floor":[72,72,72,72,58,58,58,58,58,58,52,52,42,44,44,33,33],"gold":316,"neow_bonus":"THREE_ENEMY_KILL","is_daily":false,"chose_seed":false,"campfire_upgraded":3,"win_rate":0.0,"timestamp":1613814653,"path_taken":["M","?","?","$","?","E","M","R","T","COS","M","R","E","?","R","BOSS"],"items_purchased_type":[],"build_version":"2020-12-22","purchased_purges":1,"victory":false,"max_hp_per_floor":[72,72,72,72,72,72,72,72,72,72,72,72,72,72,72,77,77],"relic_stats":{"counters":[7,27],"Pantograph":25,"obtain_stats":[{"testmod-TestBox":0,"DaveBox":0,"LagranYue:RandomDrawCardRelic":0,"NeowsBlessing":0,"ice":0,"LagranYue:RareGoldArmorRelic":13,"testmod-Justice":9,"testmod-Antiphasic":6,"SynthV:TestCard":1,"ats:Originium":6,"EGODaCapo":1,"Pantograph":5,"Gensokyo:OccultBall":2,"ats:Sanity":0,"REME_ComplimentaryCards":0},{"testmod-TestBox":0,"DaveBox":0,"LagranYue:RandomDrawCardRelic":0,"NeowsBlessing":0,"ice":0,"LagranYue:RareGoldArmorRelic":5,"testmod-Justice":3,"testmod-Antiphasic":2,"SynthV:TestCard":1,"ats:Originium":2,"EGODaCapo":1,"Pantograph":1,"Gensokyo:OccultBall":1,"ats:Sanity":0,"REME_ComplimentaryCards":0},{"testmod-TestBox":0,"DaveBox":0,"LagranYue:RandomDrawCardRelic":0,"NeowsBlessing":0,"ice":0,"LagranYue:RareGoldArmorRelic":16,"testmod-Justice":5,"testmod-Antiphasic":4,"SynthV:TestCard":1,"ats:Originium":4,"EGODaCapo":1,"Pantograph":1,"Gensokyo:OccultBall":1,"ats:Sanity":0,"REME_ComplimentaryCards":0}]},"card_choices":[{"not_picked":["ats:Very Hot Blade","ats:Guardian Obelisk","ats:Curse Doll"],"picked":"SKIP","floor":1},{"not_picked":["ats:Roar Of Ursus","ats:Curse Doll","ats:Disruption Kick","ats:Flame Of Heaven","ats:Charging Defense"],"picked":"SKIP","floor":6},{"not_picked":["ats:Curse Doll","ats:Counter Healing Mode","ats:Consecutive Shot Auto","ats:Guard Mode"],"picked":"ats:Poison Spread","floor":7},{"not_picked":["ats:Consecutive Shot Auto","ats:Wolf Pack","ats:Blood Oath","ats:Ignite"],"picked":"ats:Revitalization","floor":11},{"not_picked":["ats:Leaping Hammer","ats:Chain Hook","ats:Neurotoxin","ats:Echo Reverb"],"picked":"ats:Shell Defense","floor":13},{"not_picked":["ats:Automatic Cover","ats:Literary Storm","ats:Explosion Area Strengthen","ats:Consecutive Shot Auto"],"picked":"ats:Poison Spread","floor":14}],"player_experience":64916,"relics_obtained":[{"floor":1,"key":"SynthV:TestCard"},{"floor":6,"key":"ats:Originium"},{"floor":6,"key":"testmod-Antiphasic"},{"floor":9,"key":"testmod-Justice"},{"floor":11,"key":"Gensokyo:OccultBall"},{"floor":13,"key":"ats:Originium"},{"floor":13,"key":"LagranYue:RareGoldArmorRelic"}],"event_choices":[],"is_beta":false,"boss_relics":[],"items_purged_floors":[4],"is_endless":false,"potions_floor_spawned":[7,11,14],"killed_by":"Gensokyo:Reimu","ascension_level":0}}