{"host":"7xbu8gt067z192g2","time":1613796268,"event":{"mods":["BaseMod","Better Note","Colored Map","Colored Powertips","Downfall","Googly Eyes","Highlight Path","Minty Spire (QoL Compilation)","Rare Cards Sparkle","Replay The Spire","StSLib"],"gold_per_floor":[99,114,114,125,135,135,135,162,21,21,39,24,44,56,75,178,178,178,197,197,28,46,46,46,57,57,90,10,10,10,10,24,122,122,22,34,34,34,34],"floor_reached":37,"language":"ENG","playtime":2772,"items_purged":["champ:Strike","champ:FocusedDefense","champ:Strike"],"score":389,"play_id":"79586387-918b-4b18-af9c-63d8b1b4dd29","local_time":"20210219234428","is_ascension_mode":false,"campfire_choices":[{"data":"champ:Taunt","floor":6,"key":"SMITH"},{"data":"champ:FaceSlap","floor":10,"key":"SMITH"},{"data":"champ:Strike","floor":26,"key":"SMITH"},{"data":"champ:CalledShot","floor":30,"key":"SMITH"},{"floor":35,"key":"RECALL"}],"circlet_count":0,"master_deck":["champ:Strike+1","champ:Defend","champ:Defend","champ:Defend","champ:Defend","champ:Execute","champ:Taunt+1","champ:Duel","champ:CrownThrow","champ:Shatter","champ:FaceSlap+1","champ:TripleStrike","champ:BerserkersShout","champ:HeartStrike","champ:AdrenalArmor","champ:FanOfKnives","champ:RapidStrikes","champ:Improvising","champ:Haymaker+1","champ:StanceDance","champ:FocusedBerserking","champ:Endure","champ:CalledShot+1","champ:CalledShot","champ:FanOfKnives","champ:SteelEdge"],"relics":["champ:ChampionCrown","Blood Vial","Incense Burner","Runic Pyramid","Replay:Kaleidoscope","ClockworkSouvenir","Nunchaku","Sozu","downfall:HeartBlessingGreen"],"acts_visited":["Exordium","TheCity","TheBeyond"],"potions_floor_usage":[27,27,33],"damage_taken":[{"damage":15,"enemies":"Small Slimes","floor":2,"turns":4},{"damage":21,"enemies":"Cultist","floor":4,"turns":3},{"damage":2,"enemies":"Jaw Worm","floor":5,"turns":3},{"damage":47,"enemies":"Lagavulin","floor":8,"turns":5},{"damage":35,"enemies":"downfall:FleeingMerchant","floor":9,"turns":4},{"damage":14,"enemies":"Exordium Wildlife","floor":11,"turns":3},{"damage":35,"enemies":"downfall:FleeingMerchant","floor":12,"turns":4},{"damage":38,"enemies":"Exordium Thugs","floor":13,"turns":4},{"damage":30,"enemies":"3 Louse","floor":14,"turns":3},{"damage":39,"enemies":"Gremlin Gang","floor":15,"turns":3},{"damage":77,"enemies":"SI_SHIV_ARCHETYPE","floor":16,"turns":6},{"damage":0,"enemies":"Spheric Guardian","floor":19,"turns":2},{"damage":50,"enemies":"downfall:FleeingMerchant","floor":21,"turns":4},{"damage":24,"enemies":"Shell Parasite","floor":22,"turns":3},{"damage":20,"enemies":"Snecko","floor":25,"turns":3},{"damage":128,"enemies":"Slavers","floor":27,"turns":7},{"damage":4,"enemies":"downfall:FleeingMerchant","floor":28,"turns":3},{"damage":38,"enemies":"3 Cultists","floor":32,"turns":4},{"damage":35,"enemies":"IC_MUSHROOM_ARCHETYPE","floor":33,"turns":4},{"damage":104,"enemies":"3 Shapes","floor":36,"turns":5},{"damage":39,"enemies":"3 Darklings","floor":37,"turns":2}],"seed_played":"-3509309273768861979","potions_obtained":[{"floor":1,"key":"Regen Potion"},{"floor":1,"key":"Cursed Concoction"},{"floor":2,"key":"Adrenaline Potion"},{"floor":5,"key":"SteroidPotion"},{"floor":16,"key":"Regen Potion"},{"floor":33,"key":"CultistPotion"}],"is_trial":false,"path_per_floor":["R_BF","M","?","M","M","R","T","E","$","R","M","$","M","M","M","B",null,"R_BF","M","?","$","M","?","T","M","R","E","$","?","R","$","M","B",null,"R_BF","M","M"],"character_chosen":"THE_CHAMP","items_purchased":["champ:BerserkersShout","champ:StanceDance","ClockworkSouvenir","Nunchaku"],"campfire_rested":0,"item_purchase_floors":[9,21,28,28],"current_hp_per_floor":[99,94,89,83,81,81,81,66,68,68,81,68,72,64,52,67,99,99,99,99,99,95,99,99,99,99,66,84,84,84,84,68,80,99,99,30,0,0,0],"gold":34,"neow_bonus":"TEN_PERCENT_HP_BONUS","is_daily":false,"chose_seed":false,"campfire_upgraded":4,"win_rate":0.0,"timestamp":1613796268,"path_taken":["R_BF","M","?","M","?","R","T","E","?","R","M","$","M","M","M","BOSS","R_BF","M","?","?","M","?","T","?","R","E","$","?","R","$","M","BOSS","R_BF","M","M"],"items_purchased_type":["Card","Card","Relic","Relic"],"build_version":"2020-12-22","purchased_purges":3,"victory":false,"max_hp_per_floor":[99,99,99,99,99,99,99,99,99,99,99,99,99,99,99,99,99,99,99,99,99,99,99,99,99,99,99,99,99,99,99,99,99,99,99,99,99,99,99],"card_choices":[{"not_picked":["champ:BladeFlurry","champ:PerfectedStrike"],"picked":"champ:Duel","floor":2},{"not_picked":["champ:BringItOn","champ:EnragedBash"],"picked":"champ:CrownThrow","floor":4},{"not_picked":["champ:EnGarde","champ:CrownThrow"],"picked":"champ:Shatter","floor":5},{"not_picked":["champ:RapidStrikes","champ:CalledShot"],"picked":"champ:FaceSlap","floor":8},{"not_picked":["champ:FanOfKnives","champ:SkillfulDodge"],"picked":"champ:TripleStrike","floor":9},{"not_picked":["champ:PerfectedStrike","champ:DefensiveShout"],"picked":"champ:HeartStrike","floor":11},{"not_picked":["champ:Duel","champ:StrikeOfGenius"],"picked":"champ:AdrenalArmor","floor":12},{"not_picked":["champ:BringItOn","champ:FocusedDefense"],"picked":"champ:FanOfKnives","floor":13},{"not_picked":["champ:FocusedBerserking","champ:FlashCut"],"picked":"champ:RapidStrikes","floor":14},{"not_picked":["champ:BerserkersShout","champ:TornadoPunch"],"picked":"champ:Lariat","floor":15},{"not_picked":["champ:MurderStrike","champ:CheapShot"],"picked":"champ:Improvising","floor":16},{"not_picked":["champ:GladiatorStyle","champ:PreciseThrust"],"picked":"champ:Haymaker+1","floor":19},{"not_picked":["champ:Encircle","champ:EnragedBash","champ:TornadoPunch"],"picked":"SKIP","floor":21},{"not_picked":["champ:DefensiveShout","champ:Encircle"],"picked":"champ:FocusedBerserking","floor":22},{"not_picked":["champ:EndlessRage","champ:Backstep+1"],"picked":"champ:Endure","floor":25},{"not_picked":["champ:Shatter","champ:Encircle"],"picked":"champ:CalledShot","floor":27},{"not_picked":["champ:EnragedBash","champ:DefensiveShout"],"picked":"champ:CalledShot","floor":28},{"not_picked":["champ:PreciseThrust","champ:Encircle+1"],"picked":"champ:FanOfKnives","floor":32},{"not_picked":["champ:VampiricStrike","champ:TripleStrike"],"picked":"champ:SteelEdge","floor":33},{"not_picked":["champ:PerfectedStrike+1","champ:EnGarde","champ:Circumvent"],"picked":"SKIP","floor":36}],"player_experience":221714,"relics_obtained":[{"floor":7,"key":"Blood Vial"},{"floor":8,"key":"Incense Burner"},{"floor":27,"key":"Replay:Kaleidoscope"}],"event_choices":[{"cards_removed":["champ:FocusedDefense"],"damage_healed":0,"gold_gain":0,"player_choice":"Give","damage_taken":0,"max_hp_gain":0,"max_hp_loss":0,"event_name":"betterNote:BetterNote","floor":20,"gold_loss":0,"cards_obtained":["None"]},{"cards_removed":["champ:Lariat"],"damage_healed":4,"gold_gain":0,"player_choice":"Offered Uncommon","damage_taken":0,"max_hp_gain":0,"max_hp_loss":0,"event_name":"Bonfire Elementals","floor":23,"gold_loss":0}],"is_beta":false,"boss_relics":[{"not_picked":["SacredBark","ReplayTheSpireMod:DimensionalGlitch"],"picked":"Runic Pyramid"},{"not_picked":["Fusion Hammer","Painkiller Herb"],"picked":"Sozu"}],"items_purged_floors":[9,21,28],"is_endless":false,"potions_floor_spawned":[2,5,13,14,15,16,22,25,33],"killed_by":"3 Darklings","ascension_level":0}}