{"host":"skr63qsdfgeey3it","time":1613865272,"event":{"mods":["BaseMod","Colored Map","Hubris","Minty Spire (QoL Compilation)","Monster B Gone","Reliquary","Replay The Spire","Spicy Shops","StSLib"],"gold_per_floor":[112,112,11,31,50,50,70,70,94,124,124,157,7,59,59,138,138,153,170,170,19,19,52,252,281,307,307,335,335,353,387,387,464,464,482,482,482],"floor_reached":36,"language":"ENG","playtime":1650,"items_purged":["Parasite"],"score":824,"play_id":"5e23e6fa-e6c4-436b-8a70-31e8d4ce2da6","local_time":"20210220175432","is_ascension_mode":true,"campfire_choices":[{"data":"Genetic Algorithm","floor":6,"key":"SMITH"},{"data":"Crystallizer","floor":8,"key":"SMITH"},{"data":"Zap","floor":11,"key":"SMITH"},{"data":"Doom and Gloom","floor":15,"key":"SMITH"},{"floor":27,"key":"REST"},{"floor":29,"key":"REST"},{"data":"Defend_B","floor":32,"key":"PURGE"}],"circlet_count":0,"master_deck":["AscendersBane","Strike_B","Strike_B","Strike_B","Strike_B+1","Defend_B","Defend_B","Defend_B","Zap+1","Dualcast","Genetic Algorithm+1","FIFO Queue","Barrage+1","Coolheaded","Glacier","Crystallizer+1","Doom and Gloom+1","Streamline","hubris:PowerSurge","Echo Form","Blizzard","Glacier","ReplayRNGCard","ReplayTheSpireMod:Calculation Training","Echo Form"],"relics":["Cracked Core","NeowsBlessing","Centennial Puzzle","MealTicket","reliquary:IridiumChain","Replay:Baseball","Whetstone","Snecko Heart","Boot","Replay:Wax Seal","ReplayTheSpireMod:TigerMarble","Regal Pillow","hubris:Reverence","Replay:Towering Pillar of Hats","Quantum Egg"],"acts_visited":["Exordium","TheCity","TheBeyond"],"potions_floor_usage":[12,23,33],"damage_taken":[{"damage":0,"enemies":"Small Slimes","floor":1,"turns":1},{"damage":0,"enemies":"Cultist","floor":4,"turns":1},{"damage":0,"enemies":"Jaw Worm","floor":5,"turns":1},{"damage":4,"enemies":"Looter","floor":7,"turns":4},{"damage":6,"enemies":"3 Sentries","floor":10,"turns":8},{"damage":0,"enemies":"Lagavulin","floor":12,"turns":6},{"damage":6,"enemies":"The Guardian","floor":16,"turns":7},{"damage":2,"enemies":"Shell Parasite","floor":18,"turns":4},{"damage":0,"enemies":"2 Thieves","floor":19,"turns":4},{"damage":32,"enemies":"Gremlin Leader","floor":23,"turns":7},{"damage":24,"enemies":"Slavers","floor":25,"turns":14},{"damage":12,"enemies":"Book of Stabbing","floor":28,"turns":5},{"damage":1,"enemies":"Shelled Parasite and Fungi","floor":30,"turns":3},{"damage":13,"enemies":"Gremlin Leader","floor":31,"turns":5},{"damage":42,"enemies":"Automaton","floor":33,"turns":11},{"damage":0,"enemies":"Orb Walker","floor":35,"turns":3}],"seed_played":"-6889127534601416801","potions_obtained":[{"floor":1,"key":"Strength Potion"},{"floor":5,"key":"PotionOfCapacity"},{"floor":10,"key":"Block Potion"},{"floor":16,"key":"BlessingOfTheForge"},{"floor":28,"key":"DuplicationPotion"}],"is_trial":false,"path_per_floor":["M","?","$","M","M","R","M","R","T","E","R","E","$","T","R","B",null,"M","M","?","$","?","E","?","E","T","R","E","R","M","E","R_BF","B",null,"M","M"],"character_chosen":"DEFECT","items_purchased":["FIFO Queue","Barrage","hubris:PowerSurge","Replay:Wax Seal"],"campfire_rested":2,"item_purchase_floors":[3,3,13,21],"current_hp_per_floor":[64,64,64,64,64,64,60,60,60,54,54,54,69,69,69,63,69,67,67,67,68,68,36,36,12,12,47,35,68,67,54,54,12,54,54,0,0],"gold":482,"neow_bonus":"THREE_ENEMY_KILL","is_daily":false,"chose_seed":false,"campfire_upgraded":4,"win_rate":0.0,"timestamp":1613865272,"path_taken":["M","?","$","M","?","R","M","R","T","E","R","E","$","?","R","BOSS","M","M","?","$","?","E","?","E","T","R","E","R","?","E","R_BF","BOSS","M","M"],"items_purchased_type":["Card","Card","Card","Relic"],"build_version":"2020-12-22","purchased_purges":1,"victory":false,"max_hp_per_floor":[71,71,71,71,71,71,71,71,71,71,71,71,71,71,71,71,71,71,71,71,68,68,68,68,68,68,68,68,68,68,68,68,68,68,68,68,68],"card_choices":[{"not_picked":["Recycle","Force Field"],"picked":"Genetic Algorithm","floor":1},{"not_picked":["Time Bomb","Scrape"],"picked":"Coolheaded","floor":4},{"not_picked":["Hologram","Barrage"],"picked":"Glacier","floor":5},{"not_picked":["Scrape","Conserve Battery"],"picked":"Crystallizer","floor":7},{"not_picked":["hubris:Ukulele","Sweeping Beam"],"picked":"Doom and Gloom","floor":10},{"not_picked":["Coolheaded","Redo"],"picked":"Streamline","floor":12},{"not_picked":["Meteor Strike","Biased Cognition"],"picked":"Echo Form","floor":16},{"not_picked":["Compile Driver","Capacitor+1"],"picked":"Blizzard","floor":18},{"not_picked":["Steam Power","Gash+1","Beam Cell"],"picked":"SKIP","floor":19},{"not_picked":["Redo+1","Compile Driver"],"picked":"Glacier","floor":23},{"not_picked":["ReplayTheSpireMod:GoodbyeWorld","Ball Lightning","ReplayTheSpireMod:Repulse"],"picked":"SKIP","floor":25},{"not_picked":["BasicCrystalCard","Tempest"],"picked":"ReplayRNGCard","floor":28},{"not_picked":["Leap","Stack","Gash+1"],"picked":"SKIP","floor":30},{"not_picked":["Cold Snap","hubris:Ukulele"],"picked":"ReplayTheSpireMod:Calculation Training","floor":31},{"not_picked":["Buffer","ReplayRNGCard"],"picked":"Echo Form","floor":33},{"not_picked":["Turbo","Steam+1","Rip and Tear"],"picked":"SKIP","floor":35}],"player_experience":981633,"relics_obtained":[{"floor":9,"key":"MealTicket"},{"floor":10,"key":"reliquary:IridiumChain"},{"floor":12,"key":"Replay:Baseball"},{"floor":14,"key":"Whetstone"},{"floor":23,"key":"reliquary:FerryPass"},{"floor":25,"key":"ReplayTheSpireMod:TigerMarble"},{"floor":26,"key":"Regal Pillow"},{"floor":28,"key":"hubris:Reverence"},{"floor":31,"key":"Replay:Towering Pillar of Hats"},{"floor":31,"key":"Quantum Egg"}],"event_choices":[{"damage_healed":0,"gold_gain":0,"player_choice":"Gave Potion","damage_taken":0,"relics_obtained":["Centennial Puzzle"],"max_hp_gain":0,"max_hp_loss":0,"event_name":"WeMeetAgain","floor":2,"gold_loss":0},{"damage_healed":0,"gold_gain":200,"player_choice":"Gold","damage_taken":0,"max_hp_gain":0,"max_hp_loss":0,"event_name":"Wheel of Change","floor":24,"gold_loss":0}],"is_beta":false,"boss_relics":[{"not_picked":["hubris:Stopwatch","reliquary:WritOfMandamus"],"picked":"Snecko Heart"},{"not_picked":["Runic Dome","reliquary:Ember","Replay:Drink Me"]}],"items_purged_floors":[21],"is_endless":false,"potions_floor_spawned":[1,5,10,16,18,19,28,31],"killed_by":"3 Shapes","ascension_level":15}}