{"host":"wsjkkb37re1dhcjs","time":1613865470,"event":{"mods":["AchievementEnabler","BaseMod","Colored Map","Curses Come First","Googly Eyes","Minty Spire (QoL Compilation)","Permanent Neow","Relic Stats","StSLib"],"gold_per_floor":[109,109,128,6,6,31,31,65,65,91,111,123,137,137,137],"floor_reached":14,"language":"ENG","playtime":582,"items_purged":["Defend_G"],"score":127,"play_id":"dbb8849f-1f5c-40b1-8b41-3f54371f6ddd","local_time":"20210220185750","is_ascension_mode":true,"campfire_choices":[{"floor":7,"key":"REST"}],"circlet_count":0,"master_deck":["Strike_G","Strike_G","Strike_G","Strike_G","Strike_G","Defend_G","Defend_G","Defend_G","Survivor","Neutralize","Wraith Form v2","Dagger Throw","All Out Attack","Dagger Throw","Eviscerate","Reflex","Well Laid Plans","Underhanded Strike"],"relics":["Ring of the Snake","Bird Faced Urn","Boot","Pantograph","Omamori"],"acts_visited":["Exordium"],"potions_floor_usage":[10,14],"damage_taken":[{"damage":22,"enemies":"Jaw Worm","floor":1,"turns":6},{"damage":1,"enemies":"Cultist","floor":3,"turns":4},{"damage":8,"enemies":"Gremlin Nob","floor":6,"turns":5},{"damage":26,"enemies":"3 Sentries","floor":8,"turns":6},{"damage":12,"enemies":"Gremlin Nob","floor":10,"turns":3},{"damage":0,"enemies":"2 Louse","floor":11,"turns":1},{"damage":14,"enemies":"Lots of Slimes","floor":12,"turns":2},{"damage":1,"enemies":"2 Fungi Beasts","floor":13,"turns":2},{"damage":12,"enemies":"3 Sentries","floor":14,"turns":4}],"seed_played":"-231346085023611731","potions_obtained":[{"floor":6,"key":"Poison Potion"},{"floor":12,"key":"Fire Potion"},{"floor":13,"key":"Weak Potion"}],"is_trial":false,"path_per_floor":["M","?","M","$","?","E","R","E","T","E","M","M","M","E"],"character_chosen":"THE_SILENT","items_purchased":["Dagger Throw"],"campfire_rested":1,"item_purchase_floors":[4],"current_hp_per_floor":[48,48,47,47,47,39,60,36,36,24,24,10,9,0,0],"gold":137,"neow_bonus":"THREE_RARE_CARDS","is_daily":false,"chose_seed":false,"campfire_upgraded":0,"win_rate":0.0,"timestamp":1613865470,"path_taken":["M","?","M","?","?","E","R","E","T","E","M","?","M","E"],"items_purchased_type":["Card"],"build_version":"2020-12-22","purchased_purges":1,"victory":false,"max_hp_per_floor":[70,70,70,70,70,70,70,70,70,70,70,70,70,70,70],"relic_stats":{"counters":[9,33],"Bird Faced Urn":[2],"Pantograph":0,"Boot":[13],"obtain_stats":[{"Bird Faced Urn":6,"Pantograph":9,"Omamori":10,"Boot":8,"Ring of the Snake":0},{"Bird Faced Urn":3,"Pantograph":4,"Omamori":5,"Boot":4,"Ring of the Snake":0},{"Bird Faced Urn":15,"Pantograph":21,"Omamori":24,"Boot":21,"Ring of the Snake":0}],"Ring of the Snake":[18]},"card_choices":[{"not_picked":["Phantasmal Killer","Tools of the Trade"],"picked":"Wraith Form v2","floor":0},{"not_picked":["Dodge and Roll","PiercingWail"],"picked":"Dagger Throw","floor":1},{"not_picked":["Slice","Blade Dance"],"picked":"All Out Attack","floor":3},{"not_picked":["Outmaneuver","Catalyst","Leg Sweep"],"picked":"SKIP","floor":6},{"not_picked":["Dagger Spray","Distraction"],"picked":"Eviscerate","floor":8},{"not_picked":["Riddle With Holes","Deflect"],"picked":"Reflex","floor":10},{"not_picked":["Leg Sweep","Accuracy"],"picked":"Well Laid Plans","floor":11},{"not_picked":["Deflect","Catalyst","Blur"],"picked":"SKIP","floor":12},{"not_picked":["Dodge and Roll","Slice"],"picked":"Underhanded Strike","floor":13}],"player_experience":856127,"relics_obtained":[{"floor":6,"key":"Bird Faced Urn"},{"floor":8,"key":"Boot"},{"floor":9,"key":"Pantograph"},{"floor":10,"key":"Omamori"}],"event_choices":[{"cards_removed":["Writhe"],"damage_healed":0,"gold_gain":0,"player_choice":"Removed Curses","damage_taken":0,"max_hp_gain":0,"max_hp_loss":0,"event_name":"Fountain of Cleansing","floor":2,"gold_loss":0},{"cards_removed":["Defend_G"],"damage_healed":0,"gold_gain":0,"player_choice":"Offered Basic","damage_taken":0,"max_hp_gain":0,"max_hp_loss":0,"event_name":"Bonfire Elementals","floor":5,"gold_loss":0}],"is_beta":false,"boss_relics":[],"items_purged_floors":[4],"is_endless":false,"potions_floor_spawned":[6,12,13],"killed_by":"3 Sentries","ascension_level":3}}