{"host":"nia1zwr35jsu5y7h","time":1613803768,"event":{"mods":["2.2 Compatiblity","Abigail Mod","Bard","BaseMod","Colored Map","Conspire","Downfall","Friendly Minions","Hermit","Highlight Path","Hubris","Infinite Spire","Kiyohime????","Koishi","Marisa????????","Minty Spire (QoL Compilation)","Quick Restart","Replay The Spire","Shade Mod","Shop Mod","StSLib","The Animator","The Construct","The Cursed","The Disciple","The Mystic","The Necromancer","The Servant 0.9.4"],"gold_per_floor":[363,377,377,397,416,416,442,442,490,503,537,567,567,567,567,644,644,655,206,206,206,231,266,266,276,276,311,23,38,38,38],"floor_reached":30,"language":"ENG","playtime":2015,"items_purged":["Spreading Infection","Strike_S"],"score":602,"play_id":"384bd9f4-b36f-43c7-8dab-7407b3ea845d","local_time":"20210219224928","is_ascension_mode":true,"campfire_choices":[{"data":"StarChef","floor":6,"key":"SMITH"},{"data":"Manipulate","floor":8,"key":"SMITH"},{"data":"Hightail","floor":15,"key":"SMITH"},{"data":"Contraction","floor":24,"key":"SMITH"}],"circlet_count":0,"master_deck":["AscendersBane","Strike_S","Strike_S","Strike_S","Defend_S","Defend_S","Defend_S","Defend_S","KidneyShot","Exchange","Manipulate+1","Misdirection","TimeWarp","StarChef+1","Hightail+1","Potential+1","FloweringNight+1","MurderousAura+1","BestPractice+1","ReplayTheSpireMod:Necrogeddon+1","Pot Of Greed","Pot Of Greed","Contraction+1","Potential","Hightail","Pot Of Greed","StarChef+1","Deep Breath","SpecialFormula"],"relics":["Uniform","FaceOfCleric","Eternal Feather","Tiny Chest","Frozen Egg 2","Snack Pack","hubris:Backtick","Chemical X","Strange Spoon","Whetstone","Grinning Jar","Gremlin Horn","Mercury Hourglass","infinitespire:Beetle Shell"],"acts_visited":["Exordium","TheCity"],"potions_floor_usage":[7,7,23,25,29,30],"damage_taken":[{"damage":1,"enemies":"Small Slimes","floor":1,"turns":4},{"damage":12,"enemies":"Cultist","floor":2,"turns":5},{"damage":4,"enemies":"Jaw Worm","floor":4,"turns":4},{"damage":14,"enemies":"2 Fungi Beasts","floor":5,"turns":6},{"damage":15,"enemies":"3 Sentries","floor":7,"turns":4},{"damage":13,"enemies":"3 Louse","floor":10,"turns":7},{"damage":0,"enemies":"Lagavulin","floor":11,"turns":9},{"damage":10,"enemies":"Hexaghost","floor":16,"turns":10},{"damage":17,"enemies":"Chosen","floor":18,"turns":5},{"damage":3,"enemies":"Nightmare","floor":23,"turns":8},{"damage":21,"enemies":"3 Byrds","floor":25,"turns":6},{"damage":9,"enemies":"Book of Stabbing","floor":27,"turns":5},{"damage":5,"enemies":"3 Cultists","floor":29,"turns":6},{"damage":22,"enemies":"Colosseum Slavers","floor":30,"turns":3},{"damage":42,"enemies":"Colosseum Nobs","floor":30,"turns":3}],"seed_played":"-7124909849461948849","potions_obtained":[{"floor":4,"key":"AttackPotion"},{"floor":5,"key":"Strength Potion"},{"floor":11,"key":"Block Potion"},{"floor":16,"key":"SpeedPotion"},{"floor":25,"key":"LiquidMemories"},{"floor":29,"key":"Fruit Juice"}],"is_trial":false,"path_per_floor":["M","M","?","M","M","R","E","R","T","M","E","?","?","T","R","B",null,"M","$","?","T","T","NM","R","M","T","E","$","M","?"],"character_chosen":"THE_SERVANT","items_purchased":["Strange Spoon","ReplayTheSpireMod:Necrogeddon","StarChef+1","Deep Breath"],"campfire_rested":0,"item_purchase_floors":[19,19,28,28],"current_hp_per_floor":[53,41,41,38,25,25,11,20,20,8,9,9,28,28,37,40,60,46,46,46,46,46,48,60,42,42,38,38,43,0,0],"gold":38,"neow_bonus":"TWO_FIFTY_GOLD","is_daily":false,"chose_seed":false,"campfire_upgraded":4,"win_rate":0.0,"timestamp":1613803768,"path_taken":["M","M","?","M","M","R","E","R","T","?","E","?","?","?","R","BOSS","M","?","?","?","?","NM","R","?","T","E","$","M","?"],"items_purchased_type":["Relic","Card","Card","Card"],"build_version":"2020-12-22","purchased_purges":2,"victory":false,"max_hp_per_floor":[60,60,60,61,62,62,63,63,63,64,65,65,65,65,65,66,66,67,67,67,67,67,68,68,69,69,70,70,76,77,77],"card_choices":[{"not_picked":["Potential","Ricochet"],"picked":"Manipulate","floor":1},{"not_picked":["Ricochet","Spin"],"picked":"Misdirection","floor":2},{"not_picked":["Foresight","Alleviate"],"picked":"TimeWarp","floor":4},{"not_picked":["ShatteredReality","Moonlight"],"picked":"StarChef","floor":5},{"not_picked":["Defy","BottledTime"],"picked":"Hightail","floor":7},{"not_picked":["Rearm","Rewind"],"picked":"Potential","floor":10},{"not_picked":["Rewind","Shuttle"],"picked":"FloweringNight+1","floor":11},{"not_picked":["SilverMatrix+1","PendulumOfEternity"],"picked":"MurderousAura+1","floor":16},{"not_picked":["Defy","BottledTime"],"picked":"BestPractice+1","floor":18},{"not_picked":["MoonPhase+1","DoubleEdge"],"picked":"Contraction","floor":23},{"not_picked":["Replace","BottledTime"],"picked":"Potential","floor":25},{"not_picked":["Ricochet+1","Potential"],"picked":"Hightail","floor":27},{"not_picked":["Rearm","Defy"],"picked":"SpecialFormula","floor":29}],"player_experience":2203677,"relics_obtained":[{"floor":7,"key":"Eternal Feather"},{"floor":9,"key":"Tiny Chest"},{"floor":11,"key":"Frozen Egg 2"},{"floor":14,"key":"Snack Pack"},{"floor":21,"key":"Whetstone"},{"floor":22,"key":"Grinning Jar"},{"floor":23,"key":"Gremlin Horn"},{"floor":26,"key":"Mercury Hourglass"},{"floor":27,"key":"infinitespire:Beetle Shell"}],"event_choices":[{"damage_healed":0,"gold_gain":0,"player_choice":"Trade","damage_taken":0,"relics_obtained":["FaceOfCleric"],"max_hp_gain":0,"max_hp_loss":0,"event_name":"FaceTrader","floor":3,"gold_loss":0},{"damage_healed":0,"gold_gain":30,"player_choice":"Searched \u00271\u0027 times","damage_taken":0,"max_hp_gain":0,"max_hp_loss":0,"event_name":"Dead Adventurer","floor":12,"gold_loss":0},{"damage_healed":0,"gold_gain":0,"player_choice":"Fight","damage_taken":0,"max_hp_gain":0,"max_hp_loss":0,"event_name":"Colosseum","floor":30,"gold_loss":0},{"damage_healed":0,"gold_gain":0,"player_choice":"Fought Nobs","damage_taken":0,"max_hp_gain":0,"max_hp_loss":0,"event_name":"Colosseum","floor":30,"gold_loss":0}],"is_beta":false,"boss_relics":[{"not_picked":["Empty Cage","Runic Pyramid"],"picked":"hubris:Backtick"}],"items_purged_floors":[19,28],"is_endless":false,"potions_floor_spawned":[4,5,11,16,18,25,29],"killed_by":"Colosseum Nobs","ascension_level":20}}