{"host":"hemqwg9ve6welna9","time":1613792513,"event":{"mods":["2.2 Compatiblity","AchievementEnabler","Act Like it!","BaseMod","Beaked The Cultist","Bestiary","Better Match","Better Note","Better Third Choice","BetterRewards","Conspire","Curses Come First","Dio Mod","Downfall","Gremlin Mod","Hermit","Highlight Path","Hubris","Melee Mod","Minty Spire (QoL Compilation)","Permanent Neow","Potionbrewer","Quick Restart","Rare Cards Sparkle","Relic Stats","Reliquary","Robot Space Explorer","Ruina","SOS???????","Shop Mod","StSLib","SuperFastMode","Td1madao Mod","The Bug Knight","The Cursed","The Disciple","The Forsaken","The Hierophant","The Jungle","The Marked","The Runesmith","The Senshi","The Servant 0.9.4","The Wild Card","TheBandit","TheVacant","UnlockEverythingMod","everything is the same but u backflip on backflip"],"gold_per_floor":[112,122,41,41,41,57,57,73,145,145,164,126,101,1,1,106,106,116,135,135,101,118,118,118,129,177,177,15,13,25,25,25,25,25],"floor_reached":33,"language":"ENG","playtime":2951,"items_purged":[],"score":337,"play_id":"2d53c898-1bc5-4581-9be3-7c575392c0e5","local_time":"20210219214153","is_ascension_mode":false,"campfire_choices":[{"data":"Enlightenment","floor":7,"key":"SMITH"},{"data":"Machining","floor":10,"key":"SMITH"},{"data":"Reinforcement Parts","floor":15,"key":"SMITH"},{"data":"Optimization","floor":23,"key":"SMITH"},{"floor":27,"key":"REST"},{"data":"Apotheosis","floor":32,"key":"SMITH"}],"circlet_count":0,"master_deck":["Strike_C","Strike_C","Strike_C","Strike_C","Defend_C","Defend_C","Defend_C","Defend_C","Knight Kick","Chip","Provocative","Machining+1","Recovery Mechanism","Afterwards","Enlightenment+1","Fire Blade","Twin Teeth","Floating Swing Kick+1","Sudden Beat+1","Here Defend Chip","Reinforcement Parts+1","Optimization+1","CurseOfTheBell","Here Defend Chip","Black Execution+1","Bugfix","Black Shadow+1","Floating Swing Kick+1","Apotheosis+1","Lunge+1","Format All Data","Writhe"],"relics":["Apod","potionbrewer:Torch","Molten Egg 2","betterThird:SlimedRelic","Calling Bell","Nunchaku","conspire:BottledYoYo","conspire:InfiniteJournal","Blood Vial","potionbrewer:SlideRule"],"acts_visited":["Exordium","TheCity"],"potions_floor_usage":[11,18,29,30,33,33],"damage_taken":[{"damage":7,"enemies":"Cultist","floor":1,"turns":4},{"damage":0,"enemies":"conspire:RoseBush","floor":2,"turns":2},{"damage":0,"enemies":"2 Louse","floor":6,"turns":3},{"damage":17,"enemies":"Exordium Thugs","floor":8,"turns":4},{"damage":6,"enemies":"2 Fungi Beasts","floor":11,"turns":3},{"damage":43,"enemies":"The Guardian","floor":16,"turns":9},{"damage":27,"enemies":"3 Byrds","floor":18,"turns":6},{"damage":12,"enemies":"conspire:HollyBat","floor":19,"turns":13},{"damage":4,"enemies":"3 Cultists","floor":22,"turns":6},{"damage":11,"enemies":"Shelled Parasite and Fungi","floor":25,"turns":7},{"damage":0,"enemies":"Chosen and Byrds","floor":29,"turns":3},{"damage":3,"enemies":"Snecko","floor":30,"turns":5},{"damage":53,"enemies":"Collector","floor":33,"turns":6}],"seed_played":"-4936433810021465966","potions_obtained":[{"floor":5,"key":"hexamod:SoulburnPotion"},{"floor":5,"key":"DuplicationPotion"},{"floor":5,"key":"FairyPotion"},{"floor":11,"key":"bronze:BurnAndBuffPotion"},{"floor":16,"key":"hexamod:SoulburnPotion"},{"floor":22,"key":"Energy Potion"},{"floor":25,"key":"Slimebound:ThreeZeroPotion"},{"floor":29,"key":"PowerPotion"}],"is_trial":false,"path_per_floor":["M","M","$","?","?","M","R","M","T","R","M","?","$","$","R","B",null,"M","M","?","$","M","R","?","M","T","R","$","M","M","?","R","B"],"character_chosen":"TD1MADAO_CLASS","items_purchased":["potionbrewer:Torch","Provocative","Machining","Enlightenment","Sudden Beat+1","Here Defend Chip","Reinforcement Parts","Bugfix","Apotheosis"],"campfire_rested":1,"item_purchase_floors":[0,0,0,3,13,14,14,21,28],"current_hp_per_floor":[56,56,56,56,56,56,56,39,39,39,33,22,22,22,22,7,70,43,31,31,31,27,27,27,16,16,37,37,39,38,38,38,0,0],"gold":25,"neow_bonus":"","is_daily":false,"chose_seed":false,"campfire_upgraded":5,"win_rate":0.0,"timestamp":1613792513,"path_taken":["M","M","?","?","?","M","R","M","T","R","?","?","?","$","R","BOSS","M","M","?","?","M","R","?","M","T","R","$","M","?","?","R","BOSS"],"items_purchased_type":["Relic","Card","Card","Card","Card","Card","Card","Card","Card"],"build_version":"2020-12-22","purchased_purges":0,"victory":false,"max_hp_per_floor":[70,70,70,70,70,70,70,70,70,70,70,70,70,70,70,70,70,70,70,70,70,70,70,70,70,70,70,70,70,70,70,70,70,70],"relic_stats":{"Blood Vial":6,"Nunchaku":[10],"counters":[35,183],"obtain_stats":[{"Gremlin Horn":26,"reliquary:Aerogel":12,"potionbrewer:AlchemistFlask":6,"conspire:TopHat":3,"conspire:InfiniteJournal":17,"Blood Vial":26,"Frozen Eye":18,"Nunchaku":17,"Potion Belt":8,"conspire:TreasureMap":28,"hubris:DuctTape":27,"Golden Idol":7,"reliquary:WeakTea":9,"hubris:Towel":9,"Akabeko":24,"potionbrewer:Torch":0,"Calling Bell":17,"hubris:Spice":14,"betterThird:SlimedRelic":12,"Pandora\u0027s Box":17,"Molten Egg 2":9,"hubris:BundleOfHerbs":7,"Bag of Marbles":0,"hubris:TenFootPole":2,"conspire:BottledYoYo":17,"Apod":0,"Bottled Lightning":10,"potionbrewer:SlideRule":31,"hubris:OldNail":11},{"Gremlin Horn":20,"reliquary:Aerogel":15,"potionbrewer:AlchemistFlask":4,"conspire:TopHat":12,"conspire:InfiniteJournal":28,"Blood Vial":32,"Frozen Eye":17,"Nunchaku":28,"Potion Belt":8,"conspire:TreasureMap":21,"hubris:DuctTape":21,"Golden Idol":7,"reliquary:WeakTea":8,"hubris:Towel":4,"Akabeko":20,"potionbrewer:Torch":22,"Calling Bell":28,"hubris:Spice":16,"betterThird:SlimedRelic":27,"Pandora\u0027s Box":17,"Molten Egg 2":26,"hubris:BundleOfHerbs":4,"Bag of Marbles":0,"hubris:TenFootPole":6,"conspire:BottledYoYo":28,"Apod":0,"Bottled Lightning":8,"potionbrewer:SlideRule":34,"hubris:OldNail":14},{"Gremlin Horn":105,"reliquary:Aerogel":75,"potionbrewer:AlchemistFlask":21,"conspire:TopHat":59,"conspire:InfiniteJournal":137,"Blood Vial":169,"Frozen Eye":89,"Nunchaku":137,"Potion Belt":40,"conspire:TreasureMap":111,"hubris:DuctTape":111,"Golden Idol":32,"reliquary:WeakTea":40,"hubris:Towel":21,"Akabeko":105,"potionbrewer:Torch":112,"Calling Bell":137,"hubris:Spice":81,"betterThird:SlimedRelic":128,"Pandora\u0027s Box":89,"Molten Egg 2":125,"hubris:BundleOfHerbs":21,"Bag of Marbles":0,"hubris:TenFootPole":28,"conspire:BottledYoYo":137,"Apod":0,"Bottled Lightning":40,"potionbrewer:SlideRule":177,"hubris:OldNail":70}]},"card_choices":[{"not_picked":["Floating Swing Kick","Judgment"],"picked":"Recovery Mechanism","floor":1},{"not_picked":["Coercion","Rupture"],"picked":"Afterwards","floor":2},{"not_picked":["Money Cant Rescue","Resistance"],"picked":"Fire Blade","floor":6},{"not_picked":["White Contract","Sudden Beat"],"picked":"Twin Teeth","floor":8},{"not_picked":["Black Dance+1","Perfect Defend"],"picked":"Floating Swing Kick+1","floor":11},{"not_picked":["Memory Alloy","Backup"],"picked":"Optimization","floor":16},{"not_picked":["Money Cant Rescue","Preparedness"],"picked":"Here Defend Chip","floor":18},{"not_picked":["Awareness+1","Fixing+1"],"picked":"Black Execution+1","floor":19},{"not_picked":["Here Defend Chip","Cursed Blade+1"],"picked":"Black Shadow+1","floor":22},{"not_picked":["Recovery Mechanism","Bugfix"],"picked":"Floating Swing Kick+1","floor":25},{"not_picked":["Fire Blade+1","Here Defend Chip+1"],"picked":"Lunge+1","floor":29},{"not_picked":["Lore+1","Black Hand+1"],"picked":"Format All Data","floor":30}],"player_experience":19309,"relics_obtained":[{"floor":9,"key":"Molten Egg 2"},{"floor":17,"key":"Nunchaku"},{"floor":17,"key":"conspire:BottledYoYo"},{"floor":17,"key":"conspire:InfiniteJournal"},{"floor":26,"key":"Blood Vial"}],"event_choices":[{"damage_healed":0,"gold_gain":0,"player_choice":"Got Potions","damage_taken":0,"max_hp_gain":0,"max_hp_loss":0,"event_name":"Lab","floor":5,"gold_loss":0},{"damage_healed":0,"gold_gain":0,"player_choice":"Slimed","damage_taken":11,"max_hp_gain":0,"max_hp_loss":0,"event_name":"betterThird:BetterGoop","floor":12,"gold_loss":38},{"damage_healed":0,"gold_gain":0,"player_choice":"Ignored","damage_taken":0,"max_hp_gain":0,"max_hp_loss":0,"event_name":"betterNote:BetterNote","floor":20,"gold_loss":0,"cards_obtained":["theForsaken:Preservation"]},{"damage_healed":0,"gold_gain":0,"player_choice":"Bought 0 Potions","damage_taken":0,"max_hp_gain":0,"max_hp_loss":0,"event_name":"The Woman in Blue","floor":24,"gold_loss":0},{"damage_healed":0,"gold_gain":0,"player_choice":"Opened","damage_taken":0,"relics_obtained":["potionbrewer:SlideRule"],"max_hp_gain":0,"max_hp_loss":0,"event_name":"The Mausoleum","floor":31,"gold_loss":0,"cards_obtained":["Writhe"]}],"is_beta":false,"boss_relics":[{"not_picked":["conspire:SeveredTorchhead","reliquary:KinkedSpring"],"picked":"Calling Bell"}],"items_purged_floors":[],"is_endless":false,"potions_floor_spawned":[8,11,16,22,25,29],"killed_by":"Collector","ascension_level":0}}