{"host":"pft5kheyb7v7gger","time":1613789334,"event":{"mods":["Act Like it!","BaseMod","Downfall","Energized Spire","Gensokyo","LagranYue(¿≠∏Ò¿ °§‘¬)","Marisa£®ÏF”Í°°ƒß¿Ì…≥£©","Minty Spire (QoL Compilation)","Reimu£®≤©¿ˆ¡È√Œ£©","Replay The Spire","StSLib","The Animator","°æ“≈ŒÔø®≈∆°øREMEMod"],"gold_per_floor":[124,177,196,196,213,213,213],"floor_reached":6,"language":"ZHS","playtime":437,"items_purged":[],"score":61,"play_id":"aead1c4f-7f70-4094-b1f6-8246e07432c0","local_time":"20210220104854","is_ascension_mode":false,"campfire_choices":[],"circlet_count":0,"master_deck":["animator:Strike_Konosuba","animator:Defend_Konosuba","animator:Strike","animator:Strike","animator:Strike","animator:Defend","animator:Defend","animator:Defend","animator:Kazuma","animator:Aqua","Feed","animator:Darkness","animator:Cocytus","animator:Boros"],"relics":["animator:LivingPicture","animator:TheMissingPiece","REME_ComplimentaryCards","LagranYue:RandomDrawCardRelic"],"acts_visited":["Exordium"],"potions_floor_usage":[6,6],"damage_taken":[{"damage":1,"enemies":"2 Louse","floor":1,"turns":4},{"damage":3,"enemies":"Jaw Worm","floor":3,"turns":7},{"damage":5,"enemies":"Cultist","floor":5,"turns":6},{"damage":91,"enemies":"Gremlin Nob","floor":6,"turns":6}],"seed_played":"2426813552130194917","potions_obtained":[{"floor":3,"key":"Adrenaline Potion"},{"floor":4,"key":"Milkshake"},{"floor":4,"key":"LiquidMemories"}],"is_trial":false,"path_per_floor":["M","?","M","?","M","E"],"character_chosen":"THE_ANIMATOR","items_purchased":[],"campfire_rested":0,"item_purchase_floors":[],"current_hp_per_floor":[75,75,75,75,75,0,0],"gold":213,"neow_bonus":"TEN_PERCENT_HP_BONUS","is_daily":false,"chose_seed":false,"campfire_upgraded":0,"win_rate":0.0,"timestamp":1613789334,"path_taken":["M","?","M","?","M","E"],"items_purchased_type":[],"build_version":"2020-12-22","purchased_purges":0,"victory":false,"max_hp_per_floor":[75,75,78,78,81,81,81],"card_choices":[{"not_picked":["animator:Kazuma","animator:Sonic"],"picked":"animator:Darkness","floor":1},{"not_picked":["animator:Entoma","animator:GazelDwargon"],"picked":"animator:Cocytus","floor":3},{"not_picked":["animator:Hakurou","animator:Elsword"],"picked":"animator:Boros","floor":5}],"player_experience":336653,"relics_obtained":[],"event_choices":[{"damage_healed":0,"gold_gain":53,"player_choice":"Gained Gold","damage_taken":0,"max_hp_gain":0,"max_hp_loss":0,"event_name":"Golden Wing","floor":2,"gold_loss":0},{"damage_healed":0,"gold_gain":0,"player_choice":"Got Potions","damage_taken":0,"max_hp_gain":0,"max_hp_loss":0,"event_name":"Lab","floor":4,"gold_loss":0}],"is_beta":false,"boss_relics":[],"items_purged_floors":[],"is_endless":false,"potions_floor_spawned":[3],"killed_by":"Gremlin Nob","ascension_level":0}}