{"host":"skr63qsdfgeey3it","time":1613858763,"event":{"mods":["BaseMod","Colored Map","Hubris","Minty Spire (QoL Compilation)","Monster B Gone","Reliquary","Replay The Spire","Spicy Shops","StSLib"],"gold_per_floor":[113,56,56,56,75,75,110,110,110,149,164,164,164,182,182,278,278,297,9,23,23,23,23,9,39,39,51,51],"floor_reached":27,"language":"ENG","playtime":1182,"items_purged":["Sickly"],"score":502,"play_id":"c85b6dcf-d45a-4b4f-a581-b82b23d3e03b","local_time":"20210220160603","is_ascension_mode":true,"campfire_choices":[{"floor":6,"key":"REST"},{"data":"Zap","floor":8,"key":"SMITH"},{"floor":13,"key":"REST"},{"floor":23,"key":"REST"}],"circlet_count":0,"master_deck":["AscendersBane","Strike_B","Strike_B","Strike_B","Strike_B","Defend_B","Defend_B","Defend_B","Defend_B","Zap+1","Dualcast","Gash","Defragment+1","Machine Learning","Conserve Battery","Cold Snap","Self Repair","Buffer","Sweeping Beam+1","HandOfGreed","Auto Shields","Streamline"],"relics":["Cracked Core","NeowsBlessing","Bloody Idol","hubris:TenFootPole","Eternal Feather","reliquary:OuijaBoard","Ancient Tea Set","hubris:Towel","Philosopher\u0027s Stone","Membership Card","ReplayTheSpireMod:CursedCoin","Iron Hammer","Lantern","Replay:Bandana"],"acts_visited":["Exordium","TheCity"],"potions_floor_usage":[16,18,27],"damage_taken":[{"damage":0,"enemies":"Small Slimes","floor":1,"turns":1},{"damage":0,"enemies":"2 Louse","floor":5,"turns":1},{"damage":0,"enemies":"3 Sentries","floor":7,"turns":1},{"damage":34,"enemies":"Gremlin Nob","floor":10,"turns":4},{"damage":7,"enemies":"Jaw Worm","floor":11,"turns":2},{"damage":7,"enemies":"Large Slime","floor":14,"turns":5},{"damage":37,"enemies":"Hexaghost","floor":16,"turns":11},{"damage":36,"enemies":"Spheric Guardian","floor":18,"turns":6},{"damage":27,"enemies":"2 Thieves","floor":20,"turns":4},{"damage":39,"enemies":"Gremlin Leader","floor":25,"turns":11},{"damage":24,"enemies":"Book of Stabbing","floor":27,"turns":4}],"seed_played":"-6407056335601431885","potions_obtained":[{"floor":10,"key":"LiquidMemories"},{"floor":15,"key":"SteroidPotion"},{"floor":15,"key":"Doom Potion"},{"floor":16,"key":"DuplicationPotion"}],"is_trial":false,"path_per_floor":["M","$","?","?","M","R","E","R","T","E","M","?","R","M","R_BF","B",null,"M","$","M","?","?","R","$","E","T","E"],"character_chosen":"DEFECT","items_purchased":["Defragment+1","HandOfGreed","Membership Card","Auto Shields","ReplayTheSpireMod:CursedCoin","Iron Hammer"],"campfire_rested":3,"item_purchase_floors":[2,19,19,19,24,24],"current_hp_per_floor":[64,64,59,35,35,56,56,56,56,22,15,15,45,38,47,17,58,29,29,9,9,9,42,47,23,23,0,0],"gold":51,"neow_bonus":"THREE_ENEMY_KILL","is_daily":false,"chose_seed":false,"campfire_upgraded":1,"win_rate":0.0,"timestamp":1613858763,"path_taken":["M","$","?","?","M","R","E","R","T","E","M","?","R","M","R_BF","BOSS","M","$","M","?","?","R","$","E","T","E"],"items_purchased_type":["Card","Card","Relic","Card","Relic","Relic"],"build_version":"2020-12-22","purchased_purges":1,"victory":false,"max_hp_per_floor":[71,71,71,71,71,71,71,71,71,71,71,71,71,71,71,71,71,71,71,71,71,71,71,71,71,71,71,71],"card_choices":[{"not_picked":["Go for the Eyes","Hologram"],"picked":"Gash","floor":1},{"not_picked":["Compile Driver","Ball Lightning"],"picked":"Machine Learning","floor":5},{"not_picked":["Genetic Algorithm","Rip and Tear","Go for the Eyes"],"picked":"SKIP","floor":7},{"not_picked":["Fusion","Sunder"],"picked":"Conserve Battery","floor":10},{"not_picked":["Leap","Barrage"],"picked":"Cold Snap","floor":11},{"not_picked":["Static Discharge","Barrage"],"picked":"Self Repair","floor":14},{"not_picked":["All For One","Multi-Cast"],"picked":"Buffer","floor":16},{"not_picked":["ReplayTheSpireMod:GoodbyeWorld","Genetic Algorithm"],"picked":"Sweeping Beam+1","floor":18},{"not_picked":["ReplayTheSpireMod:Repulse","Compile Driver","Blizzard"],"picked":"SKIP","floor":20},{"not_picked":["Barrage","Steam"],"picked":"Streamline","floor":25}],"player_experience":975669,"relics_obtained":[{"floor":7,"key":"hubris:TenFootPole"},{"floor":9,"key":"Eternal Feather"},{"floor":10,"key":"reliquary:OuijaBoard"},{"floor":10,"key":"Ancient Tea Set"},{"floor":25,"key":"Lantern"},{"floor":26,"key":"Replay:Bandana"}],"event_choices":[{"damage_healed":0,"gold_gain":0,"player_choice":"Success","damage_taken":5,"relics_obtained":["reliquary:FerryPass"],"max_hp_gain":0,"max_hp_loss":0,"event_name":"Scrap Ooze","floor":3,"gold_loss":0},{"damage_healed":0,"gold_gain":0,"player_choice":"Take Damage","damage_taken":24,"relics_obtained":["Golden Idol"],"max_hp_gain":0,"max_hp_loss":0,"event_name":"Golden Idol","floor":4,"gold_loss":0},{"damage_healed":0,"gold_gain":0,"player_choice":"Gave Idol","damage_taken":0,"relics_obtained":["Bloody Idol"],"max_hp_gain":0,"max_hp_loss":0,"event_name":"Forgotten Altar","floor":22,"relics_lost":["Golden Idol"],"gold_loss":0}],"is_beta":false,"boss_relics":[{"not_picked":["hubris:GrandSneckoEye","SacredBark"],"picked":"Philosopher\u0027s Stone"}],"items_purged_floors":[24],"is_endless":false,"potions_floor_spawned":[10,16,25],"killed_by":"Book of Stabbing","ascension_level":15}}