{"host":"cfv8orgc8997ql4r","time":1613838409,"event":{"mods":["AchievementEnabler","BaseMod","DeckTracker","Keyboard Shortcuts","Minty Spire (QoL Compilation)"],"gold_per_floor":[115,65,84,84,9,52,52,68,68,14,14,29,29,43,43,171,234,248,3,24,24,24],"floor_reached":21,"language":"KOR","playtime":473,"items_purged":["Injury"],"score":275,"play_id":"df349016-55cd-4767-8fac-0bf31f24c852","local_time":"20210221012649","is_ascension_mode":true,"campfire_choices":[{"data":"Burst","floor":7,"key":"SMITH"},{"data":"Cloak And Dagger","floor":11,"key":"SMITH"},{"data":"Storm of Steel","floor":15,"key":"SMITH"}],"circlet_count":0,"master_deck":["Strike_G","Strike_G","Strike_G","Strike_G+1","Defend_G","Defend_G","Defend_G","Defend_G","Survivor","Neutralize","Blade Dance","Blade Dance","Burst+1","Cloak And Dagger+1","Blade Dance","Dagger Spray","Storm of Steel+1","Cloak And Dagger","Adrenaline","PiercingWail"],"relics":["Ring of the Snake","NeowsBlessing","Golden Idol","The Specimen","Pocketwatch","Tiny House","Toxic Egg 2"],"acts_visited":["Exordium","TheCity"],"potions_floor_usage":[20],"damage_taken":[{"damage":0,"enemies":"Jaw Worm","floor":1,"turns":1},{"damage":0,"enemies":"Small Slimes","floor":3,"turns":1},{"damage":0,"enemies":"Lagavulin","floor":6,"turns":1},{"damage":0,"enemies":"Cultist","floor":8,"turns":3},{"damage":0,"enemies":"Exordium Wildlife","floor":12,"turns":4},{"damage":0,"enemies":"Lots of Slimes","floor":14,"turns":1},{"damage":55,"enemies":"Hexaghost","floor":16,"turns":12},{"damage":0,"enemies":"Spheric Guardian","floor":18,"turns":2},{"damage":4,"enemies":"Chosen","floor":20,"turns":3},{"damage":7,"enemies":"Snake Plant","floor":21,"turns":3}],"seed_played":"4991272921542412789","potions_obtained":[{"floor":1,"key":"DuplicationPotion"},{"floor":12,"key":"EssenceOfSteel"},{"floor":14,"key":"Dexterity Potion"},{"floor":16,"key":"Dexterity Potion"},{"floor":17,"key":"Fire Potion"},{"floor":18,"key":"DistilledChaos"}],"is_trial":false,"path_per_floor":["M","?","M","?","$","E","R","M","T","$","R","M","?","M","R","B",null,"M","$","M","M"],"character_chosen":"THE_SILENT","items_purchased":["Blade Dance","Toxic Egg 2"],"campfire_rested":0,"item_purchase_floors":[10,19],"current_hp_per_floor":[63,63,63,63,63,63,63,63,63,63,63,63,63,63,63,8,60,60,60,56,49,49],"gold":24,"neow_bonus":"THREE_ENEMY_KILL","is_daily":false,"chose_seed":false,"campfire_upgraded":3,"win_rate":0.0,"timestamp":1613838409,"path_taken":["M","?","M","?","$","E","R","M","T","?","R","?","?","?","R","BOSS","M","$","M","M"],"items_purchased_type":["Card","Relic"],"build_version":"2020-12-22","purchased_purges":1,"victory":false,"max_hp_per_floor":[70,70,70,70,70,70,70,70,70,70,70,70,70,70,70,70,75,75,75,75,75,75],"card_choices":[{"not_picked":["Deflect","Acrobatics"],"picked":"Blade Dance","floor":1},{"not_picked":["Deflect","Poisoned Stab"],"picked":"Blade Dance","floor":3},{"not_picked":["Glass Knife","Backflip"],"picked":"Burst","floor":6},{"not_picked":["Dash","Noxious Fumes"],"picked":"Cloak And Dagger","floor":8},{"not_picked":["Outmaneuver","Dash"],"picked":"Dagger Spray","floor":12},{"not_picked":["Acrobatics","Dodge and Roll"],"picked":"Cloak And Dagger","floor":14},{"not_picked":["Unload","Corpse Explosion"],"picked":"Adrenaline","floor":16},{"not_picked":["Underhanded Strike","Cloak And Dagger"],"picked":"PiercingWail","floor":18},{"not_picked":["Riddle With Holes+1","Dash","Deflect+1"],"picked":"SKIP","floor":20}],"player_experience":204671,"relics_obtained":[{"floor":6,"key":"The Specimen"},{"floor":9,"key":"Pocketwatch"}],"event_choices":[{"cards_removed":["Strike_G"],"damage_healed":0,"gold_gain":0,"player_choice":"Card Removal","damage_taken":0,"max_hp_gain":0,"max_hp_loss":0,"event_name":"The Cleric","floor":2,"gold_loss":50},{"damage_healed":0,"gold_gain":0,"player_choice":"Take Wound","damage_taken":0,"relics_obtained":["Golden Idol"],"max_hp_gain":0,"max_hp_loss":0,"event_name":"Golden Idol","floor":4,"gold_loss":0,"cards_obtained":["Injury"]},{"damage_healed":0,"gold_gain":0,"cards_transformed":["Defend_G"],"player_choice":"Transformed","damage_taken":0,"max_hp_gain":0,"max_hp_loss":0,"event_name":"Transmorgrifier","floor":13,"gold_loss":0,"cards_obtained":["Storm of Steel"]}],"is_beta":false,"boss_relics":[{"not_picked":["SlaversCollar","Fusion Hammer"],"picked":"Tiny House"}],"items_purged_floors":[5],"is_endless":false,"potions_floor_spawned":[1,12,14,16,18],"killed_by":"Snake Plant","ascension_level":7}}