{"host":"u0qetpmu4y58k1tf","time":1613788389,"event":{"mods":["100% Spire Juice","AchievementEnabler","Act Like it!","BaseMod","CapriCore","Colored Map","Colored Powertips","Hermit","Koishi","Marisa£¨Ùöéë¡¡Øª×âÞÞ£©","Minty Spire (QoL Compilation)","Quick Restart","Reliquary","Replay The Spire","StSLib","Td1madao Mod","The Bug Knight","The Cursed","The Dragon Tamer","The Gatherer","The Hierophant","The Immortal","The Jungle","The Runesmith","WarShipGirlsR/??á´Ò³R mod"],"gold_per_floor":[117,117,292,312,87,87,130,130,202,202,226,244,283,298,298,417,417,440,440,440],"floor_reached":19,"language":"KOR","playtime":939,"items_purged":["Doubt"],"score":253,"play_id":"b1390e85-42c8-4cb4-8777-15ca2aa45852","local_time":"20210220113309","is_ascension_mode":true,"campfire_choices":[{"data":"Concentrate","floor":6.0,"key":"SMITH"},{"data":"Tactician","floor":8.0,"key":"SMITH"},{"data":"Hidden Blade","floor":10.0,"key":"SMITH"}],"circlet_count":0,"master_deck":["Strike_G","Strike_G","Strike_G","Strike_G","Strike_G","Defend_G","Defend_G","Defend_G","Defend_G","Defend_G","Survivor","Neutralize","Tactician+1","Concentrate+1","Hidden Blade+1","Reprogram","rmod:desperatesituation","Cooling Song+1","DTMod:Cover","rmod:saltedfish","TheCursedMod:Dregs","Koishi:ReflexRadar"],"relics":["Ring of the Snake","NeowsBlessing","Golden Idol","PrismaticShard","Omamori","Kunai","Replay:Ancient Bell","PreservedInsect","ReplayTheSpireMod:Shallot","Tingsha"],"acts_visited":["Exordium","TheCity"],"potions_floor_usage":[19],"damage_taken":[{"damage":0.0,"enemies":"Small Slimes","floor":1.0,"turns":1.0},{"damage":0.0,"enemies":"Cultist","floor":4.0,"turns":1.0},{"damage":0.0,"enemies":"Lagavulin","floor":7.0,"turns":1.0},{"damage":8.0,"enemies":"Jaw Worm","floor":11.0,"turns":6.0},{"damage":5.0,"enemies":"Looter","floor":12.0,"turns":5.0},{"damage":26.0,"enemies":"Gremlin Nob","floor":13.0,"turns":5.0},{"damage":13.0,"enemies":"Exordium Wildlife","floor":14.0,"turns":7.0},{"damage":31.0,"enemies":"Fading Forest","floor":16.0,"turns":11.0},{"damage":37.0,"enemies":"3 Byrds","floor":18.0,"turns":10.0},{"damage":34,"enemies":"Masked Bandits","floor":19,"turns":5}],"seed_played":"-4783412424042054389","potions_obtained":[{"floor":1.0,"key":"Weak Potion"},{"floor":7.0,"key":"Adrenaline Potion"},{"floor":11.0,"key":"Weak Potion"},{"floor":13.0,"key":"Weak Potion"},{"floor":16.0,"key":"Adrenaline Potion"},{"floor":18.0,"key":"Regen Potion"}],"is_trial":false,"path_per_floor":["M","?","?","M","$","R","E","R","T","R","M","M","E","M","R_BF","B",null,"M","?"],"character_chosen":"THE_SILENT","items_purchased":["PrismaticShard"],"campfire_rested":0,"item_purchase_floors":[5],"current_hp_per_floor":[70,53,53,53,53,53,53,53,53,53,45,40,14,1,22,1,53,16,0,0],"gold":440,"neow_bonus":"THREE_ENEMY_KILL","is_daily":false,"chose_seed":false,"campfire_upgraded":3,"win_rate":0.0,"timestamp":1613788389,"path_taken":["M","?","?","M","$","R","E","R","T","R","M","M","E","M","R_BF","BOSS","M","?"],"items_purchased_type":["Relic"],"build_version":"2020-12-22","purchased_purges":1,"victory":false,"max_hp_per_floor":[70,70,70,70,70,70,70,70,70,70,70,70,70,70,70,70,70,70,70,70],"card_choices":[{"not_picked":["Predator","Hidden Blade"],"picked":"Tactician","floor":1.0},{"not_picked":["Slice","Predator"],"picked":"Concentrate","floor":4.0},{"not_picked":["HollowMod:ShadowDash","hermit:TrackingShot"],"picked":"Hidden Blade","floor":7.0},{"not_picked":["White Contract","WitchOfGreed"],"picked":"Reprogram","floor":11.0},{"not_picked":["DoubleSpark","Winding Magic"],"picked":"rmod:desperatesituation","floor":12.0},{"not_picked":["DTMod:Overwhelm","Replay:BasicMightCard"],"picked":"Cooling Song","floor":13.0},{"not_picked":["hierophant:Smite","MokouMod:HeartofFire"],"picked":"DTMod:Cover","floor":14.0},{"not_picked":["Replay:AllIn","Gatherer:ScrollOfPurity"],"picked":"rmod:saltedfish","floor":16.0},{"not_picked":["Delirium","Regret"],"picked":"Normality","floor":17.0},{"not_picked":["Looming Evil","Wraith"],"picked":"Spreading Infection","floor":17.0},{"not_picked":["Overencumbered","Sickly"],"picked":"TheCursedMod:Dregs","floor":17.0},{"not_picked":["Runesmith:Prism+1","Second Wind"],"picked":"Koishi:ReflexRadar","floor":18.0}],"player_experience":168757,"relics_obtained":[{"floor":7.0,"key":"Omamori"},{"floor":13.0,"key":"Kunai"}],"event_choices":[{"damage_healed":0.0,"max_hp_gain":0.0,"max_hp_loss":0.0,"gold_gain":0.0,"event_name":"Golden Idol","player_choice":"Take Damage","floor":2.0,"gold_loss":0.0,"damage_taken":17.0,"relics_obtained":["Golden Idol"]},{"damage_healed":0.0,"max_hp_gain":0.0,"max_hp_loss":0.0,"gold_gain":175.0,"event_name":"Liars Game","player_choice":"AGREE","floor":3.0,"gold_loss":0.0,"damage_taken":0.0,"cards_obtained":["Doubt"]},{"damage_healed":0,"gold_gain":0,"player_choice":"Fought Bandits","damage_taken":0,"max_hp_gain":0,"max_hp_loss":0,"event_name":"Masked Bandits","floor":19,"gold_loss":0}],"is_beta":false,"boss_relics":[{"not_picked":["reliquary:RustamsPendant","Runic Pyramid"],"picked":"Replay:Ancient Bell"},{"not_picked":["MealTicket","reliquary:Aerogel"],"picked":"PreservedInsect"},{"not_picked":["Molten Egg 2","reliquary:TridentHead"],"picked":"ReplayTheSpireMod:Shallot"},{"not_picked":["Pondfish Scales","CaptainsWheel"],"picked":"Tingsha"}],"items_purged_floors":[5],"is_endless":false,"potions_floor_spawned":[1,7,11,13,16,18],"killed_by":"Masked Bandits","ascension_level":5}}