{"host":"8a72fthmlk1o8pdb","time":1613854563,"event":{"mods":["AchievementEnabler","Aspiration","Astrologer","Bard","BaseMod","Beaked The Cultist","Better Altar","Better Match","Better Note","Better Sensory Stone","Better Skull","Better Third Choice","ChefMod","Colored Map","Colored Powertips","Dark Map","Downfall","Friendly Minions","GifTheSpireLib","Googly Eyes","Gremlin Mod","Hermit","Hubris","JesterMod","Jorbs\u0027s Wanderer Trilogy","Marisa????????","Melee Mod","Minty Spire (QoL Compilation)","Monster B Gone","Permanent Neow","Pikachu Mod","Random Character Button","Rare Cards Sparkle","Relic Filter Mod","Relic Stats","Reliquary","Robot Space Explorer","Shade Mod","Shop Mod","Smile Girya","Somnambulant","Spire Arcade","Spire Birthday Party","StSLib","The Animator","The Blue Laboratory","The Construct","The Cursed","The Disciple","The Edgeheg","The Hayseed","The Hierophant","The Juggle","The Jungle","The Marked","The Mystic","The Necromancer","The Poker Player","The Problem Sleuth","The Runesmith","The Showman","TheBandit","TheFirefly","TheVacant","everything is the same but u backflip on backflip","thorton"],"gold_per_floor":[111,70,70,2,21,55,67,67,67,167,167,187,200,215,215,310,310,326,326,34,48,48,48,74,74,74,86,86,86,105,205,205,205,205],"floor_reached":33,"language":"ENG","playtime":1257,"items_purged":[],"score":305,"play_id":"ec986bad-1e6a-4248-8f68-b57d1e118de2","local_time":"20210220125603","is_ascension_mode":true,"campfire_choices":[{"data":"Hologram","floor":8,"key":"SMITH"},{"data":"Rebound","floor":11,"key":"SMITH"},{"data":"Hologram","floor":15,"key":"SMITH"},{"data":"Hologram","floor":23,"key":"SMITH"},{"data":"Gash","floor":25,"key":"SMITH"},{"floor":28,"key":"REST"},{"data":"Reprogram","floor":32,"key":"SMITH"}],"circlet_count":0,"master_deck":["Strike_B","Strike_B","Strike_B","Defend_B","Defend_B","Defend_B","Defend_B","Zap","Dualcast","Hologram+1","Hyperbeam","Defragment","Rebound+1","Gash","Streamline","Hologram+1","Hologram+1","Core Surge","Redo+1","Gash+1","Beam Cell+1","Sweeping Beam+1","Reprogram+1"],"relics":["Cracked Core","NeowsBlessing","betterThird:SlimedRelic","aspiration:MysteriousAuxiliaryCore","hubris:Metronome","hubris:TerracottaHorce","Bottled Flame","theSleuth:SaltedMelon","theSleuth:SaltedMelon","TungstenRod","Question Card","hubris:TenFootPole","Pocketwatch","hubris:Reverence"],"acts_visited":["Exordium","TheCity"],"potions_floor_usage":[13,18,24,24,31],"damage_taken":[{"damage":0,"enemies":"Small Slimes","floor":1,"turns":1},{"damage":0,"enemies":"2 Louse","floor":5,"turns":1},{"damage":0,"enemies":"Gremlin Nob","floor":6,"turns":1},{"damage":0,"enemies":"Cultist","floor":7,"turns":2},{"damage":2,"enemies":"Blue Slaver","floor":12,"turns":2},{"damage":5,"enemies":"Lots of Slimes","floor":13,"turns":2},{"damage":0,"enemies":"3 Louse","floor":14,"turns":1},{"damage":14,"enemies":"Hexaghost","floor":16,"turns":8},{"damage":2,"enemies":"Chosen","floor":18,"turns":3},{"damage":11,"enemies":"3 Byrds","floor":21,"turns":4},{"damage":6,"enemies":"Slavers","floor":24,"turns":2},{"damage":22,"enemies":"Snake Plant","floor":27,"turns":4},{"damage":3,"enemies":"Centurion and Healer","floor":30,"turns":4},{"damage":8,"enemies":"Colosseum Slavers","floor":31,"turns":3},{"damage":0,"enemies":"Colosseum Nobs","floor":31,"turns":3},{"damage":71,"enemies":"Collector","floor":33,"turns":6}],"seed_played":"-5003519133651866347","potions_obtained":[{"floor":6,"key":"blueLaboratory:LouseDecoction"},{"floor":12,"key":"blueLaboratory:TeslaPotion"},{"floor":14,"key":"LiquidMemories"},{"floor":16,"key":"blueLaboratory:NullPotion"},{"floor":18,"key":"blueLaboratory:HorrorPotion"},{"floor":21,"key":"Explosive Potion"},{"floor":24,"key":"blueLaboratory:NullPotion"}],"is_trial":false,"path_per_floor":["M","?","?","$","M","E","M","R","T","?","R","M","M","M","R","B",null,"M","?","$","M","?","R","E","R","T","M","R","?","M","?","R","B"],"character_chosen":"DEFECT","items_purchased":["Defragment","Gash","Bottled Flame"],"campfire_rested":1,"item_purchase_floors":[4,20,20],"current_hp_per_floor":[75,64,64,64,64,64,64,64,64,64,64,62,57,57,57,43,67,65,65,65,54,54,56,50,52,52,30,56,56,53,45,47,0,0],"gold":205,"neow_bonus":"THREE_ENEMY_KILL","is_daily":false,"chose_seed":false,"campfire_upgraded":6,"win_rate":0.0,"timestamp":1613854563,"path_taken":["M","?","?","$","?","E","M","R","T","?","R","M","?","M","R","BOSS","M","?","$","M","?","R","E","R","T","M","R","?","?","?","R","BOSS"],"items_purchased_type":["Card","Card","Relic"],"build_version":"2020-12-22","purchased_purges":0,"victory":false,"max_hp_per_floor":[75,75,75,75,75,75,75,75,75,75,75,75,75,75,75,75,75,75,75,75,75,75,77,77,79,79,79,81,81,81,81,83,83,83],"relic_stats":{"counters":[16,47],"Question Card":3,"obtain_stats":[{"theSleuth:SaltedMelon":22,"hubris:Metronome":9,"NeowsBlessing":0,"Question Card":26,"hubris:TerracottaHorce":17,"Bottled Flame":20,"betterThird:SlimedRelic":2,"hubris:TenFootPole":29,"aspiration:MysteriousAuxiliaryCore":6,"Cracked Core":0,"TungstenRod":24,"Pocketwatch":31,"hubris:Reverence":31},{"theSleuth:SaltedMelon":10,"hubris:Metronome":4,"NeowsBlessing":0,"Question Card":11,"hubris:TerracottaHorce":8,"Bottled Flame":9,"betterThird:SlimedRelic":1,"hubris:TenFootPole":12,"aspiration:MysteriousAuxiliaryCore":3,"Cracked Core":0,"TungstenRod":11,"Pocketwatch":15,"hubris:Reverence":15},{"theSleuth:SaltedMelon":25,"hubris:Metronome":5,"NeowsBlessing":0,"Question Card":27,"hubris:TerracottaHorce":18,"Bottled Flame":21,"betterThird:SlimedRelic":1,"hubris:TenFootPole":31,"aspiration:MysteriousAuxiliaryCore":3,"Cracked Core":0,"TungstenRod":27,"Pocketwatch":41,"hubris:Reverence":41}],"TungstenRod":11,"Pocketwatch":[3]},"card_choices":[{"not_picked":["Sweeping Beam","Streamline"],"picked":"Hologram","floor":1},{"not_picked":["Darkness","aspiration:Polymerization","Chaos"],"picked":"SKIP","floor":5},{"not_picked":["Conserve Battery","Rainbow"],"picked":"Rebound","floor":6},{"not_picked":["Compile Driver","Double Energy"],"picked":"Gash","floor":7},{"not_picked":["Barrage","Stack"],"picked":"Streamline","floor":12},{"not_picked":["Skim","Streamline"],"picked":"Hologram","floor":13},{"not_picked":["Fission","Steam"],"picked":"Hologram","floor":14},{"not_picked":["Reboot","Amplify"],"picked":"Core Surge","floor":16},{"not_picked":["Force Field+1","White Noise"],"picked":"Redo+1","floor":18},{"not_picked":["Ball Lightning","Heatsinks","Doom and Gloom"],"picked":"SKIP","floor":21},{"not_picked":["Thunder Strike","Stack","Scrape"],"picked":"SKIP","floor":24},{"not_picked":["Chaos","Capacitor","Steam"],"picked":"Beam Cell+1","floor":27},{"not_picked":["Rebound","Cold Snap","Redo"],"picked":"Sweeping Beam+1","floor":30},{"not_picked":["Glacier+1","Genetic Algorithm","Fusion"],"picked":"Reprogram","floor":31}],"player_experience":243402,"relics_obtained":[{"floor":6,"key":"aspiration:MysteriousAuxiliaryCore"},{"floor":9,"key":"hubris:Metronome"},{"floor":24,"key":"TungstenRod"},{"floor":26,"key":"Question Card"},{"floor":31,"key":"Pocketwatch"},{"floor":31,"key":"hubris:Reverence"}],"event_choices":[{"damage_healed":0,"gold_gain":0,"player_choice":"Slimed","damage_taken":11,"max_hp_gain":0,"max_hp_loss":0,"event_name":"betterThird:BetterGoop","floor":2,"gold_loss":41},{"damage_healed":0,"gold_gain":0,"cards_transformed":["Strike_B"],"player_choice":"Transformed","damage_taken":0,"max_hp_gain":0,"max_hp_loss":0,"event_name":"Transmorgrifier","floor":3,"gold_loss":0,"cards_obtained":["Hyperbeam"]},{"damage_healed":0,"gold_gain":100,"player_choice":"Pray","damage_taken":0,"max_hp_gain":0,"max_hp_loss":0,"event_name":"Golden Shrine","floor":10,"gold_loss":0},{"damage_healed":0,"gold_gain":0,"player_choice":"Gave Potion","damage_taken":0,"relics_obtained":["hubris:TenFootPole"],"max_hp_gain":0,"max_hp_loss":0,"event_name":"WeMeetAgain","floor":29,"gold_loss":0},{"damage_healed":0,"gold_gain":0,"player_choice":"Fight","damage_taken":0,"max_hp_gain":0,"max_hp_loss":0,"event_name":"Colosseum","floor":31,"gold_loss":0},{"damage_healed":0,"gold_gain":0,"player_choice":"Fought Nobs","damage_taken":0,"max_hp_gain":0,"max_hp_loss":0,"event_name":"Colosseum","floor":31,"gold_loss":0}],"is_beta":false,"boss_relics":[{"not_picked":["Tiny House","Philosopher\u0027s Stone"],"picked":"hubris:TerracottaHorce"}],"items_purged_floors":[],"is_endless":false,"potions_floor_spawned":[6,12,14,16,18,21,24],"killed_by":"Collector","ascension_level":1}}