{"host":"pqs17sqrgflf4eqa","time":1613855279,"event":{"mods":["AchievementEnabler","BaseMod","Bestiary","Better Altar","Better Match","Better Skull","Block Reminder","Bossed Relics","Colored Map","Colored Powertips","Curses Come First","Dark Map","DeckTracker","Defective Defect","Displayed Cursed Tome","Emptier Cage","Googly Eyes","Highlight Path","Minty Spire (QoL Compilation)","Quick Restart","Slay-I","StSLib","SuperFastMode","Synergy Search","Thieving Mod","Transform Curses","everything is the same but u backflip on backflip","slay the spire mod where everything is the same but ironclad has a cowboy hat"],"gold_per_floor":[361,361,536,19,19,53,53,53,53],"floor_reached":8,"language":"ENG","playtime":116,"items_purged":["Doubt"],"score":68,"play_id":"54d1f65b-7989-4ea2-a04e-3af8b8cb90ff","local_time":"20210220160759","is_ascension_mode":true,"campfire_choices":[],"circlet_count":0,"master_deck":["Strike_P","Strike_P","Strike_P","Strike_P","Defend_P","Defend_P","Defend_P","Defend_P","Eruption","Vigilance"],"relics":["PureWater","TeardropLocket","Vajra"],"acts_visited":["Exordium"],"potions_floor_usage":[6,6],"damage_taken":[{"damage":10,"enemies":"Small Slimes","floor":1,"turns":4},{"damage":19,"enemies":"Lagavulin","floor":6,"turns":4},{"damage":0,"enemies":"3 Sentries","floor":8,"turns":1}],"seed_played":"756059974860228711","potions_obtained":[{"floor":1,"key":"Swift Potion"}],"is_trial":false,"path_per_floor":["M","?","?","$","?","E","$","E"],"character_chosen":"WATCHER","items_purchased":["TeardropLocket","Vengeance","SashWhip","FollowUp","Fire Potion"],"campfire_rested":0,"item_purchase_floors":[4,4,4,4,4],"current_hp_per_floor":[55,55,55,55,60,41,21,21,21],"gold":53,"neow_bonus":"TWO_FIFTY_GOLD","is_daily":false,"chose_seed":false,"campfire_upgraded":0,"win_rate":0.0,"timestamp":1613855279,"path_taken":["M","?","?","$","?","E","$","E"],"items_purchased_type":["Relic","Card","Card","Card","Potion"],"build_version":"2020-12-22","purchased_purges":1,"victory":false,"max_hp_per_floor":[65,65,65,65,70,70,70,70,70],"card_choices":[{"not_picked":["FollowUp","LikeWater"],"picked":"Worship","floor":1},{"not_picked":["ClearTheMind","Prostrate"],"picked":"FlurryOfBlows","floor":6}],"player_experience":238803,"relics_obtained":[{"floor":6,"key":"Vajra"}],"event_choices":[{"damage_healed":0,"gold_gain":0,"player_choice":"Ignored","damage_taken":0,"max_hp_gain":0,"max_hp_loss":0,"event_name":"Golden Wing","floor":2,"gold_loss":0},{"damage_healed":0,"gold_gain":175,"player_choice":"AGREE","damage_taken":0,"max_hp_gain":0,"max_hp_loss":0,"event_name":"Liars Game","floor":3,"gold_loss":0,"cards_obtained":["Doubt"]},{"damage_healed":0,"gold_gain":0,"player_choice":"Donut","damage_taken":0,"max_hp_gain":5,"max_hp_loss":0,"event_name":"Big Fish","floor":5,"gold_loss":0}],"is_beta":false,"boss_relics":[],"items_purged_floors":[4],"is_endless":false,"potions_floor_spawned":[1],"killed_by":"3 Sentries","ascension_level":6}}