{"host":"ul3z8ex5o8l5j7mh","time":1613856245,"event":{"mods":["2.2 Compatiblity","AchievementEnabler","BaseMod","Bestiary","Colored Map","Colored Powertips","Curses Come First","DeckTracker","Highlight Path","Keyboard Shortcuts","Minty Spire (QoL Compilation)","Relic Sorter","StSLib","SuperFastMode"],"gold_per_floor":[114,114,132,156,156,189,189,209,209,209,222,242,40,64,64,194,194,209,59,59,59,59,82,82,106,106,106,137,160,160,200,200,331,331,352,373,396,396,411,411,411,436,436,0,13,13,13],"floor_reached":46,"language":"ENG","playtime":2706,"items_purged":["Parasite"],"score":489,"play_id":"4135dcea-5dfc-4673-8937-8d1830cc16bc","local_time":"20210220222405","is_ascension_mode":false,"campfire_choices":[{"data":"Bouncing Flask","floor":7.0,"key":"SMITH"},{"floor":15.0,"key":"RECALL"},{"data":"Envenom","floor":24.0,"key":"SMITH"},{"data":"Noxious Fumes","floor":27.0,"key":"SMITH"},{"data":"Poisoned Stab","floor":32.0,"key":"SMITH"},{"data":"Catalyst","floor":40.0,"key":"SMITH"}],"circlet_count":0,"master_deck":["Strike_G","Strike_G","Strike_G","Strike_G","Strike_G","Defend_G","Defend_G","Defend_G","Defend_G","Survivor","Neutralize","Escape Plan","Poisoned Stab+1","Bouncing Flask+1","Poisoned Stab","Bane","Dash+1","Envenom+1","Predator+1","Noxious Fumes+1","Corpse Explosion","Endless Agony+1","Bullet Time","Bane+1","Catalyst+1","Blur+1","Sucker Punch"],"relics":["Coffee Dripper","Golden Idol","Singing Bowl","Pantograph","Paper Crane","Lee\u0027s Waffle","Cursed Key","Bag of Marbles","Ninja Scroll","Eternal Feather","Busted Crown","Membership Card","Frozen Egg 2","Whetstone"],"acts_visited":["Exordium","TheCity","TheBeyond"],"potions_floor_usage":[45,45,46],"damage_taken":[{"damage":0.0,"enemies":"2 Louse","floor":1.0,"turns":2.0},{"damage":0.0,"enemies":"Small Slimes","floor":3.0,"turns":3.0},{"damage":1.0,"enemies":"Jaw Worm","floor":4.0,"turns":4.0},{"damage":22.0,"enemies":"Lagavulin","floor":6.0,"turns":6.0},{"damage":3.0,"enemies":"Red Slaver","floor":8.0,"turns":3.0},{"damage":1.0,"enemies":"Looter","floor":11.0,"turns":3.0},{"damage":6.0,"enemies":"Exordium Wildlife","floor":12.0,"turns":3.0},{"damage":0.0,"enemies":"Blue Slaver","floor":14.0,"turns":3.0},{"damage":37.0,"enemies":"Hexaghost","floor":16.0,"turns":7.0},{"damage":26.0,"enemies":"2 Thieves","floor":18.0,"turns":4.0},{"damage":0.0,"enemies":"Spheric Guardian","floor":23.0,"turns":3.0},{"damage":24.0,"enemies":"Snake Plant","floor":25.0,"turns":4.0},{"damage":5.0,"enemies":"Gremlin Leader","floor":28.0,"turns":5.0},{"damage":13.0,"enemies":"Cultist and Chosen","floor":29.0,"turns":5.0},{"damage":3.0,"enemies":"Book of Stabbing","floor":31.0,"turns":3.0},{"damage":45.0,"enemies":"Champ","floor":33.0,"turns":11.0},{"damage":20.0,"enemies":"Orb Walker","floor":35.0,"turns":3.0},{"damage":25.0,"enemies":"3 Darklings","floor":36.0,"turns":3.0},{"damage":10.0,"enemies":"Writhing Mass","floor":37.0,"turns":5.0},{"damage":9.0,"enemies":"Jaw Worm Horde","floor":39.0,"turns":4.0},{"damage":32.0,"enemies":"Spire Growth","floor":42.0,"turns":4.0},{"damage":0,"enemies":"Transient","floor":45,"turns":5},{"damage":25,"enemies":"Maw","floor":46,"turns":6}],"seed_played":"7364030278956827544","potions_obtained":[{"floor":4.0,"key":"Explosive Potion"},{"floor":8.0,"key":"Ancient Potion"},{"floor":12.0,"key":"Swift Potion"},{"floor":14.0,"key":"Strength Potion"},{"floor":18.0,"key":"SneckoOil"},{"floor":23.0,"key":"SteroidPotion"},{"floor":29.0,"key":"Dexterity Potion"},{"floor":30.0,"key":"Fruit Juice"},{"floor":30.0,"key":"DistilledChaos"},{"floor":31.0,"key":"Regen Potion"},{"floor":33.0,"key":"LiquidBronze"},{"floor":36.0,"key":"LiquidMemories"},{"floor":39.0,"key":"SkillPotion"},{"floor":45,"key":"Swift Potion"}],"is_trial":false,"path_per_floor":["M","?","M","M","?","E","R","M","T","?","M","M","$","M","R","B",null,"M","$","?","T","?","M","R","M","T","R","E","M","?","E","R","B",null,"M","M","M","?","M","R","?","M","T","$","M","M"],"character_chosen":"THE_SILENT","items_purchased":["Lee\u0027s Waffle","Bane","Bag of Marbles","Membership Card","Frozen Egg 2","Whetstone","Block Potion","Strength Potion"],"campfire_rested":0,"item_purchase_floors":[13,13,19,44,44,44,44,44],"current_hp_per_floor":[70,53,53,52,27,7,7,6,6,30,31,25,83,83,83,46,83,57,57,57,57,57,59,59,35,35,35,32,19,24,21,33,28,92,72,47,37,37,30,45,45,15,15,15,17,0,0],"gold":13,"neow_bonus":"BOSS_RELIC","is_daily":false,"chose_seed":false,"campfire_upgraded":5,"win_rate":0.0,"timestamp":1613856245,"path_taken":["M","?","M","M","?","E","R","M","T","?","?","M","?","M","R","BOSS","M","$","?","?","?","?","R","M","T","R","E","M","?","E","R","BOSS","M","?","M","?","M","R","?","M","T","$","?","M"],"items_purchased_type":["Relic","Card","Relic","Relic","Relic","Relic","Potion","Potion"],"build_version":"2020-12-22","purchased_purges":1,"victory":false,"max_hp_per_floor":[70,70,70,70,70,72,72,74,74,74,76,76,83,83,83,83,83,83,83,83,83,83,85,85,85,85,85,87,87,92,92,92,92,92,92,92,92,92,94,94,94,96,96,93,95,95,95],"card_choices":[{"not_picked":["Prepared","Slice"],"picked":"Escape Plan","floor":1.0},{"not_picked":["Tactician","Endless Agony"],"picked":"Poisoned Stab","floor":3.0},{"not_picked":["Prepared","Noxious Fumes"],"picked":"Bouncing Flask","floor":4.0},{"not_picked":["Acrobatics","Quick Slash","Underhanded Strike"],"picked":"Singing Bowl","floor":6.0},{"not_picked":["Skewer","Cloak And Dagger","Prepared"],"picked":"Singing Bowl","floor":8.0},{"not_picked":["Deflect","Backstab","Riddle With Holes"],"picked":"Singing Bowl","floor":11.0},{"not_picked":["Concentrate","Caltrops"],"picked":"Poisoned Stab","floor":12.0},{"not_picked":["Dagger Throw","Escape Plan"],"picked":"Dash","floor":14.0},{"not_picked":["Grand Finale","Burst"],"picked":"Envenom","floor":16.0},{"not_picked":["Setup+1","PiercingWail"],"picked":"Concentrate","floor":18.0},{"not_picked":["Slice","Blade Dance","Dagger Spray+1"],"picked":"Singing Bowl","floor":23.0},{"not_picked":["Predator","Blade Dance+1"],"picked":"Noxious Fumes","floor":25.0},{"not_picked":["Sucker Punch","Outmaneuver+1","Underhanded Strike"],"picked":"Singing Bowl","floor":28.0},{"not_picked":["Dagger Spray","Choke"],"picked":"Corpse Explosion","floor":29.0},{"not_picked":["Blade Dance","Slice"],"picked":"Endless Agony+1","floor":31.0},{"not_picked":["Storm of Steel","Grand Finale"],"picked":"Bullet Time","floor":33.0},{"not_picked":[],"picked":"Bane+1","floor":35.0},{"not_picked":[],"picked":"Catalyst","floor":36.0},{"not_picked":[],"picked":"Blur+1","floor":37.0},{"not_picked":["Outmaneuver"],"picked":"Singing Bowl","floor":39.0},{"not_picked":["Dagger Spray"],"picked":"Singing Bowl","floor":42.0},{"not_picked":["Deflect"],"picked":"Singing Bowl","floor":45}],"player_experience":409383,"relics_obtained":[{"floor":6.0,"key":"Pantograph"},{"floor":9.0,"key":"Paper Crane"},{"floor":28.0,"key":"Ninja Scroll"},{"floor":31.0,"key":"Eternal Feather"}],"event_choices":[{"damage_healed":0.0,"max_hp_gain":0.0,"max_hp_loss":0.0,"gold_gain":0.0,"event_name":"Golden Idol","player_choice":"Take Damage","floor":2.0,"gold_loss":0.0,"damage_taken":17.0,"relics_obtained":["Golden Idol"]},{"damage_healed":0.0,"max_hp_gain":0.0,"max_hp_loss":0.0,"gold_gain":0.0,"event_name":"Scrap Ooze","player_choice":"Success","floor":5.0,"gold_loss":0.0,"damage_taken":25.0,"relics_obtained":["Singing Bowl"]},{"damage_healed":24.0,"max_hp_gain":0.0,"max_hp_loss":0.0,"gold_gain":0.0,"event_name":"Big Fish","player_choice":"Banana","floor":10.0,"gold_loss":0.0,"damage_taken":0.0},{"damage_healed":0.0,"max_hp_gain":0.0,"max_hp_loss":0.0,"gold_gain":0.0,"cards_transformed":["Defend_G"],"event_name":"Transmorgrifier","player_choice":"Transformed","floor":22.0,"gold_loss":0.0,"damage_taken":0.0,"cards_obtained":["Predator"]},{"damage_healed":0.0,"max_hp_gain":0.0,"max_hp_loss":0.0,"gold_gain":0.0,"event_name":"Lab","player_choice":"Got Potions","floor":30.0,"gold_loss":0.0,"damage_taken":0.0},{"damage_healed":0.0,"max_hp_gain":0.0,"max_hp_loss":0.0,"gold_gain":0.0,"event_name":"Mysterious Sphere","player_choice":"Ignored","floor":38.0,"gold_loss":0.0,"damage_taken":0.0},{"damage_healed":0.0,"max_hp_gain":0.0,"max_hp_loss":0.0,"gold_gain":0.0,"cards_transformed":["Concentrate"],"event_name":"Transmorgrifier","player_choice":"Transformed","floor":41.0,"gold_loss":0.0,"damage_taken":0.0,"cards_obtained":["Sucker Punch"]}],"is_beta":false,"boss_relics":[{"not_picked":["Runic Pyramid","Pandora\u0027s Box"],"picked":"Cursed Key"},{"not_picked":["Black Star","Astrolabe"],"picked":"Busted Crown"}],"items_purged_floors":[44],"is_endless":false,"potions_floor_spawned":[4,8,12,14,18,23,29,31,33,36,39,45],"killed_by":"Maw","ascension_level":0}}