{"host":"3zb2ho7bzwxq1psp","time":1613818174,"event":{"mods":["AchievementEnabler","AlwaysNeverKeys","Aspiration","BaseMod","BetterRewards","CatGirl Mod","Colored Map","Hubris","Minty Spire (QoL Compilation)","Permanent Neow","Quick Restart","Rare Cards Sparkle","Replay The Spire","Shop Mod","StSLib","The Judge","The Jungle","Unceasing Turn Reminder"],"gold_per_floor":[113,113,113,113,113,113,113,138,163,200,200,224,224,263,263,368,368,399,399,256,280,319,357,357,403,427,462,462,462,488,516,516,625,625,648,669,592,592,592,592,615,646,646,646,720,499,499,544,544,594,610,610,610,364,417,459],"floor_reached":57,"language":"ENG","playtime":2447,"items_purged":["Strike_P","Strike_P","Strike_P","Strike_P","Defend_P","Defend_P","Defend_P","Defend_P","Eruption"],"score":4208,"play_id":"4ab0b4a7-c152-4fcb-a070-d633ad6410cc","local_time":"20210220024934","is_ascension_mode":true,"campfire_choices":[{"data":"FollowUp","floor":6,"key":"SMITH"},{"data":"TalkToTheHand","floor":6,"key":"SMITH"},{"floor":15,"key":"REST"},{"data":"Consecrate","floor":24,"key":"SMITH"},{"floor":32,"key":"REST"},{"floor":40,"key":"REST"},{"floor":49,"key":"REST"},{"floor":53,"key":"REST"}],"circlet_count":0,"master_deck":["Vigilance+1","Ragnarok+1","Prostrate+1","LikeWater+1","Brilliance+1","MentalFortress+1","EmptyFist+1","Study+1","TalkToTheHand+1","BowlingBash+1","Magnetism+1","BattleHymn+1","LikeWater+1","Study+1","Devotion+1","Apotheosis+1","Consecrate+1","FollowUp+1","Prostrate+1","Fasting2+1","Consecrate+1","TalkToTheHand+1","FollowUp+1","Devotion+1","Prostrate+1","hubris:DuctTapeCard","Devotion+1","Consecrate+1","Devotion+1","Panacea+1","Prostrate+1","Devotion+1","Pot Of Greed+1","Pot Of Greed+1","Pot Of Greed+1"],"relics":["PureWater","MerchantsRug","Akabeko","Vajra","ClockworkSouvenir","Strawberry","Nunchaku","Kunai","hubris:EmptyBottle","Matryoshka","Replay:Rubber Ducky","Letter Opener","Bag of Preparation","Guide Book","Bag of Marbles","Ginger","Anchor","Lantern","Damaru","Happy Flower","Bird Faced Urn","Membership Card","Juzu Bracelet","Frozen Egg 2","Golden Egg","PreservedInsect","Bronze Scales","Singing Bowl","Gremlin Horn","Mercury Hourglass","Replay:Baseball","hubris:SlimyHat","Tiny Chest","Potion Belt","ReplayFunnel","Pen Nib","White Beast Statue","Mummified Hand","Unceasing Top","Toxic Egg 2","Oddly Smooth Stone","Replay:Arrowhead","CultistMask","Orichalcum","Mirror","Shuriken","aspiration:Lifesprig","Replay:Bandana","Blue Doll","StrikeDummy","hubris:DuctTape","hubris:HollowSoul","Nilry\u0027s Codex","Bottled Lightning","ReplayTheSpireMod:TigerMarble","Replay:Wax Seal","Counterbalance","Whetstone","Runic Pyramid","Boot","hubris:Reverence","ReplayTheSpireMod:Ring of Sloth","Ring of Peace","Sling","InkBottle","TheAbacus","Grinning Jar","aspiration:HiddenCompartment"],"acts_visited":["Exordium","TheCity","TheBeyond","TheEnding"],"potions_floor_usage":[16,33,51,51,51,51,51,56,56,56],"damage_taken":[{"damage":0,"enemies":"Cultist","floor":1,"turns":1},{"damage":0,"enemies":"Lagavulin","floor":8,"turns":1},{"damage":0,"enemies":"Gremlin Nob","floor":10,"turns":1},{"damage":0,"enemies":"2 Louse","floor":12,"turns":1},{"damage":0,"enemies":"3 Sentries","floor":14,"turns":1},{"damage":0,"enemies":"Hexaghost","floor":16,"turns":1},{"damage":0,"enemies":"Shell Parasite","floor":18,"turns":1},{"damage":0,"enemies":"3 Byrds","floor":22,"turns":2},{"damage":0,"enemies":"Slavers","floor":23,"turns":1},{"damage":0,"enemies":"Gremlin Leader","floor":25,"turns":1},{"damage":0,"enemies":"Sentry and Sphere","floor":27,"turns":2},{"damage":0,"enemies":"Snake Plant","floor":30,"turns":2},{"damage":0,"enemies":"Shelled Parasite and Fungi","floor":31,"turns":1},{"damage":6,"enemies":"hubris:MusketHawk","floor":33,"turns":3},{"damage":0,"enemies":"3 Shapes","floor":35,"turns":2},{"damage":0,"enemies":"Orb Walker","floor":36,"turns":1},{"damage":0,"enemies":"Writhing Mass","floor":42,"turns":2},{"damage":0,"enemies":"Transient","floor":45,"turns":2},{"damage":0,"enemies":"Maw","floor":48,"turns":2},{"damage":0,"enemies":"Donu and Deca","floor":50,"turns":1},{"damage":0,"enemies":"hubris:GrandSnecko","floor":51,"turns":4},{"damage":0,"enemies":"Shield and Spear","floor":55,"turns":1},{"damage":5,"enemies":"The Heart","floor":56,"turns":4}],"seed_played":"-8741041772012825990","potions_obtained":[{"floor":1,"key":"Elixir"},{"floor":8,"key":"ColorlessPotion"},{"floor":55,"key":"Dexterity Potion"}],"is_trial":false,"path_per_floor":["M","?","?","?","$","R","T","E","T","E","?","M","T","E","R","B",null,"M","?","$","T","M","E","R","E","T","M","?","$","M","M","R","B",null,"M","M","$","?","?","R","T","M","T","?","M","$","?","M","R","B","B",null,"R","$","E","B",null],"character_chosen":"WATCHER","items_purchased":["MerchantsRug","Akabeko","Vajra","Lee\u0027s Waffle","ClockworkSouvenir","Strawberry","Nunchaku","Ragnarok","Kunai","hubris:EmptyBottle","Matryoshka","Replay:Rubber Ducky","Letter Opener","Bag of Preparation","Guide Book","Bag of Marbles","Ginger","Anchor","Lantern","Damaru","Happy Flower","Bird Faced Urn","Membership Card","Juzu Bracelet","Frozen Egg 2","TalkToTheHand","Golden Egg","Prostrate","LikeWater+1","PreservedInsect","Bronze Scales","Pear","Singing Bowl","Gremlin Horn","Brilliance","MentalFortress+1","EmptyFist","War Paint","Study+1","TalkToTheHand","Mercury Hourglass","BowlingBash","Magnetism+1","BattleHymn+1","Replay:Baseball","LikeWater+1","hubris:SlimyHat","Tiny Chest","Potion Belt","PowerPotion","EssenceOfSteel","ReplayFunnel","Study+1","SkillPotion","Pen Nib","Devotion+1","Apotheosis","Consecrate","FollowUp","Prostrate","White Beast Statue","Mummified Hand","Unceasing Top","Fasting2+1","Consecrate","Toxic Egg 2","TalkToTheHand","Oddly Smooth Stone","Replay:Arrowhead","Bottled Lightning","Brilliance","Sling","InkBottle","TheAbacus","Devotion+1","Grinning Jar"],"campfire_rested":5,"item_purchase_floors":[0,0,0,0,0,0,0,0,0,0,0,0,0,0,0,0,0,0,0,0,0,0,0,0,0,0,0,0,0,0,0,0,0,0,0,0,0,0,0,0,0,0,0,0,0,0,0,0,0,0,0,0,0,0,0,0,0,0,0,0,0,0,0,0,0,0,0,0,0,20,37,46,46,54,54,54],"current_hp_per_floor":[92,92,92,92,92,92,92,92,92,92,92,94,94,94,94,96,96,98,77,77,77,85,93,93,97,97,104,104,104,106,108,108,108,108,110,112,112,112,122,122,122,124,124,124,126,126,126,126,126,126,126,126,126,126,128,128],"gold":459,"neow_bonus":"","is_daily":false,"chose_seed":false,"campfire_upgraded":3,"win_rate":0.0,"timestamp":1613818174,"path_taken":["M","?","?","?","$","R","?","E","T","E","?","M","?","E","R","BOSS","M","?","$","?","M","E","R","E","T","M","?","$","M","M","R","BOSS","M","M","$","?","?","R","?","M","T","?","M","$","?","M","R","BOSS","BOSS","R","$","E","BOSS"],"items_purchased_type":["Relic","Relic","Relic","Relic","Relic","Relic","Relic","Card","Relic","Relic","Relic","Relic","Relic","Relic","Relic","Relic","Relic","Relic","Relic","Relic","Relic","Relic","Relic","Relic","Relic","Card","Relic","Card","Card","Relic","Relic","Relic","Relic","Relic","Card","Card","Card","Relic","Card","Card","Relic","Card","Card","Card","Relic","Card","Relic","Relic","Relic","Potion","Potion","Relic","Card","Potion","Relic","Card","Card","Card","Card","Card","Relic","Relic","Relic","Card","Card","Relic","Card","Relic","Relic","Relic","Card","Relic","Relic","Relic","Card","Relic"],"build_version":"2020-12-22","purchased_purges":9,"victory":true,"max_hp_per_floor":[92,92,92,92,92,92,92,92,92,92,92,94,94,94,94,96,96,98,98,98,98,98,100,100,102,102,104,104,104,106,108,108,108,108,110,112,112,112,122,122,122,124,124,124,126,126,126,126,126,126,126,126,126,126,128,128],"card_choices":[{"not_picked":["Replay:ManipulateFuture+1","SashWhip"],"picked":"FollowUp","floor":1},{"not_picked":["Worship+1","Wireheading+1"],"picked":"Devotion+1","floor":8},{"not_picked":["EmptyFist","ThirdEye+1"],"picked":"Prostrate+1","floor":10},{"not_picked":["SashWhip","Perseverance+1","Worship+1"],"picked":"Singing Bowl","floor":12},{"not_picked":["ClearTheMind+1","Nirvana+1"],"picked":"Devotion+1","floor":14},{"not_picked":["Omniscience+1","Wish+1","Establishment+1"],"picked":"Singing Bowl","floor":16},{"not_picked":["WheelKick","JustLucky+1","FlurryOfBlows"],"picked":"Singing Bowl","floor":18},{"not_picked":["Protect+1","Weave"],"picked":"Consecrate","floor":22},{"not_picked":["Worship+1","JustLucky","Weave"],"picked":"Singing Bowl","floor":23},{"not_picked":["Conclude+1","Replay:Vibes+1","Halt+1"],"picked":"Singing Bowl","floor":25},{"not_picked":["FollowUp","SashWhip","Replay:BluntJabs"],"picked":"Singing Bowl","floor":27},{"not_picked":["FlurryOfBlows","Halt+1","Study+1"],"picked":"Singing Bowl","floor":30},{"not_picked":["Omniscience+1","WheelKick","ForeignInfluence+1"],"picked":"Singing Bowl","floor":31},{"not_picked":["Alpha+1","SpiritShield+1"],"picked":"Devotion+1","floor":33},{"not_picked":["Replay:Vibes+1","EmptyFist","Halt+1"],"picked":"Singing Bowl","floor":35},{"not_picked":["FollowUp","Replay:BluntJabs","Prostrate+1"],"picked":"Singing Bowl","floor":36},{"not_picked":["PathToVictory+1","EmptyFist","Replay:AtTheReady+1"],"picked":"Singing Bowl","floor":42},{"not_picked":["WaveOfTheHand+1","CutThroughFate","Replay:AtTheReady+1"],"picked":"Singing Bowl","floor":45},{"not_picked":["Madness+1","Swift Strike"],"picked":"Panacea+1","floor":47},{"not_picked":["SignatureMove+1","PathToVictory+1"],"picked":"Prostrate+1","floor":48},{"not_picked":["PathToVictory+1","Scrawl+1","JustLucky"],"picked":"Singing Bowl","floor":55}],"player_experience":215797,"relics_obtained":[{"floor":7,"key":"Orichalcum"},{"floor":7,"key":"Mirror"},{"floor":8,"key":"Shuriken"},{"floor":9,"key":"aspiration:Lifesprig"},{"floor":9,"key":"Replay:Bandana"},{"floor":10,"key":"Blue Doll"},{"floor":13,"key":"StrikeDummy"},{"floor":14,"key":"hubris:DuctTape"},{"floor":19,"key":"Nilry\u0027s Codex"},{"floor":21,"key":"ReplayTheSpireMod:TigerMarble"},{"floor":23,"key":"Replay:Wax Seal"},{"floor":25,"key":"Counterbalance"},{"floor":26,"key":"Whetstone"},{"floor":41,"key":"Boot"},{"floor":43,"key":"hubris:Reverence"},{"floor":44,"key":"ReplayTheSpireMod:Ring of Sloth"},{"floor":44,"key":"Ring of Peace"},{"floor":55,"key":"aspiration:HiddenCompartment"}],"event_choices":[{"damage_healed":0,"gold_gain":0,"player_choice":"Trade","damage_taken":0,"relics_obtained":["CultistMask"],"max_hp_gain":0,"max_hp_loss":0,"event_name":"FaceTrader","floor":2,"gold_loss":0},{"damage_healed":0,"gold_gain":0,"player_choice":"Fled","damage_taken":0,"max_hp_gain":0,"max_hp_loss":0,"event_name":"Scrap Ooze","floor":3,"gold_loss":0},{"damage_healed":0,"gold_gain":0,"player_choice":"Got Potions","damage_taken":0,"max_hp_gain":0,"max_hp_loss":0,"event_name":"Lab","floor":4,"gold_loss":0},{"damage_healed":0,"gold_gain":0,"player_choice":"Obtained Book","damage_taken":21,"max_hp_gain":0,"max_hp_loss":0,"event_name":"Cursed Tome","floor":19,"gold_loss":0},{"damage_healed":0,"gold_gain":0,"player_choice":"Ignored","damage_taken":0,"max_hp_gain":0,"max_hp_loss":0,"event_name":"Beggar","floor":28,"gold_loss":0},{"damage_healed":0,"gold_gain":0,"player_choice":"Ignored","damage_taken":0,"max_hp_gain":0,"max_hp_loss":0,"event_name":"Tomb of Lord Red Mask","floor":38,"gold_loss":0},{"cards_removed":["Brilliance"],"damage_healed":0,"gold_gain":0,"player_choice":"Offered Rare","damage_taken":0,"max_hp_gain":10,"max_hp_loss":0,"event_name":"Bonfire Elementals","floor":39,"gold_loss":0},{"damage_healed":0,"gold_gain":0,"player_choice":"Memory 1","damage_taken":0,"max_hp_gain":0,"max_hp_loss":0,"event_name":"SensoryStone","floor":47,"gold_loss":0}],"is_beta":false,"boss_relics":[{"not_picked":["Snecko Eye","Replay:Ancient Bell"],"picked":"hubris:HollowSoul"},{"not_picked":["Abe\u0027s Treasure","hubris:CrackedHourglass"],"picked":"Runic Pyramid"}],"items_purged_floors":[0,0,0,0,0,0,0,0,0],"is_endless":false,"potions_floor_spawned":[1,8,10,12,14,16,18,22,23,25,27,30,31,33,35,36,42,45,48,55],"ascension_level":20}}