{"host":"uceopoba4zvqsgiy","time":1613838121,"event":{"mods":["2.2 Compatiblity","Act Like it!","BaseMod","Better Skull","Better Third Choice","Elementarium","Evolution","GifTheSpireLib","Hermit","Humility","Infinite Spire","Jorbs\u0027s Wanderer Trilogy","Marked Mod","Minty Spire (QoL Compilation)","Potionbrewer","Reliquary","Replay The Spire","Robot Space Explorer","Shade Mod","Spicy Shops","StS++","StSLib","Stuff the Spire","The Blue Laboratory","The Caster","The Cursed","The Dragon Tamer","The Dragonkin","The Hierophant","The Judge","The Jungle","TheSurvivalist","Wandering Minibosses"],"gold_per_floor":[112,112,112,140,168,168,168],"floor_reached":6,"language":"ENG","playtime":92,"items_purged":[],"score":102,"play_id":"51aea359-24f8-498f-8056-b566fbdb0995","local_time":"20210221025201","is_ascension_mode":true,"campfire_choices":[],"circlet_count":0,"master_deck":["Rebound","Rebound","Rebound","Rebound","Leap","Leap","Leap","Leap","Zap","Dualcast","StuffTheSpire:CuriosityCurse","Sunder"],"relics":["Cracked Core","EVO:Axolotl","NeowsBlessing","Replay:Wax Seal","StSpp:PetrifiedCaterpillar"],"acts_visited":["Exordium"],"potions_floor_usage":[],"damage_taken":[{"damage":0.0,"enemies":"Cultist","floor":1.0,"turns":1.0},{"damage":0.0,"enemies":"2 Louse","floor":4.0,"turns":1.0},{"damage":0.0,"enemies":"Small Slimes","floor":5.0,"turns":1.0},{"damage":0,"enemies":"3 Sentries","floor":6,"turns":1}],"seed_played":"-436855711898054312","potions_obtained":[{"floor":1.0,"key":"blueLaboratory:BubblePotion"},{"floor":5.0,"key":"blueLaboratory:CoolantVial"}],"is_trial":false,"path_per_floor":["M","T","?","M","M","E"],"character_chosen":"DEFECT","items_purchased":[],"campfire_rested":0,"item_purchase_floors":[],"current_hp_per_floor":[69,69,69,69,69,69,69],"gold":168,"neow_bonus":"THREE_ENEMY_KILL","is_daily":false,"chose_seed":false,"campfire_upgraded":0,"win_rate":0.0,"timestamp":1613838121,"path_taken":["M","?","?","M","M","E"],"items_purchased_type":[],"build_version":"2020-12-22","purchased_purges":0,"victory":false,"max_hp_per_floor":[76,76,76,76,76,76,76],"card_choices":[{"not_picked":["Streamline","Coolheaded","Steam"],"picked":"SKIP","floor":1.0},{"not_picked":["BasicCrystalCard","Undo"],"picked":"Sunder","floor":4.0},{"not_picked":["ReplaySolidLightProjector","All For One","Go for the Eyes"],"picked":"SKIP","floor":5.0}],"player_experience":1850245,"relics_obtained":[{"floor":2.0,"key":"Replay:Wax Seal"}],"event_choices":[],"is_beta":false,"boss_relics":[],"items_purged_floors":[],"is_endless":false,"potions_floor_spawned":[1,5],"killed_by":"3 Sentries","ascension_level":9,"is_humility":true}}