{"host":"1zulhgfop6judopi","time":1613788676,"event":{"mods":["2.2 Compatiblity","Act Like it!","Aspiration","BaseMod","Beaked The Cultist","Better Altar","Better Match","Better Note","Better Sensory Stone","Better Skull","Better Synergies","Better Third Choice","Card Forge","Communication Mod","Conspire","Defuse TimeMaze Blight","Displayed Cursed Tome","Downfall","Elementarium","Friendly Minions","GifTheSpireLib","GungeonMod","Halation","HexUI Lib","Hubris","Humility","Hyrulean Relics","Infinite Spire","Ironclad Rager","Marked Mod","Menagerie","Minty Spire (QoL Compilation)","MostiFishMod","Quick Restart","Relic Filter","Relic Sorter","Replay The Spire","SacredBarkPlus","Small Relic Pack","Spicy Shops","Spikes Relics","Spire Exporter","StSLib","Stuff the Spire","Synergy Search","The Bladedancer","The Blue Laboratory","Trackpad","Transform Curses","Uncapped","UnlockEverythingMod","Virulent Crown"],"gold_per_floor":[99,118,43,53,66,66,92,92,112,124,124,124,154,174,185,287,287,87,106,120,46,8,8,8,39,39,50,79,89,106,125,137,240,240,140,163,185,135,155,56,102,102,102,102,102,102,8,50,94,227,227,227,246,263,279,299,299,299,36,36,66,82,100,100,3,25,156,156,156,176,197,197,197,197,197],"floor_reached":73,"language":"ENG","playtime":2715,"items_purged":["downfall:Malfunctioning"],"score":1374,"play_id":"855cf64e-3c5e-455b-ba74-97534d2f9289","local_time":"20210219213756","is_ascension_mode":false,"campfire_choices":[{"data":"Guardian:TwinSlam","floor":1,"key":"SMITH"},{"data":"Guardian:CurlUp","floor":8,"key":"SMITH"},{"floor":11,"key":"RECALL"},{"data":"Guardian:HyperBeam_Guardian","floor":18,"key":"SMITH"},{"data":"infinitespire:FutureSight","floor":35,"key":"SMITH"},{"data":"expansioncontent:StudyTheSpire","floor":52,"key":"SMITH"},{"data":"Guardian:PrismaticBeam","floor":57,"key":"SMITH"},{"data":"Guardian:StasisStrike","floor":60,"key":"SMITH"},{"data":"Guardian:SentryBeam","floor":64,"key":"SMITH"},{"data":"Guardian:RefractedBeam+1","floor":69,"key":"SMITH"}],"circlet_count":0,"master_deck":["Guardian:Strike_Guardian","Guardian:Strike_Guardian+1","Guardian:Strike_Guardian+1","Guardian:Strike_Guardian+1","Guardian:Defend_Guardian+1","Guardian:Defend_Guardian+1","Guardian:Defend_Guardian+1","Guardian:Defend_Guardian+1","Guardian:CurlUp+1","Guardian:TwinSlam+1","Guardian:PrismaticBarrier+1","Guardian:StasisStrike+1","Guardian:RefractedBeam+3","Guardian:Emergency+1","Guardian:TimeBomb+1","Guardian:ShieldCharger+1","Guardian:HyperBeam_Guardian+1","Guardian:TemporalStrike+1","Guardian:PrimingBeam+1","Clumsy","expansioncontent:StudyTheSpire+1","Slimebound:Split+1","infinitespire:FutureSight+1","Guardian:EvasiveProtocol+1","Guardian:ExploitGems+1","Guardian:Incinerate+1","Guardian:WalkerClaw+1","Guardian:PolyBeam+1","conspire:SpireCoStock+1","Guardian:VentSteam+1","Secret Weapon+1","Mayhem+1","Poisoned Strike+1","Guardian:PrismaticBeam+1","Guardian:TimeCapacitor+1","Guardian:StasisStrike+1","Guardian:CrystalBeam+1","Guardian:WalkerClaw+1","Guardian:SentryBeam+1","Guardian:TemporalShield+1","Guardian:ChargeCore+1","Guardian:Gem_Lightblue","Guardian:Gem_Red","infinitespire:SevenWalls"],"relics":["Guardian:ModeShifter","Hammer of Thor","Seething Fire","Anvil of the Gods","DaveBox","RhineSuit","Orichalcum","aspiration:FetidBarrel","ExusiaiGun","downfall:HeartBlessingGreen","downfall:HeartBlessingRed","Membership Card","halation:SelfBoilingWater","StuffTheSpire:Tea","aspiration:ChemicalBlood","FeatherPendant","infinitespire:Midas Blood","DemoMod:BlueGuonStone","halation:HeavySnake","downfall:HeartBlessingBlue","SynthV","Anchor","hubris:Backtick","Ice Cream","LugNut","halation:PinkSoulGem","hubris:Towel","StuffTheSpire:Wildfire","DemoMod:GlassGuonStoneRelic","Vajra","Transparent","War Paint","aspiration:Nostalgia","Cracked Core","Bag of Marbles","Whetstone","trackpad:IceCube","DemoMod:Bottle","trackpad:PetRock","conspire:SpecialSausage"],"acts_visited":["Exordium","TheCity","TheBeyond","Exordium","Elementarium:Elementarium"],"potions_floor_usage":[13,13,33,66,70],"damage_taken":[{"damage":4,"enemies":"2 Louse","floor":2,"turns":2},{"damage":0,"enemies":"Cultist","floor":4,"turns":2},{"damage":2,"enemies":"conspire:RoseBush","floor":5,"turns":2},{"damage":4,"enemies":"downfall:LooterAlt","floor":9,"turns":2},{"damage":0,"enemies":"Gremlin Gang","floor":10,"turns":4},{"damage":13,"enemies":"Gremlin Nob","floor":13,"turns":5},{"damage":12,"enemies":"Lots of Slimes","floor":14,"turns":3},{"damage":0,"enemies":"3 Louse","floor":15,"turns":3},{"damage":1,"enemies":"SI_SHIV_ARCHETYPE","floor":16,"turns":5},{"damage":0,"enemies":"Chosen","floor":19,"turns":1},{"damage":1,"enemies":"Shell Parasite","floor":20,"turns":2},{"damage":0,"enemies":"downfall:FleeingMerchant","floor":21,"turns":4},{"damage":0,"enemies":"conspire:SneckoGhost","floor":25,"turns":2},{"damage":0,"enemies":"Snake Plant","floor":27,"turns":2},{"damage":0,"enemies":"Replay:Snechameleon","floor":28,"turns":1},{"damage":0,"enemies":"Sentry and Sphere","floor":29,"turns":3},{"damage":0,"enemies":"Cultist and Chosen","floor":30,"turns":2},{"damage":7,"enemies":"Shelled Parasite and Fungi","floor":31,"turns":2},{"damage":5,"enemies":"conspire:HollyBat","floor":32,"turns":5},{"damage":3,"enemies":"DF_ARCHETYPE_CLAW","floor":33,"turns":3},{"damage":6,"enemies":"3 Shapes","floor":36,"turns":4},{"damage":15,"enemies":"3 Darklings","floor":37,"turns":3},{"damage":8,"enemies":"Spire Growth","floor":39,"turns":2},{"damage":0,"enemies":"Nightmare","floor":48,"turns":1},{"damage":0,"enemies":"Transient","floor":49,"turns":1},{"damage":0,"enemies":"IC_BLOCK_ARCHETYPE","floor":50,"turns":1},{"damage":20,"enemies":"Cultist","floor":53,"turns":1},{"damage":20,"enemies":"Jaw Worm","floor":54,"turns":1},{"damage":20,"enemies":"Small Slimes","floor":55,"turns":1},{"damage":20,"enemies":"Red Slaver","floor":56,"turns":1},{"damage":20,"enemies":"conspire:MimicChest","floor":61,"turns":1},{"damage":20,"enemies":"Large Slime","floor":62,"turns":1},{"damage":20,"enemies":"2 Fungi Beasts","floor":63,"turns":1},{"damage":20,"enemies":"downfall:LooterAlt","floor":66,"turns":1},{"damage":21,"enemies":"Fading Forest","floor":67,"turns":1},{"damage":21,"enemies":"Elementarium:2_ELEMENTALS","floor":70,"turns":1},{"damage":21,"enemies":"Elementarium:Cyclone","floor":71,"turns":1},{"damage":0,"enemies":"Elementarium:VOID_CORRUPTION_AND_ORB_OF_FIRE","floor":73,"turns":1}],"seed_played":"789039491113960919","potions_obtained":[{"floor":4,"key":"blueLaboratory:HummingbirdPotion"},{"floor":9,"key":"Flashbang"},{"floor":12,"key":"Fruit Juice"},{"floor":16,"key":"Guardian:AcceleratePotion"},{"floor":25,"key":"AttackPotion"},{"floor":27,"key":"EssenceOfSteel"},{"floor":54,"key":"Strength Potion"},{"floor":54,"key":"Explosive Potion"},{"floor":66,"key":"blueLaboratory:FruitPunch"},{"floor":66,"key":"blueLaboratory:FruitPunch"},{"floor":70,"key":"BlessingOfTheForge"}],"is_trial":false,"path_per_floor":["R","M","?","M","M","?","T","R","M","M","R","?","E","M","M","B",null,"R","M","M","$","$","?","T","E","AVR","M","E","M","M","M","M","B",null,"R","M","M","?","M","$","T","?","AVR","?","?","?","$","NM","M","B",null,"R","M","M","M","M","R","T","$","R","?","M","M","R","$","M","B",null,"R","M","M","AVR","M"],"character_chosen":"GUARDIAN","items_purchased":["Membership Card","expansioncontent:StudyTheSpire","halation:SelfBoilingWater","StuffTheSpire:Tea","SynthV","Guardian:VentSteam","StuffTheSpire:Wildfire","Guardian:Gem_Red","aspiration:Nostalgia","Bag of Marbles","Whetstone","trackpad:IceCube","trackpad:PetRock","Guardian:Gem_Lightblue"],"campfire_rested":0,"item_purchase_floors":[21,21,21,21,40,40,47,47,59,59,59,59,65,65],"current_hp_per_floor":[88,84,84,84,82,82,82,82,78,78,78,78,70,58,58,57,93,93,93,92,92,92,92,92,92,92,92,92,92,92,85,80,77,93,103,97,82,82,74,74,74,74,74,74,74,74,74,74,74,74,103,103,103,103,103,103,103,103,103,103,103,103,103,103,103,105,105,105,105,107,107,107,107,107,107],"gold":197,"neow_bonus":"TEN_PERCENT_HP_BONUS","is_daily":false,"chose_seed":false,"campfire_upgraded":9,"win_rate":0.0,"timestamp":1613788676,"path_taken":["R","M","?","?","M","?","T","R","M","M","R","?","E","?","M","BOSS","R","M","M","?","$","?","T","E","AVR","M","E","?","?","M","M","BOSS","R","M","M","?","M","$","T","?","AVR","?","?","?","?","NM","M","BOSS","R","M","?","M","?","R","T","?","R","?","M","M","R","$","M","BOSS","R","M","M","AVR","M"],"items_purchased_type":["Relic","Card","Relic","Relic","Relic","Card","Relic","Card","Relic","Relic","Relic","Relic","Relic","Card"],"build_version":"2020-12-22","purchased_purges":1,"victory":false,"max_hp_per_floor":[88,88,88,88,88,88,88,88,88,88,88,88,93,93,93,93,93,93,93,93,93,93,93,93,93,93,93,93,93,93,93,93,93,93,103,103,103,103,103,103,103,103,103,103,103,103,103,103,103,103,103,103,103,103,103,103,103,103,103,103,103,103,103,103,103,105,105,105,105,107,107,107,107,107,107],"card_choices":[{"not_picked":["Guardian:Incinerate","Guardian:ShieldCharger"],"picked":"Guardian:PrismaticBarrier","floor":2},{"not_picked":["Guardian:AncientConstruct+1","Guardian:ConstructionForm+1"],"picked":"Guardian:StasisStrike+1","floor":3},{"not_picked":["Guardian:WalkerClaw","Guardian:ChargeCore"],"picked":"Guardian:RefractedBeam","floor":4},{"not_picked":["Guardian:VentSteam","Guardian:Planning"],"picked":"Guardian:Gem_Purple","floor":5},{"not_picked":["Guardian:Emergency","Guardian:Gem_Purple"],"picked":"Guardian:Gem_Cyan","floor":9},{"not_picked":["Guardian:BronzeOrb","Guardian:Gem_Blue"],"picked":"Guardian:Emergency","floor":10},{"not_picked":["Guardian:Planning","Guardian:BronzeArmor"],"picked":"Guardian:TimeBomb","floor":13},{"not_picked":["Guardian:ShieldCharger","Guardian:PrismaticBarrier"],"picked":"Guardian:Gem_Lightblue","floor":14},{"not_picked":["Guardian:Reroute","Guardian:RollAttack"],"picked":"Guardian:ShieldCharger","floor":15},{"not_picked":["Guardian:SphericShield","Guardian:RevengeProtocol"],"picked":"Guardian:HyperBeam_Guardian","floor":16},{"not_picked":["Guardian:PrismaticBarrier","Guardian:ShieldCharger","Guardian:Emergency"],"picked":"SKIP","floor":19},{"not_picked":["Guardian:Repulse+1","Guardian:DecasProtection"],"picked":"Guardian:TemporalStrike","floor":20},{"not_picked":["Guardian:VentSteam","Guardian:Gem_Purple"],"picked":"Guardian:PrimingBeam","floor":21},{"not_picked":["Guardian:Suspension","Guardian:DonusPower"],"picked":"Guardian:Gem_Blue","floor":25},{"not_picked":["Guardian:TemporalShield","Guardian:Emergency"],"picked":"Guardian:EvasiveProtocol","floor":27},{"not_picked":["Guardian:Suspension+1","Guardian:Recover"],"picked":"Guardian:ExploitGems","floor":28},{"not_picked":["Guardian:Gem_Blue","Guardian:Gem_Cyan"],"picked":"Guardian:Incinerate","floor":29},{"not_picked":["Guardian:ShieldCharger","Guardian:Clone"],"picked":"Guardian:WalkerClaw","floor":30},{"not_picked":["Guardian:VentSteam+1","Guardian:RollAttack"],"picked":"Guardian:Gem_Green","floor":31},{"not_picked":["Guardian:BaubleBeam","Guardian:ArmoredProtocol"],"picked":"Guardian:Gem_Crimson","floor":32},{"not_picked":["Guardian:AncientConstruct","Guardian:RevengeProtocol"],"picked":"Guardian:Gem_Synthetic","floor":33},{"not_picked":["Guardian:Repulse","Guardian:EvasiveProtocol"],"picked":"Guardian:Gem_Crimson","floor":36},{"not_picked":["Guardian:PrismaticBarrier+1","Guardian:PrimingBeam+1"],"picked":"Guardian:PolyBeam+1","floor":37},{"not_picked":["Guardian:Gem_Crimson","Guardian:ChargeCore+1"],"picked":"Guardian:Gem_Fragmented","floor":39},{"not_picked":["StuffTheSpire:Recharge+1","ReplayTheSpireMod:Necrogeddon+1"],"picked":"Secret Weapon+1","floor":42},{"not_picked":["ReplayTheSpireMod:Brewmster+1","Master of Strategy+1"],"picked":"Mayhem+1","floor":42},{"not_picked":["MostiFishMod:Galeforce+1","DemoMod:Invincible+1"],"picked":"Poisoned Strike+1","floor":42},{"not_picked":["Guardian:Gem_Green","Guardian:ShieldCharger+1"],"picked":"Guardian:PrismaticBeam","floor":48},{"not_picked":["Guardian:BronzeArmor+1","Guardian:Gem_Lightblue"],"picked":"Guardian:TimeCapacitor","floor":49},{"not_picked":["Guardian:AncientConstruct","Guardian:ConstructionForm"],"picked":"Guardian:StasisStrike","floor":50},{"not_picked":["Guardian:ShieldCharger","Guardian:Reroute"],"picked":"Guardian:Gem_Cyan","floor":53},{"not_picked":["Guardian:TimeSifter","Guardian:TemporalShield"],"picked":"Guardian:CrystalBeam","floor":54},{"not_picked":["Guardian:Repulse","Guardian:TemporalShield"],"picked":"Guardian:WalkerClaw","floor":55},{"not_picked":["Guardian:GuardianWhirl","Guardian:BronzeOrb"],"picked":"Guardian:Gem_Fragmented","floor":56},{"not_picked":["Guardian:Harden","Guardian:BronzeArmor"],"picked":"Guardian:SentryBeam","floor":61},{"not_picked":["Guardian:Reroute","Guardian:Recover"],"picked":"Guardian:Gem_Lightblue","floor":62},{"not_picked":["Guardian:Harden","Guardian:SphericShield"],"picked":"Guardian:TemporalShield","floor":63},{"not_picked":["Guardian:Clone","Guardian:RollAttack"],"picked":"Guardian:ChargeCore","floor":66},{"not_picked":["Guardian:RevengeProtocol","Guardian:ConstructionForm"],"picked":"Guardian:Gem_Synthetic","floor":67},{"not_picked":["Guardian:BronzeArmor+1","Guardian:SentryBeam+1"],"picked":"Guardian:Gem_Lightblue","floor":70},{"not_picked":["Guardian:GuardianWhirl","Guardian:Gem_Yellow"],"picked":"Guardian:Gem_Red","floor":71}],"player_experience":207282,"relics_obtained":[{"floor":7,"key":"Orichalcum"},{"floor":13,"key":"aspiration:FetidBarrel"},{"floor":25,"key":"aspiration:ChemicalBlood"},{"floor":28,"key":"DemoMod:BlueGuonStone"},{"floor":41,"key":"Anchor"},{"floor":48,"key":"Vajra"},{"floor":58,"key":"War Paint"},{"floor":61,"key":"DemoMod:Bottle"}],"event_choices":[{"damage_healed":0,"gold_gain":0,"player_choice":"2","damage_taken":0,"max_hp_gain":0,"max_hp_loss":0,"event_name":"betterMatch:BetterMatch","floor":3,"gold_loss":0,"cards_obtained":["betterMatch:RareCard"]},{"damage_healed":0,"gold_gain":0,"player_choice":"Got Potions","damage_taken":0,"max_hp_gain":0,"max_hp_loss":0,"event_name":"Lab","floor":12,"gold_loss":0},{"damage_healed":0,"gold_gain":0,"player_choice":"Take","damage_taken":0,"max_hp_gain":0,"max_hp_loss":0,"event_name":"betterNote:BetterNote","floor":23,"gold_loss":0,"cards_obtained":["Slimebound:Split"]},{"damage_healed":0,"gold_gain":0,"player_choice":"Invest 1","damage_taken":0,"max_hp_gain":0,"max_hp_loss":0,"event_name":"conspire:Investor","floor":38,"gold_loss":0},{"damage_healed":0,"gold_gain":0,"player_choice":"3","damage_taken":0,"max_hp_gain":0,"max_hp_loss":0,"event_name":"betterMatch:BetterMatch","floor":42,"gold_loss":0,"cards_obtained":["betterMatch:ColorlessRareCard"]}],"is_beta":false,"boss_relics":[{"not_picked":["Replay:Ancient Bell","Cursed Key"],"picked":"ExusiaiGun"},{"not_picked":["Fusion Hammer","hubris:RunicObelisk"],"picked":"halation:HeavySnake"},{"not_picked":["Calling Bell","ChiXiaoBlade"],"picked":"Transparent"},{"not_picked":["Black Star","Replay:Wanted Poster"],"picked":"conspire:SpecialSausage"}],"items_purged_floors":[22],"is_endless":true,"potions_floor_spawned":[4,9,16,25,27,28,29,31,48,54,55,63,66,67,70],"killed_by":"Elementarium:VOID_CORRUPTION_AND_ORB_OF_FIRE","ascension_level":0,"is_humility":true}}