{"host":"wmrrle71ao22fxdw","time":1613839478,"event":{"mods":["BaseMod","Colored Map","Minty Spire (QoL Compilation)"],"gold_per_floor":[115,126,45,58,31,63,63,63,63,78,89,101,201,56,56,155,155,195,555,82,82,82,82],"floor_reached":22,"language":"ENG","playtime":1012,"items_purged":["Strike_P","Strike_P"],"score":234,"play_id":"30bab7fb-80d6-40d3-879e-c7e41ad086c5","local_time":"20210220174438","is_ascension_mode":false,"campfire_choices":[{"data":"Vigilance","floor":8,"key":"SMITH"},{"data":"Study","floor":15,"key":"SMITH"}],"circlet_count":0,"master_deck":["Strike_P","Strike_P","Defend_P","Defend_P","Defend_P","Defend_P","Eruption","Vigilance+1","CutThroughFate+1","MasterReality","Sanctity","FlurryOfBlows","SandsOfTime","CarveReality","Conclude","Study+1","Wish","SashWhip","Mind Blast","Fasting2","Shame"],"relics":["Sozu","Kunai","Damaru","Singing Bowl","SlaversCollar","Bag of Marbles","Happy Flower","Toy Ornithopter"],"acts_visited":["Exordium","TheCity"],"potions_floor_usage":[],"damage_taken":[{"damage":0,"enemies":"Small Slimes","floor":1,"turns":3},{"damage":0,"enemies":"Cultist","floor":2,"turns":4},{"damage":0,"enemies":"2 Louse","floor":4,"turns":2},{"damage":28,"enemies":"Gremlin Nob","floor":6,"turns":3},{"damage":4,"enemies":"Exordium Thugs","floor":10,"turns":3},{"damage":0,"enemies":"2 Fungi Beasts","floor":11,"turns":2},{"damage":22,"enemies":"Exordium Wildlife","floor":12,"turns":2},{"damage":0,"enemies":"Slime Boss","floor":16,"turns":4},{"damage":16,"enemies":"Spheric Guardian","floor":18,"turns":5},{"damage":37,"enemies":"Chosen","floor":22,"turns":4}],"seed_played":"3269076512710651589","potions_obtained":[],"is_trial":false,"path_per_floor":["M","M","?","M","$","E","?","R","T","M","M","M","?","$","R","B",null,"M","?","$","?","M"],"character_chosen":"WATCHER","items_purchased":["FlurryOfBlows","Study","Fasting2","Bag of Marbles","Happy Flower"],"campfire_rested":0,"item_purchase_floors":[5,14,20,20,20],"current_hp_per_floor":[72,72,72,72,72,44,44,44,44,40,42,20,20,20,20,20,74,58,16,16,16,0,0],"gold":82,"neow_bonus":"BOSS_RELIC","is_daily":false,"chose_seed":false,"campfire_upgraded":2,"win_rate":0.0,"timestamp":1613839478,"path_taken":["M","M","?","?","?","E","?","R","T","?","M","M","?","?","R","BOSS","M","?","?","?","M"],"items_purchased_type":["Card","Card","Card","Relic","Relic"],"build_version":"2020-12-22","purchased_purges":2,"victory":false,"max_hp_per_floor":[72,72,72,72,72,72,72,72,72,72,74,74,74,74,74,74,74,74,74,74,74,74,74],"card_choices":[{"not_picked":["FlyingSleeves","EmptyBody"],"picked":"CutThroughFate","floor":1},{"not_picked":["CutThroughFate","BowlingBash"],"picked":"MasterReality","floor":2},{"not_picked":["Crescendo","BowlingBash"],"picked":"Sanctity","floor":4},{"not_picked":["Nirvana","MentalFortress"],"picked":"SandsOfTime","floor":6},{"not_picked":["Evaluate","EmptyBody"],"picked":"CarveReality","floor":10},{"not_picked":["SashWhip","PathToVictory","JustLucky"],"picked":"Singing Bowl","floor":11},{"not_picked":["FlurryOfBlows","Prostrate"],"picked":"Conclude","floor":12},{"not_picked":["Alpha","Judgement"],"picked":"Wish","floor":16},{"not_picked":["Prostrate+1","Halt+1"],"picked":"SashWhip","floor":18}],"player_experience":106058,"relics_obtained":[{"floor":6,"key":"Damaru"},{"floor":9,"key":"Singing Bowl"}],"event_choices":[{"damage_healed":0,"gold_gain":0,"player_choice":"Paid Gold","damage_taken":0,"relics_obtained":["Kunai"],"max_hp_gain":0,"max_hp_loss":0,"event_name":"WeMeetAgain","floor":3,"gold_loss":81},{"damage_healed":0,"gold_gain":0,"player_choice":"Upgraded","damage_taken":0,"max_hp_gain":0,"max_hp_loss":0,"event_name":"Upgrade Shrine","floor":7,"gold_loss":0,"cards_upgraded":["CutThroughFate"]},{"damage_healed":0,"gold_gain":100,"player_choice":"Pray","damage_taken":0,"max_hp_gain":0,"max_hp_loss":0,"event_name":"Golden Shrine","floor":13,"gold_loss":0},{"damage_healed":0,"gold_gain":360,"player_choice":"CARD GOLD GOLD GOLD GOLD ","damage_taken":42,"max_hp_gain":0,"max_hp_loss":0,"event_name":"Knowing Skull","floor":19,"potions_obtained":[],"gold_loss":0,"cards_obtained":["Mind Blast"]},{"damage_healed":0,"gold_gain":360,"player_choice":"CARD GOLD GOLD GOLD GOLD ","damage_taken":42,"max_hp_gain":0,"max_hp_loss":0,"event_name":"Knowing Skull","floor":19,"potions_obtained":[],"gold_loss":0,"cards_obtained":["Mind Blast"]},{"damage_healed":0,"gold_gain":0,"player_choice":"Stole Relic","damage_taken":0,"relics_obtained":["Toy Ornithopter"],"max_hp_gain":0,"max_hp_loss":0,"event_name":"Addict","floor":21,"gold_loss":0,"cards_obtained":["Shame"]}],"is_beta":false,"boss_relics":[{"not_picked":["Snecko Eye","Fusion Hammer"],"picked":"SlaversCollar"}],"items_purged_floors":[14,20],"is_endless":false,"potions_floor_spawned":[2,6,16],"killed_by":"Chosen","ascension_level":0}}