{"host":"vx9g5eyuglzorf3u","time":1613852433,"event":{"mods":["2.2 Compatiblity","BaseMod","DeckTracker","Keyboard Shortcuts","Minty Spire (QoL Compilation)","Relic Stats","StSLib","SuperFastMode","everything is the same but u backflip on backflip"],"gold_per_floor":[119,119,130,140,140,140,175,193,217,227,75,95,111,121,121,199,199,218,218,218,63,82,82,29,0,24,24,38,51,81,100,100,174,174,188,463,481,481,140,140,150,150,150,160,174,207,57,75,75,75,75,75,75,75,103,103],"floor_reached":57,"language":"KOR","playtime":1901,"items_purged":["Pain","Strike_R","Strike_R","Bash"],"score":2816,"play_id":"6ebfe05d-5ac2-43d5-ba21-51bd6b6c507e","local_time":"20210221052033","is_ascension_mode":true,"campfire_choices":[{"data":"Body Slam","floor":6.0,"key":"SMITH"},{"floor":15.0,"key":"REST"},{"data":"Barricade","floor":23.0,"key":"SMITH"},{"data":"Armaments","floor":32.0,"key":"SMITH"},{"data":"Evolve","floor":40.0,"key":"SMITH"},{"data":"Barricade","floor":42.0,"key":"SMITH"},{"floor":49.0,"key":"RECALL"},{"data":"Wild Strike","floor":53.0,"key":"PURGE"}],"circlet_count":0,"master_deck":["AscendersBane","Strike_R","Defend_R","Defend_R","Defend_R","Defend_R","Body Slam+1","Power Through","Barricade+1","Armaments+1","Burning Pact","Entrench","Barricade+1","Hemokinesis","Second Wind","Shrug It Off","Shrug It Off","Feel No Pain","Fiend Fire+1","Evolve+1","Impervious","Entrench","Seeing Red"],"relics":["Burning Blood","Art of War","WarpedTongs","Omamori","Dream Catcher","MealTicket","Coffee Dripper","Molten Egg 2","Happy Flower","Vajra","Runic Pyramid","Peace Pipe","Lizard Tail"],"acts_visited":["Exordium","TheCity","TheBeyond","TheEnding"],"potions_floor_usage":[56],"damage_taken":[{"damage":9.0,"enemies":"2 Louse","floor":1.0,"turns":3.0},{"damage":4.0,"enemies":"Cultist","floor":3.0,"turns":4.0},{"damage":0.0,"enemies":"Small Slimes","floor":4.0,"turns":2.0},{"damage":23.0,"enemies":"Gremlin Nob","floor":7.0,"turns":4.0},{"damage":10.0,"enemies":"Red Slaver","floor":8.0,"turns":4.0},{"damage":21.0,"enemies":"Lots of Slimes","floor":10.0,"turns":7.0},{"damage":30.0,"enemies":"Exordium Thugs","floor":12.0,"turns":5.0},{"damage":1.0,"enemies":"Looter","floor":13.0,"turns":3.0},{"damage":3.0,"enemies":"Exordium Wildlife","floor":14.0,"turns":8.0},{"damage":16.0,"enemies":"Slime Boss","floor":16.0,"turns":15.0},{"damage":42.0,"enemies":"Chosen","floor":18.0,"turns":9.0},{"damage":13.0,"enemies":"3 Byrds","floor":22.0,"turns":7.0},{"damage":18.0,"enemies":"Snake Plant","floor":28.0,"turns":8.0},{"damage":0.0,"enemies":"Centurion and Healer","floor":29.0,"turns":12.0},{"damage":17.0,"enemies":"Slavers","floor":30.0,"turns":9.0},{"damage":11.0,"enemies":"Shelled Parasite and Fungi","floor":31.0,"turns":9.0},{"damage":0.0,"enemies":"Automaton","floor":33.0,"turns":9.0},{"damage":4.0,"enemies":"3 Darklings","floor":35.0,"turns":12.0},{"damage":5.0,"enemies":"Orb Walker","floor":37.0,"turns":4.0},{"damage":0.0,"enemies":"Spire Growth","floor":41.0,"turns":5.0},{"damage":21.0,"enemies":"3 Darklings","floor":44.0,"turns":6.0},{"damage":27.0,"enemies":"4 Shapes","floor":45.0,"turns":5.0},{"damage":4.0,"enemies":"Reptomancer","floor":46.0,"turns":5.0},{"damage":0.0,"enemies":"Sphere and 2 Shapes","floor":48.0,"turns":5.0},{"damage":0.0,"enemies":"Donu and Deca","floor":50.0,"turns":9.0},{"damage":24.0,"enemies":"Time Eater","floor":51.0,"turns":6.0},{"damage":11.0,"enemies":"Shield and Spear","floor":55.0,"turns":9.0},{"damage":33,"enemies":"The Heart","floor":56,"turns":11}],"seed_played":"5366188198751781530","potions_obtained":[{"floor":3.0,"key":"Weak Potion"},{"floor":4.0,"key":"Ancient Potion"},{"floor":8.0,"key":"Dexterity Potion"},{"floor":12.0,"key":"DistilledChaos"},{"floor":13.0,"key":"LiquidMemories"},{"floor":29.0,"key":"PowerPotion"},{"floor":31.0,"key":"LiquidMemories"},{"floor":48.0,"key":"BlessingOfTheForge"},{"floor":55.0,"key":"GamblersBrew"}],"is_trial":false,"path_per_floor":["M","?","M","M","?","R","E","M","T","M","$","M","M","M","R","B",null,"M","?","?","$","M","R","$","?","T","$","M","M","E","M","R","B",null,"M","?","M","?","$","R","M","R","T","M","M","E","$","M","R","B","B",null,"R","$","E","B",null],"character_chosen":"IRONCLAD","items_purchased":["Entrench","SkillPotion","Shrug It Off","Evolve","Impervious"],"campfire_rested":1,"item_purchase_floors":[11,21,24,39,39],"current_hp_per_floor":[65,65,67,73,73,73,56,52,52,37,52,28,33,36,58,48,68,32,32,32,47,40,40,55,55,55,70,58,64,53,48,48,54,70,72,72,73,73,75,75,75,75,75,60,39,41,56,62,62,68,50,69,69,75,70,43],"gold":103,"neow_bonus":"RANDOM_COMMON_RELIC","is_daily":false,"chose_seed":false,"campfire_upgraded":5,"win_rate":0.0,"timestamp":1613852433,"path_taken":["M","?","?","M","?","R","E","M","T","?","$","M","?","M","R","BOSS","M","?","?","?","M","R","$","?","T","$","M","M","E","M","R","BOSS","M","?","?","?","$","R","?","R","T","M","M","E","$","M","R","BOSS","BOSS","R","$","E","BOSS"],"items_purchased_type":["Card","Potion","Card","Card","Card"],"build_version":"2020-12-22","purchased_purges":4,"victory":true,"max_hp_per_floor":[75,75,75,75,75,75,75,75,75,75,75,75,75,75,75,75,75,75,75,75,75,75,75,75,75,75,75,75,75,75,75,75,75,75,75,75,75,75,75,75,75,75,75,75,75,75,75,75,75,75,75,75,75,75,75,75],"relic_stats":{"Peace Pipe":1,"Dream Catcher":1,"Lizard Tail":0,"Happy Flower":[41],"counters":[28,195],"MealTicket":83,"Art of War":[76],"obtain_stats":[{"Happy Flower":26,"Vajra":30,"Omamori":5,"Burning Blood":0,"WarpedTongs":2,"Peace Pipe":46,"Dream Catcher":7,"Lizard Tail":55,"MealTicket":9,"Molten Egg 2":20,"Art of War":0,"Coffee Dripper":17,"Runic Pyramid":34},{"Happy Flower":12,"Vajra":15,"Omamori":3,"Burning Blood":0,"WarpedTongs":1,"Peace Pipe":23,"Dream Catcher":4,"Lizard Tail":27,"MealTicket":5,"Molten Egg 2":11,"Art of War":0,"Coffee Dripper":10,"Runic Pyramid":17},{"Happy Flower":71,"Vajra":100,"Omamori":9,"Burning Blood":0,"WarpedTongs":3,"Peace Pipe":155,"Dream Catcher":13,"Lizard Tail":184,"MealTicket":17,"Molten Egg 2":64,"Art of War":0,"Coffee Dripper":55,"Runic Pyramid":118}],"Burning Blood":162,"WarpedTongs":[169]},"card_choices":[{"not_picked":["Clash","Perfected Strike"],"picked":"Wild Strike","floor":1.0},{"not_picked":["Metallicize","Thunderclap"],"picked":"Body Slam","floor":3.0},{"not_picked":["Armaments","Body Slam"],"picked":"Power Through","floor":4.0},{"not_picked":["Entrench","Headbutt"],"picked":"Barricade","floor":7.0},{"not_picked":["Warcry","Havoc"],"picked":"Armaments","floor":8.0},{"not_picked":["Rupture","Iron Wave"],"picked":"Burning Pact","floor":10.0},{"not_picked":["Anger","Flex","Havoc"],"picked":"SKIP","floor":12.0},{"not_picked":["Anger","Armaments","Dropkick"],"picked":"SKIP","floor":13.0},{"not_picked":["Body Slam","Pommel Strike","Hemokinesis"],"picked":"SKIP","floor":14.0},{"not_picked":["Dual Wield","Armaments","Clothesline"],"picked":"SKIP","floor":18.0},{"not_picked":["Iron Wave+1","True Grit"],"picked":"Second Wind","floor":22.0},{"not_picked":["Headbutt+1","Heavy Blade+1","Clothesline+1"],"picked":"SKIP","floor":28.0},{"not_picked":["Clash+1","Flex"],"picked":"Shrug It Off","floor":29.0},{"not_picked":["Bludgeon+1","Carnage+1"],"picked":"Feel No Pain","floor":30.0},{"not_picked":["True Grit","Wild Strike+1","Sentinel"],"picked":"SKIP","floor":31.0},{"not_picked":["Corruption","Exhume"],"picked":"Fiend Fire+1","floor":33.0},{"not_picked":["Searing Blow+1","Combust+1","Cleave+1"],"picked":"SKIP","floor":35.0},{"not_picked":["Armaments+1","Heavy Blade+1","Warcry"],"picked":"SKIP","floor":37.0},{"not_picked":["Wild Strike+1","True Grit+1","Clash+1"],"picked":"SKIP","floor":41.0},{"not_picked":["Thunderclap+1","Pommel Strike+1"],"picked":"Entrench","floor":44.0},{"not_picked":["Armaments","Warcry"],"picked":"Seeing Red","floor":45.0},{"not_picked":["Pummel+1","Clash+1","Headbutt+1"],"picked":"SKIP","floor":46.0},{"not_picked":["Infernal Blade","Twin Strike+1","Perfected Strike+1"],"picked":"SKIP","floor":48.0},{"not_picked":["Flex+1","Armaments","Spot Weakness+1"],"picked":"SKIP","floor":55.0}],"player_experience":1543162,"relics_obtained":[{"floor":7.0,"key":"Dream Catcher"},{"floor":9.0,"key":"MealTicket"},{"floor":26.0,"key":"Happy Flower"},{"floor":30.0,"key":"Vajra"},{"floor":46.0,"key":"Peace Pipe"},{"floor":55.0,"key":"Lizard Tail"}],"event_choices":[{"damage_healed":0.0,"max_hp_gain":0.0,"max_hp_loss":0.0,"gold_gain":0.0,"event_name":"Accursed Blacksmith","player_choice":"Rummage","floor":2.0,"gold_loss":0.0,"damage_taken":0.0,"relics_obtained":["WarpedTongs"],"cards_obtained":["Pain"]},{"damage_healed":0.0,"max_hp_gain":0.0,"max_hp_loss":0.0,"gold_gain":0.0,"event_name":"WeMeetAgain","player_choice":"Gave Potion","floor":5.0,"gold_loss":0.0,"damage_taken":0.0,"relics_obtained":["Omamori"]},{"damage_healed":0.0,"max_hp_gain":0.0,"max_hp_loss":0.0,"gold_gain":0.0,"cards_transformed":["Strike_R","Strike_R"],"event_name":"Drug Dealer","player_choice":"Became Test Subject","floor":19.0,"gold_loss":0.0,"damage_taken":0.0,"cards_obtained":["Barricade","Hemokinesis"]},{"damage_healed":0.0,"max_hp_gain":0.0,"max_hp_loss":0.0,"gold_gain":0.0,"event_name":"Addict","player_choice":"Stole Relic","floor":20.0,"gold_loss":0.0,"damage_taken":0.0,"relics_obtained":["Molten Egg 2"],"cards_obtained":["Shame"]},{"damage_healed":0.0,"max_hp_gain":0.0,"max_hp_loss":0.0,"gold_gain":0.0,"event_name":"Masked Bandits","player_choice":"Paid Fearfully","floor":25.0,"gold_loss":29.0,"damage_taken":0.0},{"damage_healed":0.0,"max_hp_gain":0.0,"max_hp_loss":0.0,"gold_gain":275.0,"event_name":"Golden Shrine","player_choice":"Desecrate","floor":36.0,"gold_loss":0.0,"damage_taken":0.0,"cards_obtained":["Regret"]},{"damage_healed":0.0,"max_hp_gain":0.0,"max_hp_loss":0.0,"gold_gain":0.0,"event_name":"SecretPortal","player_choice":"Ignored","floor":38.0,"gold_loss":0.0,"damage_taken":0.0}],"is_beta":false,"boss_relics":[{"not_picked":["Black Star","Mark of Pain"],"picked":"Coffee Dripper"},{"not_picked":["Black Blood","Cursed Key"],"picked":"Runic Pyramid"}],"items_purged_floors":[11,21,39,47],"is_endless":false,"potions_floor_spawned":[3,4,8,12,13,29,31,33,41,48,55],"ascension_level":20}}