{"host":"zsf7u5n6ehqeseos","time":1613828013,"event":{"mods":["AchievementEnabler","BaseMod","Colored Map","Colored Powertips","Googly Eyes","Minty Spire (QoL Compilation)"],"gold_per_floor":[35,72,72,102,140,167,167,89,89,89,14,54,54,128,128,228,228,246,246,32,131,56,56,108,124,124,124,136,149,194,205,205,307,307,327,340,340,358,15,15,28,53,100,110,10,59,59,59,59,59],"floor_reached":51,"language":"ENG","playtime":3205,"items_purged":["Strike_G","Strike_G"],"score":1024,"play_id":"ad517fc2-4064-4b61-b55d-ae926b674dec","local_time":"20210220143333","is_ascension_mode":true,"campfire_choices":[{"data":"After Image","floor":7.0,"key":"SMITH"},{"floor":15.0,"key":"REST"},{"floor":23.0,"key":"REST"},{"floor":32,"key":"REST"},{"floor":40,"key":"REST"},{"floor":47,"key":"REST"},{"floor":49,"key":"REST"}],"circlet_count":0,"master_deck":["Strike_G","Defend_G","Defend_G","Defend_G","Defend_G","Defend_G","Survivor","Neutralize","HandOfGreed","Poisoned Stab","Deadly Poison","Poisoned Stab","After Image+1","Noxious Fumes","Backflip","Bane","Burst","Bane","Backstab","Catalyst","Slice+1","Deadly Poison+1","Mind Blast","Deadly Poison+1","Leg Sweep+1","Infinite Blades+1","Terror+1","A Thousand Cuts","CurseOfTheBell","Poisoned Stab+1","Bane+1","Panache","Bouncing Flask","Crippling Poison+1","A Thousand Cuts","Deadly Poison+1"],"relics":["Ring of the Snake","Strawberry","Bag of Preparation","Prayer Wheel","Letter Opener","Fusion Hammer","Toolbox","Lizard Tail","Tingsha","Mummified Hand","Calling Bell","Potion Belt","White Beast Statue","The Specimen","ClockworkSouvenir","Darkstone Periapt","Bag of Marbles","Frozen Egg 2"],"acts_visited":["Exordium","TheCity","TheBeyond"],"potions_floor_usage":[24,30,33,41,42,50,50,50,50],"damage_taken":[{"damage":0.0,"enemies":"2 Louse","floor":1.0,"turns":2.0},{"damage":4.0,"enemies":"Cultist","floor":2.0,"turns":3.0},{"damage":2.0,"enemies":"Jaw Worm","floor":4.0,"turns":3.0},{"damage":0.0,"enemies":"Red Slaver","floor":5.0,"turns":5.0},{"damage":15.0,"enemies":"Lagavulin","floor":6.0,"turns":5.0},{"damage":0.0,"enemies":"Large Slime","floor":12.0,"turns":5.0},{"damage":11.0,"enemies":"3 Sentries","floor":14.0,"turns":6.0},{"damage":19.0,"enemies":"Hexaghost","floor":16.0,"turns":8.0},{"damage":3.0,"enemies":"3 Byrds","floor":18.0,"turns":4.0},{"damage":17,"enemies":"Gremlin Leader","floor":24,"turns":6},{"damage":13,"enemies":"2 Thieves","floor":25,"turns":3},{"damage":3,"enemies":"3 Cultists","floor":28,"turns":4},{"damage":4,"enemies":"Snake Plant","floor":29,"turns":3},{"damage":10,"enemies":"Book of Stabbing","floor":30,"turns":6},{"damage":10,"enemies":"Shelled Parasite and Fungi","floor":31,"turns":5},{"damage":28,"enemies":"Champ","floor":33,"turns":7},{"damage":2,"enemies":"Orb Walker","floor":35,"turns":3},{"damage":6,"enemies":"3 Shapes","floor":36,"turns":3},{"damage":16,"enemies":"Writhing Mass","floor":38,"turns":5},{"damage":2,"enemies":"Transient","floor":41,"turns":5},{"damage":43,"enemies":"Nemesis","floor":42,"turns":5},{"damage":0,"enemies":"Sphere and 2 Shapes","floor":44,"turns":1},{"damage":6,"enemies":"Giant Head","floor":46,"turns":6},{"damage":25,"enemies":"Donu and Deca","floor":50,"turns":6}],"seed_played":"6063825886307004903","potions_obtained":[{"floor":3.0,"key":"FairyPotion"},{"floor":3.0,"key":"Poison Potion"},{"floor":3.0,"key":"SkillPotion"},{"floor":14.0,"key":"SteroidPotion"},{"floor":24,"key":"Block Potion"},{"floor":30,"key":"DistilledChaos"},{"floor":31,"key":"GamblersBrew"},{"floor":35,"key":"DuplicationPotion"},{"floor":36,"key":"Energy Potion"},{"floor":38,"key":"Regen Potion"},{"floor":41,"key":"DistilledChaos"},{"floor":42,"key":"SteroidPotion"},{"floor":44,"key":"Explosive Potion"},{"floor":46,"key":"DuplicationPotion"}],"is_trial":false,"path_per_floor":["M","M","?","M","M","E","R","$","T","T","$","M","?","E","R","B",null,"M","?","$","?","?","R","E","M","T","?","M","M","E","M","R","B",null,"M","M","?","M","$","R","M","E","T","M","$","E","R","?","R","B",null],"character_chosen":"THE_SILENT","items_purchased":["Noxious Fumes","Catalyst","Toolbox","ClockworkSouvenir","Panache"],"campfire_rested":6,"item_purchase_floors":[8,20,20,39,39],"current_hp_per_floor":[63,59,59,57,57,49,49,49,49,49,49,49,42,31,54,35,67,64,64,64,64,64,77,60,47,47,35,32,28,18,8,31,3,59,57,51,51,35,35,58,70,27,27,27,27,21,44,44,65,40],"gold":59,"neow_bonus":"RANDOM_COLORLESS_2","is_daily":false,"chose_seed":false,"campfire_upgraded":1,"win_rate":0.0,"timestamp":1613828013,"path_taken":["M","M","?","M","M","E","R","?","T","?","$","?","?","E","R","BOSS","M","?","$","?","?","R","E","M","T","?","?","M","E","M","R","BOSS","M","M","?","M","$","R","M","E","T","M","$","E","R","?","R","BOSS"],"items_purchased_type":["Card","Card","Relic","Relic","Card"],"build_version":"2020-12-22","purchased_purges":2,"victory":true,"max_hp_per_floor":[70,70,70,70,70,77,77,77,77,77,77,77,77,77,77,77,77,77,77,77,77,77,77,77,77,77,77,77,77,77,77,77,77,77,77,77,77,77,77,77,77,77,77,77,77,77,77,73,73,73],"card_choices":[{"not_picked":["Chrysalis","Secret Technique"],"picked":"HandOfGreed","floor":0.0},{"not_picked":["Dodge and Roll","Flechettes"],"picked":"Poisoned Stab","floor":1.0},{"not_picked":["Poisoned Stab","Cloak And Dagger"],"picked":"Deadly Poison","floor":2.0},{"not_picked":["Cloak And Dagger","Acrobatics","Underhanded Strike"],"picked":"SKIP","floor":4.0},{"not_picked":["Flying Knee","Cloak And Dagger"],"picked":"Poisoned Stab","floor":5.0},{"not_picked":["Crippling Poison","Underhanded Strike"],"picked":"After Image","floor":6.0},{"not_picked":["Tactician","Dagger Spray"],"picked":"Backflip","floor":12.0},{"not_picked":["Reflex","Blade Dance","Sucker Punch"],"picked":"SKIP","floor":12.0},{"not_picked":["Dash","Cloak And Dagger"],"picked":"Bane","floor":14.0},{"not_picked":["Malaise","Night Terror"],"picked":"Burst","floor":16.0},{"not_picked":["Sucker Punch","Dagger Spray+1"],"picked":"Bane","floor":18.0},{"not_picked":["Blur","Sucker Punch","Accuracy"],"picked":"SKIP","floor":18.0},{"not_picked":["Finisher+1","Outmaneuver"],"picked":"Slice+1","floor":24},{"not_picked":["Dagger Spray","Skewer"],"picked":"Deadly Poison+1","floor":25},{"not_picked":["Heel Hook+1","Slice","Dodge and Roll"],"picked":"SKIP","floor":25},{"not_picked":["Doppelganger","Dagger Throw+1","Deflect"],"picked":"SKIP","floor":28},{"not_picked":["Underhanded Strike","Flying Knee","Sucker Punch+1"],"picked":"SKIP","floor":28},{"not_picked":["Setup","Eviscerate"],"picked":"Deadly Poison+1","floor":29},{"not_picked":["Reflex","Poisoned Stab"],"picked":"Leg Sweep+1","floor":29},{"not_picked":["Poisoned Stab","Slice+1"],"picked":"Infinite Blades+1","floor":30},{"not_picked":["Sucker Punch","Dodge and Roll+1"],"picked":"Terror+1","floor":31},{"not_picked":["Slice+1","Calculated Gamble","Dagger Throw"],"picked":"SKIP","floor":31},{"not_picked":["Adrenaline","Storm of Steel"],"picked":"A Thousand Cuts","floor":33},{"not_picked":["Acrobatics+1","Skewer+1"],"picked":"Poisoned Stab+1","floor":35},{"not_picked":["Dagger Spray","Accuracy","Outmaneuver"],"picked":"SKIP","floor":35},{"not_picked":["Skewer","Sucker Punch"],"picked":"Bane+1","floor":36},{"not_picked":["Doppelganger","Dagger Throw","Slice"],"picked":"SKIP","floor":36},{"not_picked":["Bane+1","Flechettes+1","Sucker Punch+1"],"picked":"SKIP","floor":38},{"not_picked":["All Out Attack","Sucker Punch+1","Acrobatics+1"],"picked":"SKIP","floor":38},{"not_picked":["Dagger Throw+1","Dodge and Roll"],"picked":"Bouncing Flask","floor":41},{"not_picked":["Calculated Gamble+1","Acrobatics+1"],"picked":"Crippling Poison+1","floor":41},{"not_picked":["Expertise+1","Bane+1"],"picked":"A Thousand Cuts","floor":42},{"not_picked":["Slice+1","Quick Slash"],"picked":"Deadly Poison+1","floor":44},{"not_picked":["Slice","Outmaneuver","Quick Slash+1"],"picked":"SKIP","floor":44},{"not_picked":["Poisoned Stab","Wraith Form v2+1","Flechettes"],"picked":"SKIP","floor":46}],"player_experience":238401,"relics_obtained":[{"floor":6.0,"key":"Strawberry"},{"floor":9.0,"key":"Bag of Preparation"},{"floor":10.0,"key":"Prayer Wheel"},{"floor":14.0,"key":"Letter Opener"},{"floor":24,"key":"Lizard Tail"},{"floor":26,"key":"Tingsha"},{"floor":30,"key":"Mummified Hand"},{"floor":34,"key":"Potion Belt"},{"floor":34,"key":"White Beast Statue"},{"floor":34,"key":"The Specimen"},{"floor":42,"key":"Darkstone Periapt"},{"floor":43,"key":"Bag of Marbles"},{"floor":46,"key":"Frozen Egg 2"}],"event_choices":[{"damage_healed":0.0,"max_hp_gain":0.0,"max_hp_loss":0.0,"gold_gain":0.0,"event_name":"Lab","player_choice":"Got Potions","floor":3.0,"gold_loss":0.0,"damage_taken":0.0},{"cards_removed":["Strike_G"],"damage_healed":0.0,"max_hp_gain":0.0,"max_hp_loss":0.0,"gold_gain":0.0,"event_name":"Golden Wing","player_choice":"Card Removal","floor":13.0,"gold_loss":0.0,"damage_taken":7.0},{"damage_healed":0.0,"max_hp_gain":0.0,"max_hp_loss":0.0,"gold_gain":0.0,"event_name":"The Library","player_choice":"Read","floor":19.0,"gold_loss":0.0,"damage_taken":0.0,"cards_obtained":["Backstab"]},{"damage_healed":0.0,"max_hp_gain":0.0,"max_hp_loss":0.0,"gold_gain":99.0,"event_name":"Nest","player_choice":"Stole From Cult","floor":21.0,"gold_loss":0.0,"damage_taken":0.0},{"cards_removed":["Strike_G"],"damage_healed":0.0,"max_hp_gain":0.0,"max_hp_loss":0.0,"gold_gain":0.0,"event_name":"Beggar","player_choice":"Gave Gold","floor":22.0,"gold_loss":75.0,"damage_taken":0.0},{"damage_healed":0,"gold_gain":0,"player_choice":"CARD ","damage_taken":12,"max_hp_gain":0,"max_hp_loss":0,"event_name":"Knowing Skull","floor":27,"potions_obtained":[],"gold_loss":0,"cards_obtained":["Mind Blast"]},{"damage_healed":0,"gold_gain":0,"player_choice":"Ignored","damage_taken":0,"max_hp_gain":0,"max_hp_loss":0,"event_name":"Tomb of Lord Red Mask","floor":37,"gold_loss":0},{"damage_healed":0,"gold_gain":0,"player_choice":"Max HP","damage_taken":0,"max_hp_gain":0,"max_hp_loss":4,"event_name":"Winding Halls","floor":48,"gold_loss":0}],"is_beta":false,"boss_relics":[{"not_picked":["Velvet Choker","Runic Dome"],"picked":"Fusion Hammer"},{"not_picked":["Sozu","Cursed Key"],"picked":"Calling Bell"}],"items_purged_floors":[11,45],"is_endless":false,"potions_floor_spawned":[4,5,14,24,30,31,35,36,38,41,42,44,46],"ascension_level":6}}