{"host":"7qehwwg45m0o36in","time":1613837061,"event":{"mods":["2.2 Compatiblity","AchievementEnabler","AlwaysNeverKeys","Aspiration","BaseMod","Better Altar","Better Match","Better Skull","BetterRewards","Card Forge","Challenge The Spire","Chen","Colored Map","Colored Powertips","Conspire","Custom Start","Defuse TimeMaze Blight","Energized Spire","Exacting","Filter the Spire","GifTheSpireLib","Hermit","Hubris","Infinite Spire","Jedi Mod","Jorbs\u0027s Wanderer Trilogy","Koishi","Mimic Mod","Minty Spire (QoL Compilation)","Prisma Mod","Quick Restart","Random Character Mod","Rare Cards Sparkle","Remilia??????","Replay The Spire","Robot Space Explorer","Shop Mod","Spicy Shops","Spikes Relics","Spire Birthday Party","StSLib","Stuff the Spire","Synergy Search","The Animator","The Blackbeard","The Blue Laboratory","The Cursed","The Disciple","The Jungle","The Marked","Virulent Crown","Wandering Minibosses"],"gold_per_floor":[147,210,249,303,402,489,489,614,637,742,910,997,997,1093,1093,1378,1378,1414,1414,1447,1501,1603,1687,1720,1819,1921,2020,2116,2116,2116],"floor_reached":29,"language":"ENG","playtime":1653,"items_purged":[],"score":566,"play_id":"11b83ac8-cdf0-4b37-9e34-f4aed8ad5bc7","local_time":"20210220170421","daily_mods":["DeadlyEvents","Elite Swarm","Midas"],"is_ascension_mode":false,"campfire_choices":[{"floor":7.0,"key":"REST"}],"circlet_count":0,"master_deck":["theMarked:Defend+1","theMarked:Defend+1","theMarked:Defend+1","theMarked:SoldierOfQuellstein+1","theMarked:Memento+1","theMarked:Improvise+1","theMarked:ResourceFulStrike+1","theMarked:ChannelForce+1","theMarked:EternalStudent+1","theMarked:MagusForm+1","theMarked:TakeOffHeels+1","theMarked:BanishingStrike+1","theMarked:MagusForm+1","theMarked:Vacuum+1","theMarked:Challenge+1","theMarked:Aftermath+1","theMarked:BiggerThanFate+1","theMarked:ComboAttacks+1","theMarked:Defy+1"],"relics":["theMarked:ArtifactOfAir","Hammer of Thor","Seething Fire","Anvil of the Gods","StuffTheSpire:DarkSteelAnvil","Quantum Egg","Strawberry","ScarletDevilRocket","aspiration:ArtOfWarUpgrade","Bag of Marbles","AntiCross","War Paint","infinitespire:EmpoweringShard","jedi:arcanewood","SacredBark","infinitespire:Eraser","Centennial Puzzle","Kunai","Replay:Bottled Eggs","Tiny Chest","jedi:gremlinknob"],"acts_visited":["Exordium","TheCity"],"potions_floor_usage":[28,29,29],"damage_taken":[{"damage":0.0,"enemies":"Cultist","floor":1.0,"turns":2.0},{"damage":0.0,"enemies":"Small Slimes","floor":2.0,"turns":2.0},{"damage":0.0,"enemies":"Jaw Worm","floor":3.0,"turns":1.0},{"damage":0.0,"enemies":"3 Louse","floor":4.0,"turns":3.0},{"damage":0.0,"enemies":"Red Slaver","floor":5.0,"turns":2.0},{"damage":0.0,"enemies":"Gremlin Nob","floor":6.0,"turns":2.0},{"damage":0.0,"enemies":"3 Sentries","floor":8.0,"turns":2.0},{"damage":0.0,"enemies":"Gremlin Nob","floor":10.0,"turns":2.0},{"damage":1.0,"enemies":"Replay:BlueRogue","floor":12.0,"turns":4.0},{"damage":0.0,"enemies":"Lagavulin","floor":14.0,"turns":4.0},{"damage":7.0,"enemies":"Slime Boss","floor":16.0,"turns":5.0},{"damage":3.0,"enemies":"3 Byrds","floor":18.0,"turns":4.0},{"damage":10.0,"enemies":"Chosen","floor":20.0,"turns":2.0},{"damage":0.0,"enemies":"Snecko","floor":21.0,"turns":2.0},{"damage":0.0,"enemies":"Snake Plant","floor":22.0,"turns":2.0},{"damage":16.0,"enemies":"Gremlin Leader","floor":23.0,"turns":4.0},{"damage":21.0,"enemies":"Snake Plant","floor":24.0,"turns":2.0},{"damage":6.0,"enemies":"conspire:SneckoGhost","floor":25.0,"turns":2.0},{"damage":0.0,"enemies":"3 Cultists","floor":26.0,"turns":2.0},{"damage":7,"enemies":"conspire:Head Lice","floor":27,"turns":4},{"damage":1,"enemies":"Replay:Snechameleon","floor":28,"turns":3},{"damage":18,"enemies":"conspire:SneckoGhost","floor":29,"turns":2}],"seed_played":"-3262728051751819947","potions_obtained":[{"floor":3.0,"key":"blueLaboratory:PyrophylliteBrew"},{"floor":6.0,"key":"ColorlessPotion"},{"floor":8.0,"key":"Elixir"},{"floor":10.0,"key":"DistilledChaos"},{"floor":11.0,"key":"Cursed Concoction"},{"floor":23.0,"key":"jedi:StrikingPotion"}],"is_trial":true,"path_per_floor":["M","M","M","M","MIM","E","R","E","T","E","?","E","R","E","R","B",null,"M","?","M","M","MIM","E","M","E","MIM","E","E","E"],"character_chosen":"THE_DEFAULT","items_purchased":[],"campfire_rested":1,"item_purchase_floors":[],"current_hp_per_floor":[72,72,72,72,79,79,79,79,79,79,79,78,78,78,78,71,79,76,76,66,66,66,50,29,23,23,16,15,0,0],"gold":2116,"neow_bonus":"","is_daily":false,"chose_seed":false,"campfire_upgraded":0,"win_rate":0.0,"timestamp":1613837061,"path_taken":["M","?","M","M","?","E","R","E","T","E","?","E","R","E","R","BOSS","M","?","M","?","?","E","M","?","MIM","E","?","E"],"items_purchased_type":[],"build_version":"2020-12-22","purchased_purges":0,"victory":false,"max_hp_per_floor":[72,72,72,72,79,79,79,79,79,79,79,79,79,79,79,79,79,79,79,79,79,79,79,79,79,79,79,79,79,79],"card_choices":[{"not_picked":["theMarked:Heritage","theMarked:Parkour"],"picked":"theMarked:Memento","floor":1.0},{"not_picked":["theMarked:TakeCover","theMarked:RepellingDischarge"],"picked":"theMarked:Improvise","floor":2.0},{"not_picked":["theMarked:AttractMetal","theMarked:WastefulAttack"],"picked":"theMarked:ResourceFulStrike","floor":3.0},{"not_picked":["theMarked:WastefulAttack","theMarked:Seal"],"picked":"theMarked:ChannelForce","floor":4.0},{"not_picked":["theMarked:Vacuum","theMarked:DispelDoubt"],"picked":"theMarked:EternalStudent","floor":6.0},{"not_picked":["theMarked:BindingBlade","theMarked:FavorableWinds"],"picked":"theMarked:MagusForm","floor":8.0},{"not_picked":["theMarked:UnarmedFury","theMarked:FavorableWinds"],"picked":"theMarked:TakeOffHeels","floor":10.0},{"not_picked":["theMarked:ShockingTouch","theMarked:HeightenedSenses"],"picked":"theMarked:BanishingStrike","floor":11.0},{"not_picked":["theMarked:ThrowWeapon","theMarked:FavorableWinds"],"picked":"theMarked:MagusForm","floor":12.0},{"not_picked":["theMarked:TurnInvisible","theMarked:UnarmedFury"],"picked":"theMarked:Vacuum","floor":14.0},{"not_picked":["theMarked:EternalStudent","theMarked:Levitate"],"picked":"theMarked:Challenge","floor":16.0},{"not_picked":["theMarked:Improvise+1","theMarked:TakeCover","theMarked:TheMission"],"picked":"SKIP","floor":18.0},{"not_picked":["theMarked:Improvise","theMarked:RepellingDischarge","theMarked:HeightenedSenses"],"picked":"SKIP","floor":20.0},{"not_picked":["theMarked:Improvise","theMarked:TakeCover"],"picked":"theMarked:Aftermath","floor":21.0},{"not_picked":["theMarked:BindingBlade","theMarked:Challenge"],"picked":"theMarked:BiggerThanFate","floor":23.0},{"not_picked":["theMarked:Determination","theMarked:RepellingDischarge+1"],"picked":"theMarked:ComboAttacks","floor":24.0},{"not_picked":["theMarked:ThrowWeapon","theMarked:BindingBlade","theMarked:TakeOffHeels"],"picked":"SKIP","floor":25.0},{"not_picked":["theMarked:BiggerThanFate","theMarked:FavorableWinds"],"picked":"theMarked:Defy","floor":27},{"not_picked":["theMarked:UnarmedFury","theMarked:Snap","theMarked:Challenge"],"picked":"SKIP","floor":28}],"player_experience":424517,"relics_obtained":[{"floor":5.0,"key":"Strawberry"},{"floor":6.0,"key":"ScarletDevilRocket"},{"floor":8.0,"key":"Art of War"},{"floor":9.0,"key":"Bag of Marbles"},{"floor":10.0,"key":"AntiCross"},{"floor":11.0,"key":"War Paint"},{"floor":12.0,"key":"infinitespire:EmpoweringShard"},{"floor":14.0,"key":"jedi:arcanewood"},{"floor":22.0,"key":"infinitespire:Eraser"},{"floor":23.0,"key":"Centennial Puzzle"},{"floor":25.0,"key":"Kunai"},{"floor":26.0,"key":"Replay:Bottled Eggs"},{"floor":27,"key":"Tiny Chest"},{"floor":28,"key":"jedi:gremlinknob"}],"event_choices":[],"is_beta":false,"boss_relics":[{"not_picked":["Empty Cage","StuffTheSpire:ModemDavis"],"picked":"SacredBark"}],"items_purged_floors":[],"is_endless":false,"potions_floor_spawned":[3,6,8,10,12,23,24,27],"killed_by":"conspire:SneckoGhost","ascension_level":0}}