{"host":"bx8e8mpro7fea2qq","time":1613805133,"event":{"mods":["BaseMod","Better Third Choice","Colored Map","Hermit","Marisa????????","Minty Spire (QoL Compilation)","Rare Cards Sparkle","Reliquary","StSLib","The Cursed"],"gold_per_floor":[119,194,211,211,34,34,69,85,110,110,110,129,129,139,139,238,238,257,257,276,276,35,48,48,48],"floor_reached":24,"language":"ENG","playtime":1140,"items_purged":[],"score":221,"play_id":"54e5c8cc-8611-4e15-8b64-da56959116cd","local_time":"20210220011213","is_ascension_mode":false,"campfire_choices":[{"data":"DC","floor":10,"key":"SMITH"},{"floor":13,"key":"REST"},{"data":"The Bomb","floor":15,"key":"SMITH"}],"circlet_count":0,"master_deck":["Strike_MRS","Strike_MRS+1","Strike_MRS","Strike_MRS","Defend_MRS","Defend_MRS","Defend_MRS","Defend_MRS","MasterSpark","UpSweep","DragonMeteor+1","OneTimeOff","The Bomb+1","JA","DC+1","DoubleSpark","PowerUp","MaximisePower","SporeBomb+1","ShootTheMoon+1","Mind Blast","ChargingUp"],"relics":["MiniHakkero","NeowsBlessing","reliquary:PartyBalloon","reliquary:TatteredRug","reliquary:ThirdArm","reliquary:BrokenClock"],"acts_visited":["Exordium","TheCity"],"potions_floor_usage":[16,16,23],"damage_taken":[{"damage":0,"enemies":"Small Slimes","floor":1,"turns":1},{"damage":0,"enemies":"Jaw Worm","floor":3,"turns":1},{"damage":0,"enemies":"Lagavulin","floor":7,"turns":1},{"damage":0,"enemies":"2 Louse","floor":8,"turns":3},{"damage":4,"enemies":"2 Fungi Beasts","floor":12,"turns":3},{"damage":8,"enemies":"Red Slaver","floor":14,"turns":3},{"damage":30,"enemies":"Slime Boss","floor":16,"turns":8},{"damage":5,"enemies":"Chosen","floor":18,"turns":3},{"damage":25,"enemies":"2 Thieves","floor":20,"turns":4},{"damage":23,"enemies":"3 Cultists","floor":23,"turns":4},{"damage":22,"enemies":"Gremlin Leader","floor":24,"turns":2}],"seed_played":"3943439267478886680","potions_obtained":[{"floor":1,"key":"SkillPotion"},{"floor":8,"key":"SpeedPotion"},{"floor":14,"key":"Fire Potion"},{"floor":16,"key":"EssenceOfSteel"},{"floor":19,"key":"LiquidMemories"}],"is_trial":false,"path_per_floor":["M","?","M","?","$","?","E","M","T","R","?","M","R","M","R","B",null,"M","?","M","?","$","M","E"],"character_chosen":"MARISA","items_purchased":["The Bomb","reliquary:BrokenClock","Mind Blast"],"campfire_rested":1,"item_purchase_floors":[5,22,22],"current_hp_per_floor":[75,75,75,75,75,60,60,60,60,60,60,56,75,67,67,37,75,70,70,45,45,45,22,0,0],"gold":48,"neow_bonus":"THREE_ENEMY_KILL","is_daily":false,"chose_seed":false,"campfire_upgraded":2,"win_rate":0.0,"timestamp":1613805133,"path_taken":["M","?","M","?","$","?","E","M","T","R","?","M","R","?","R","BOSS","M","?","?","?","$","M","E"],"items_purchased_type":["Card","Relic","Card"],"build_version":"2020-12-22","purchased_purges":0,"victory":false,"max_hp_per_floor":[75,75,75,75,75,75,75,75,75,75,75,75,75,75,75,75,75,75,75,75,75,75,75,75,75],"card_choices":[{"not_picked":["DarkSpark","GravityBeat"],"picked":"DragonMeteor","floor":1},{"not_picked":["UnstableBomb","EventHorizon"],"picked":"OneTimeOff","floor":3},{"not_picked":["IllusionStar","BlazeAway"],"picked":"JA","floor":7},{"not_picked":["StarlightTyphoon","OortCloud"],"picked":"DC","floor":8},{"not_picked":["NonDirectionalLaser","WitchOfGreed"],"picked":"DoubleSpark","floor":12},{"not_picked":["MilkyWay","GrandCross"],"picked":"PowerUp","floor":14},{"not_picked":["SuperNova","BigCrunch"],"picked":"MaximisePower","floor":16},{"not_picked":["GalacticHalo","DragonMeteor+1"],"picked":"SporeBomb+1","floor":18},{"not_picked":["DoubleSpark","NonDirectionalLaser+1"],"picked":"ShootTheMoon+1","floor":20},{"not_picked":["BlazeAway","OneTimeOff"],"picked":"ChargingUp","floor":23}],"player_experience":54894,"relics_obtained":[{"floor":7,"key":"reliquary:PartyBalloon"},{"floor":9,"key":"reliquary:TatteredRug"}],"event_choices":[{"damage_healed":0,"gold_gain":75,"player_choice":"Gained Gold","damage_taken":0,"max_hp_gain":0,"max_hp_loss":0,"event_name":"Golden Wing","floor":2,"gold_loss":0},{"damage_healed":0,"gold_gain":0,"player_choice":"Leave","damage_taken":0,"max_hp_gain":0,"max_hp_loss":0,"event_name":"The Cleric","floor":4,"gold_loss":0},{"damage_healed":75,"gold_gain":0,"player_choice":"Upgrade","damage_taken":15,"max_hp_gain":0,"max_hp_loss":75,"event_name":"betterThird:BetterShining","floor":6,"gold_loss":0,"cards_upgraded":["DragonMeteor","Strike_MRS"]},{"damage_healed":0,"gold_gain":0,"player_choice":"Ignored","damage_taken":0,"max_hp_gain":0,"max_hp_loss":0,"event_name":"NoteForYourself","floor":11,"gold_loss":0},{"damage_healed":0,"gold_gain":0,"player_choice":"Got Potions","damage_taken":0,"max_hp_gain":0,"max_hp_loss":0,"event_name":"Lab","floor":19,"gold_loss":0},{"damage_healed":0,"gold_gain":0,"player_choice":"Ignored","damage_taken":0,"max_hp_gain":0,"max_hp_loss":0,"event_name":"Vampires","floor":21,"gold_loss":0}],"is_beta":false,"boss_relics":[{"not_picked":["SlaversCollar","reliquary:WritOfMandamus"],"picked":"reliquary:ThirdArm"}],"items_purged_floors":[],"is_endless":false,"potions_floor_spawned":[1,8,14,16],"killed_by":"Gremlin Leader","ascension_level":0}}