{"host":"Rich","time":1613856448,"event":{"mods":["AchievementEnabler","BaseMod","Highlight Path","Minty Spire (QoL Compilation)","Relic Stats"],"gold_per_floor":[12,26,26,26,26,55,65,65,90,121,38,51,51,75,75,164,164,184,199,199,218,218,218,218,218],"floor_reached":24,"language":"ENG","playtime":956,"items_purged":[],"score":412,"play_id":"2d12a27c-2033-4fa6-a361-f38c1c8ce6c9","local_time":"20210220162728","is_ascension_mode":true,"campfire_choices":[{"floor":15,"key":"REST"},{"data":"Malaise","floor":23,"key":"SMITH"}],"circlet_count":0,"master_deck":["AscendersBane","Strike_G","Strike_G","Defend_G","Defend_G","Defend_G","Defend_G","Survivor","Neutralize","Dash","Flying Knee","Masterful Stab","Dagger Spray","Dagger Spray","Quick Slash","Malaise+1","Cloak And Dagger","Blade Dance","PiercingWail+1"],"relics":["Ring of the Snake","Centennial Puzzle","Golden Idol","Strawberry","Juzu Bracelet","Happy Flower","Runic Pyramid"],"acts_visited":["Exordium","TheCity"],"potions_floor_usage":[6,10,16,19,24],"damage_taken":[{"damage":13,"enemies":"Small Slimes","floor":1,"turns":5},{"damage":0,"enemies":"2 Louse","floor":2,"turns":3},{"damage":19,"enemies":"Gremlin Nob","floor":6,"turns":6},{"damage":0,"enemies":"Cultist","floor":7,"turns":4},{"damage":27,"enemies":"Lagavulin","floor":10,"turns":9},{"damage":0,"enemies":"Blue Slaver","floor":12,"turns":3},{"damage":0,"enemies":"Exordium Wildlife","floor":14,"turns":2},{"damage":20,"enemies":"The Guardian","floor":16,"turns":16},{"damage":14,"enemies":"Shell Parasite","floor":18,"turns":7},{"damage":5,"enemies":"2 Thieves","floor":19,"turns":4},{"damage":2,"enemies":"Snecko","floor":21,"turns":8},{"damage":10,"enemies":"Slavers","floor":24,"turns":3}],"seed_played":"1749976832475304162","potions_obtained":[{"floor":1,"key":"ColorlessPotion"},{"floor":6,"key":"Poison Potion"},{"floor":14,"key":"Dexterity Potion"},{"floor":16,"key":"LiquidMemories"},{"floor":19,"key":"LiquidMemories"},{"floor":21,"key":"SteroidPotion"}],"is_trial":false,"path_per_floor":["M","M","?","?","?","E","M","?","T","E","?","M","?","M","R","B",null,"M","M","?","M","?","R","E"],"character_chosen":"THE_SILENT","items_purchased":[],"campfire_rested":1,"item_purchase_floors":[],"current_hp_per_floor":[46,46,46,66,59,40,40,40,47,20,20,20,20,20,40,20,55,41,36,49,47,47,47,37,37],"gold":218,"neow_bonus":"REMOVE_TWO","is_daily":false,"chose_seed":false,"campfire_upgraded":1,"win_rate":0.0,"timestamp":1613856448,"path_taken":["M","M","?","?","?","E","M","?","T","E","?","M","?","M","R","BOSS","M","M","?","M","?","R","E"],"items_purchased_type":[],"build_version":"2020-12-18","purchased_purges":0,"victory":false,"max_hp_per_floor":[66,66,66,66,66,66,66,60,67,67,67,67,67,67,67,67,67,67,67,67,67,67,67,67,67],"relic_stats":{"Centennial Puzzle":[18],"Happy Flower":[14],"counters":[12,70],"Golden Idol":43,"Juzu Bracelet":1,"obtain_stats":[{"Centennial Puzzle":6,"Happy Flower":11,"Golden Idol":8,"Strawberry":9,"Juzu Bracelet":10,"Ring of the Snake":0,"Runic Pyramid":17},{"Centennial Puzzle":3,"Happy Flower":5,"Golden Idol":4,"Strawberry":4,"Juzu Bracelet":5,"Ring of the Snake":0,"Runic Pyramid":8},{"Centennial Puzzle":14,"Happy Flower":27,"Golden Idol":18,"Strawberry":18,"Juzu Bracelet":27,"Ring of the Snake":0,"Runic Pyramid":48}],"Ring of the Snake":[24]},"card_choices":[{"not_picked":["Expertise","Concentrate"],"picked":"Dash","floor":1},{"not_picked":["PiercingWail","Quick Slash"],"picked":"Flying Knee","floor":2},{"not_picked":["Flying Knee","Outmaneuver"],"picked":"Dagger Spray","floor":6},{"not_picked":["Skewer","Slice"],"picked":"Dagger Spray","floor":7},{"not_picked":["Deflect","Concentrate","Underhanded Strike"],"picked":"SKIP","floor":10},{"not_picked":["Bane","Dagger Spray"],"picked":"Quick Slash","floor":12},{"not_picked":["Dagger Spray","Grand Finale","Deflect"],"picked":"SKIP","floor":14},{"not_picked":["Unload","Venomology"],"picked":"Malaise","floor":16},{"not_picked":["Poisoned Stab","Slice"],"picked":"Cloak And Dagger","floor":18},{"not_picked":["PiercingWail","Reflex"],"picked":"Blade Dance","floor":19},{"not_picked":["Dodge and Roll","Cloak And Dagger"],"picked":"PiercingWail+1","floor":21}],"player_experience":2030716,"relics_obtained":[{"floor":6,"key":"Centennial Puzzle"},{"floor":9,"key":"Strawberry"},{"floor":10,"key":"Juzu Bracelet"}],"event_choices":[{"damage_healed":0,"gold_gain":0,"cards_transformed":["Strike_G"],"player_choice":"Change","damage_taken":0,"max_hp_gain":0,"max_hp_loss":0,"event_name":"Living Wall","floor":3,"gold_loss":0,"cards_obtained":["Masterful Stab"]},{"damage_healed":22,"gold_gain":0,"player_choice":"Banana","damage_taken":0,"max_hp_gain":0,"max_hp_loss":0,"event_name":"Big Fish","floor":4,"gold_loss":0},{"cards_removed":["Strike_G"],"damage_healed":0,"gold_gain":0,"player_choice":"Card Removal","damage_taken":7,"max_hp_gain":0,"max_hp_loss":0,"event_name":"Golden Wing","floor":5,"gold_loss":0},{"damage_healed":0,"gold_gain":0,"player_choice":"Lose Max HP","damage_taken":0,"relics_obtained":["Golden Idol"],"max_hp_gain":0,"max_hp_loss":6,"event_name":"Golden Idol","floor":8,"gold_loss":0},{"damage_healed":0,"gold_gain":0,"player_choice":"Paid Gold","damage_taken":0,"relics_obtained":["Happy Flower"],"max_hp_gain":0,"max_hp_loss":0,"event_name":"WeMeetAgain","floor":11,"gold_loss":83},{"damage_healed":0,"gold_gain":0,"player_choice":"Ignored","damage_taken":0,"max_hp_gain":0,"max_hp_loss":0,"event_name":"Liars Game","floor":13,"gold_loss":0},{"damage_healed":13,"gold_gain":0,"player_choice":"Heal","damage_taken":0,"max_hp_gain":0,"max_hp_loss":0,"event_name":"The Library","floor":20,"gold_loss":0},{"damage_healed":0,"gold_gain":0,"player_choice":"Ignored","damage_taken":0,"max_hp_gain":0,"max_hp_loss":0,"event_name":"The Mausoleum","floor":22,"gold_loss":0}],"is_beta":true,"boss_relics":[{"not_picked":["WristBlade","Sozu"],"picked":"Runic Pyramid"}],"items_purged_floors":[],"is_endless":false,"potions_floor_spawned":[1,6,14,16,19,21],"killed_by":"Slavers","ascension_level":20}}