{"host":"wxz7488rqrwl2v46","time":1613822319,"event":{"mods":["BaseMod","Minty Spire (QoL Compilation)","Quick Restart","Replay The Spire","StSLib"],"gold_per_floor":[113,113,124,124,124,150,166,166,166,182,27,39,59,59,59,158,158,174,84,99,99,113,113,113],"floor_reached":23,"language":"ZHS","playtime":966,"items_purged":["Strike_B"],"score":218,"play_id":"80362390-4d15-48f3-b53d-65862d3a2d33","local_time":"20210220195839","is_ascension_mode":false,"campfire_choices":[{"data":"ReplayTheSpireMod:Reroute Power","floor":8,"key":"SMITH"},{"floor":15,"key":"REST"}],"circlet_count":0,"master_deck":["Strike_B+1","Strike_B+1","Defend_B","Defend_B","Defend_B+1","Defend_B","Zap","Dualcast","Genetic Algorithm+1","Aggregate+1","ReplayTheSpireMod:Reroute Power+1","Heatsinks+1","Seek","Heatsinks+1","Redo","Auto Shields","ReplayRNGCard","Steam+1","Lockon","Ball Lightning+1"],"relics":["Cracked Core","NeowsBlessing","Durian","Frozen Egg 2","Mercury Hourglass","Replay:Grab Bag","ChewingGum","Busted Crown","Runic Pyramid"],"acts_visited":["Exordium","TheCity"],"potions_floor_usage":[16,16,16],"damage_taken":[{"damage":0,"enemies":"Cultist","floor":1,"turns":1},{"damage":0,"enemies":"Small Slimes","floor":3,"turns":1},{"damage":0,"enemies":"Lagavulin","floor":6,"turns":1},{"damage":7,"enemies":"Jaw Worm","floor":7,"turns":3},{"damage":19,"enemies":"Gremlin Gang","floor":10,"turns":4},{"damage":1,"enemies":"2 Fungi Beasts","floor":12,"turns":3},{"damage":8,"enemies":"Red Slaver","floor":13,"turns":3},{"damage":27,"enemies":"The Guardian","floor":16,"turns":12},{"damage":8,"enemies":"Shell Parasite","floor":18,"turns":6},{"damage":0,"enemies":"Chosen","floor":20,"turns":6},{"damage":15,"enemies":"Snake Plant","floor":22,"turns":5},{"damage":57,"enemies":"Gremlin Leader","floor":23,"turns":8}],"seed_played":"-535599604166686459","potions_obtained":[{"floor":3,"key":"BlessingOfTheForge"},{"floor":6,"key":"ColorlessPotion"},{"floor":12,"key":"DistilledChaos"},{"floor":13,"key":"Block Potion"},{"floor":18,"key":"PotionOfCapacity"},{"floor":20,"key":"Elixir"},{"floor":22,"key":"Explosive Potion"}],"is_trial":false,"path_per_floor":["M","?","M","?","?","E","M","R","T","M","$","M","M","?","R","B",null,"M","?","M","?","M","E"],"character_chosen":"DEFECT","items_purchased":["Heatsinks+1"],"campfire_rested":1,"item_purchase_floors":[11],"current_hp_per_floor":[75,73,73,73,73,73,66,66,66,47,47,46,38,22,46,19,80,72,72,72,72,57,0,0],"gold":113,"neow_bonus":"THREE_ENEMY_KILL","is_daily":false,"chose_seed":false,"campfire_upgraded":1,"win_rate":0.0,"timestamp":1613822319,"path_taken":["M","?","M","?","?","E","?","R","T","M","$","M","M","?","R","BOSS","M","?","?","?","?","E"],"items_purchased_type":["Card"],"build_version":"2020-12-22","purchased_purges":1,"victory":false,"max_hp_per_floor":[75,80,80,80,80,80,80,80,80,80,80,80,80,80,80,80,80,80,80,80,80,80,80,80],"card_choices":[{"not_picked":["Steam","Panic Button"],"picked":"Genetic Algorithm","floor":1},{"not_picked":["Steam","Streamline"],"picked":"Aggregate","floor":3},{"not_picked":["Consume","Sweeping Beam"],"picked":"ReplayTheSpireMod:Reroute Power","floor":6},{"not_picked":["Go for the Eyes","Chill"],"picked":"Heatsinks+1","floor":7},{"not_picked":["Auto Shields","Ball Lightning"],"picked":"Seek","floor":10},{"not_picked":["Steam","Sweeping Beam"],"picked":"Redo","floor":12},{"not_picked":["Rebound","Coolheaded"],"picked":"Auto Shields","floor":13},{"not_picked":["Biased Cognition+1","Multi-Cast"],"picked":"ReplayRNGCard","floor":16},{"not_picked":[],"picked":"Steam+1","floor":18},{"not_picked":[],"picked":"Lockon","floor":20},{"not_picked":[],"picked":"Ball Lightning+1","floor":22}],"player_experience":67059,"relics_obtained":[{"floor":6,"key":"Frozen Egg 2"},{"floor":9,"key":"Mercury Hourglass"}],"event_choices":[{"damage_healed":0,"gold_gain":0,"player_choice":"Success","damage_taken":7,"relics_obtained":["Durian"],"max_hp_gain":0,"max_hp_loss":0,"event_name":"Scrap Ooze","floor":2,"gold_loss":0},{"damage_healed":0,"gold_gain":0,"player_choice":"Upgraded","damage_taken":0,"max_hp_gain":0,"max_hp_loss":0,"event_name":"Upgrade Shrine","floor":5,"gold_loss":0,"cards_upgraded":["Aggregate"]},{"damage_healed":0,"gold_gain":0,"player_choice":"Entered Light","damage_taken":16,"max_hp_gain":0,"max_hp_loss":0,"event_name":"Shining Light","floor":14,"gold_loss":0,"cards_upgraded":["Strike_B","Strike_B"]},{"cards_removed":["Strike_B"],"damage_healed":0,"gold_gain":0,"player_choice":"Upgrade and Remove","damage_taken":0,"max_hp_gain":0,"max_hp_loss":0,"event_name":"Designer","floor":19,"gold_loss":90,"cards_upgraded":["Defend_B"]},{"damage_healed":0,"gold_gain":0,"player_choice":"Bought 0 Potions","damage_taken":0,"max_hp_gain":0,"max_hp_loss":0,"event_name":"The Woman in Blue","floor":21,"gold_loss":0}],"is_beta":false,"boss_relics":[{"not_picked":["Honey Jar","Fusion Hammer"],"picked":"Replay:Grab Bag"},{"not_picked":["Velvet Choker","Runic Dome"],"picked":"ChewingGum"},{"not_picked":["Coffee Dripper","Philosopher\u0027s Stone"],"picked":"Busted Crown"},{"not_picked":["Ring of Chaos","Empty Cage"],"picked":"Runic Pyramid"}],"items_purged_floors":[11],"is_endless":false,"potions_floor_spawned":[3,6,12,13,18,20,22],"killed_by":"Gremlin Leader","ascension_level":0}}