{"host":"tj6tjcyqgbd0xj5u","time":1613833366,"event":{"mods":["Aspiration","BaseMod","Better Match","BetterRewards","Challenge The Spire","Conspire","Defuse TimeMaze Blight","Dota2Spire","Downfall","Energized Spire","Evolution","GifTheSpireLib","Good Game Mod","Halation","Hubris","Hyrulean Relics","Infinite Spire","Minty Spire (QoL Compilation)","Reliquary","Replay The Spire","Reworked Bosses","Spikes Relics","StS++","StSLib","Stuff the Spire"],"gold_per_floor":[119,119,119,119,44,67,67,98,147,160,195,209,284,299,299,430,430,445,445,445,463,463,463,477,477,477,477,498,194,194,194],"floor_reached":30,"language":"ENG","playtime":973,"items_purged":["Regret"],"score":417,"play_id":"e4060bff-2ab0-4464-af7f-5f0dee13fcd7","local_time":"20210220110246","is_ascension_mode":true,"campfire_choices":[{"data":"Life Link","floor":7,"key":"SMITH"},{"data":"BarbarianYell","floor":15,"key":"SMITH"},{"data":"Limit Break","floor":23,"key":"SMITH"},{"data":"StuffTheSpire:Deluminance","floor":27,"key":"SMITH"}],"circlet_count":0,"master_deck":["Iron Wave","Iron Wave","Iron Wave","Iron Wave","Armaments","Armaments","Armaments","Armaments","Bash","Wallop","Pummel","Life Link+1","Reckless Charge","BarbarianYell+1","Fire Breathing","Infernal Blade","Limit Break+1","Havoc+1","StuffTheSpire:Deluminance+1","StuffTheSpire:Deluminance","StuffTheSpire:Deluminance","StuffTheSpire:Deluminance","StuffTheSpire:Deluminance","Rampage"],"relics":["Burning Blood","EVO:Axolotl","REME:ComplimentaryCards","Kunai","Golden Idol","Ring of Fury","Replay:Rubber Ducky","Turnip","infinitespire:Beetle Shell","ReplayTheSpireMod:TigerMarble","StuffTheSpire:BlackoutCurse","aspiration:RitualStick","aspiration:ChemicalBlood","StSpp:Dice","hubris:TenFootPole","Chemical X"],"acts_visited":["Exordium","TheCity"],"potions_floor_usage":[8,16,21,28,30,30,30,30],"damage_taken":[{"damage":7,"enemies":"conspire:RoseBush","floor":1,"turns":3},{"damage":4,"enemies":"Jaw Worm","floor":6,"turns":2},{"damage":0,"enemies":"3 Sentries","floor":8,"turns":10},{"damage":0,"enemies":"2 Louse","floor":10,"turns":1},{"damage":5,"enemies":"Gremlin Nob","floor":11,"turns":3},{"damage":0,"enemies":"Blue Slaver","floor":12,"turns":3},{"damage":0,"enemies":"Exordium Thugs","floor":14,"turns":3},{"damage":4,"enemies":"Slime Boss","floor":16,"turns":8},{"damage":4,"enemies":"Shell Parasite","floor":18,"turns":5},{"damage":8,"enemies":"Chosen","floor":21,"turns":3},{"damage":20,"enemies":"3 Cultists","floor":24,"turns":6},{"damage":24,"enemies":"Shelled Parasite and Fungi","floor":28,"turns":4},{"damage":42,"enemies":"Chosen and Byrds","floor":30,"turns":4}],"seed_played":"4817735128267409142","potions_obtained":[{"floor":1,"key":"PowerPotion"},{"floor":11,"key":"StSpp:SecondWindPotion"},{"floor":12,"key":"LiquidMemories"},{"floor":16,"key":"StSpp:SecondWindPotion"},{"floor":18,"key":"hexamod:SoulburnPotion"},{"floor":24,"key":"Weak Potion"}],"is_trial":false,"path_per_floor":["M","?","?","T","$","M","R","E","T","M","E","M","?","M","R","B",null,"M","?","?","M","?","R","M","?","T","R","M","$","M"],"character_chosen":"IRONCLAD","items_purchased":["StSpp:Dice","hubris:TenFootPole"],"campfire_rested":0,"item_purchase_floors":[29,29],"current_hp_per_floor":[82,82,82,82,82,84,84,84,84,84,84,84,73,79,79,81,83,84,84,84,82,82,82,68,51,51,51,33,33,0,0],"gold":194,"neow_bonus":"RANDOM_EVENT","is_daily":false,"chose_seed":false,"campfire_upgraded":4,"win_rate":0.0,"timestamp":1613833366,"path_taken":["M","?","?","?","?","?","R","E","T","?","E","M","?","M","R","BOSS","M","?","?","M","?","R","?","?","T","R","M","$","M"],"items_purchased_type":["Relic","Relic"],"build_version":"2020-12-22","purchased_purges":1,"victory":false,"max_hp_per_floor":[91,84,84,84,84,84,84,84,84,84,84,84,84,84,84,84,84,84,84,84,84,84,84,84,84,84,84,84,84,84,84],"card_choices":[{"not_picked":["ReplayTheSpireMod:Stacked","Clothesline"],"picked":"Pummel","floor":1},{"not_picked":["conspire:ExplosiveBarrier","StuffTheSpire:Slingshot"],"picked":"Life Link","floor":6},{"not_picked":["Uppercut","Flex"],"picked":"Reckless Charge","floor":8},{"not_picked":["Intimidate","Armaments"],"picked":"BarbarianYell","floor":10},{"not_picked":["StuffTheSpire:Resist","Dual Wield"],"picked":"Fire Breathing","floor":11},{"not_picked":["ReplayTheSpireMod:Strike From Hell","Warcry","StSpp:Sprint"],"picked":"SKIP","floor":12},{"not_picked":["infinitespire:OneForAll","Twin Strike"],"picked":"Infernal Blade","floor":14},{"not_picked":["Barricade","StSpp:BladeOfBlood"],"picked":"Limit Break","floor":16},{"not_picked":["ReplayTheSpireMod:Strike From Hell","Run Through"],"picked":"Havoc+1","floor":18},{"not_picked":["Warcry","Run Through","Uppercut"],"picked":"SKIP","floor":21},{"not_picked":["Evolve","StSpp:TheBiggerTheyAre"],"picked":"Rampage","floor":24},{"not_picked":["Heavy Blade","StSpp:Succumb","ReplayTheSpireMod:Corrosion Curse+1"],"picked":"SKIP","floor":28}],"player_experience":147647,"relics_obtained":[{"floor":3,"key":"Ring of Fury"},{"floor":4,"key":"Replay:Rubber Ducky"},{"floor":8,"key":"Turnip"},{"floor":9,"key":"infinitespire:Beetle Shell"},{"floor":11,"key":"ReplayTheSpireMod:TigerMarble"},{"floor":26,"key":"aspiration:ChemicalBlood"}],"event_choices":[{"damage_healed":0,"gold_gain":0,"player_choice":"Box","damage_taken":0,"relics_obtained":["Kunai"],"max_hp_gain":0,"max_hp_loss":0,"event_name":"Big Fish","floor":0,"gold_loss":0,"cards_obtained":["Regret"]},{"damage_healed":0,"gold_gain":0,"player_choice":"Lose Max HP","damage_taken":0,"relics_obtained":["Golden Idol"],"max_hp_gain":0,"max_hp_loss":7,"event_name":"Golden Idol","floor":2,"gold_loss":0},{"damage_healed":0,"gold_gain":75,"player_choice":"Gather Gold","damage_taken":11,"max_hp_gain":0,"max_hp_loss":0,"event_name":"World of Goop","floor":13,"gold_loss":0},{"cards_removed":["Iron Wave"],"damage_healed":0,"gold_gain":0,"player_choice":"Elegance","damage_taken":0,"max_hp_gain":0,"max_hp_loss":0,"event_name":"Back to Basics","floor":19,"gold_loss":0},{"damage_healed":0,"gold_gain":0,"player_choice":"Leave","damage_taken":0,"max_hp_gain":0,"max_hp_loss":0,"event_name":"conspire:Investor","floor":22,"gold_loss":0}],"is_beta":false,"boss_relics":[{"not_picked":["hubris:GrandSneckoEye","halation:Prosthetics","halation:PlatinumPhoenix"]}],"items_purged_floors":[5],"is_endless":false,"potions_floor_spawned":[1,6,11,12,16,18,24],"killed_by":"Chosen and Byrds","ascension_level":6}}