{"host":"sxaoifcprvg3ww0o","time":1613827580,"event":{"mods":["ATMod(∞¢Ë™Mod)","Act Like it!","Arknights","BaseMod","Downfall","Gensokyo","GifTheSpireLib","Hermit","KinomotoSakuraMod(ƒæ÷Æ±æ”£)","Lobotomy","LobotomyExtend","Marisa£®ÏF”Í°°ƒß¿Ì…≥£©","Minty Spire (QoL Compilation)","Prisma Mod","Quick Restart","Reimu£®≤©¿ˆ¡È√Œ£©","Reliquary","Remilia£®¿Ÿ√◊¿Ú—«£©","Replay The Spire","Ruina","StSLib","The Alterego","The Bug Knight","The Senshi","UnlockEverythingMod","Waifu the Spire","Yakumo Yukari mod","Youmu£®ªÍ∆«—˝√Œ£©","Yuyuko","°æ“≈ŒÔø®≈∆°øREMEMod"],"gold_per_floor":[13,13,25,37,55,55,55,95,95,95,95,95,95,112,139,186,186,287,287,298,298,298,311,56,56,90,90,90,189,189,189,292,312,312,414,414,401,401,401,421,421,421,453,423,423,423,2,27,27,27,27,27,27],"floor_reached":54,"language":"ZHS","playtime":8361,"items_purged":[],"score":767,"play_id":"6e18f010-7a17-44a0-90ee-588dff90db32","local_time":"20210220212620","is_ascension_mode":false,"campfire_choices":[{"data":"alterego_mod:Belle","floor":7.0,"key":"SMITH"},{"data":"alterego_mod:BrynhildrsRune","floor":13.0,"key":"SMITH"},{"data":"alterego_mod:Cushion","floor":17.0,"key":"SMITH"},{"data":"alterego_mod:Nekomimi","floor":25.0,"key":"SMITH"},{"data":"alterego_mod:Bounce","floor":27.0,"key":"SMITH"},{"data":"alterego_mod:Impale","floor":31.0,"key":"SMITH"},{"data":"alterego_mod:InsideBaseball","floor":34.0,"key":"SMITH"},{"data":"alterego_mod:PurpleHair","floor":42.0,"key":"SMITH"},{"data":"alterego_mod:SideboobHour","floor":46,"key":"SMITH"},{"data":"alterego_mod:Rip","floor":49,"key":"SMITH"},{"data":"alterego_mod:BigMeatyClaws","floor":51,"key":"SMITH"}],"circlet_count":0,"master_deck":["alterego_mod:Strike","alterego_mod:Strike","alterego_mod:Strike","alterego_mod:Defend","alterego_mod:Defend","alterego_mod:Defend","alterego_mod:Defend","alterego_mod:Impale+1","alterego_mod:BigMeatyClaws+1","alterego_mod:BrynhildrsRune+1","alterego_mod:PurpleHair+1","SuperPerseids","alterego_mod:Bounce+1","alterego_mod:Mirror+1","alterego_mod:Cushion+1","alterego_mod:Birthday+1","alterego_mod:IndependentAction+1","alterego_mod:Valkyrie+1","alterego_mod:Exercise+1","alterego_mod:Bounce","alterego_mod:Bounce+1","alterego_mod:Nekomimi+1","alterego_mod:DiscoLights+1","alterego_mod:Birthday+1","alterego_mod:InsideBaseball+1","alterego_mod:Vow+1","alterego_mod:DiscoLights+1","alterego_mod:Vow+1","alterego_mod:Nekomimi+1","alterego_mod:SideboobHour+1","Pot Of Greed+1","Pot Of Greed+1","Pot Of Greed+1","Gensokyo:BlemishedSteel","Gensokyo:LockedMedkit","alterego_mod:Rip+1"],"relics":["alterego_mod:MasochisticConstitution","REME_ComplimentaryCards","AT_ATBox","Torii","LetterFromLob","Gensokyo:OccultBall","reliquary:PurpleTingedLeaf","Replay:Accelerometer","Mercury Hourglass","REME_HandOfSuture","REME_ChargedStone","sneckomod:BlankCard","Toxic Egg 2","AT_TimeSand","Bag of Preparation","StoneCalendar","Eternal Feather","Grinning Jar","reliquary:FingerTrap","Blue Doll","Oddly Smooth Stone"],"acts_visited":["Exordium","Gensokyo:Gensokyo","ruina:Briah"],"potions_floor_usage":[],"damage_taken":[{"damage":2.0,"enemies":"Gensokyo:Gryphon","floor":1.0,"turns":8.0},{"damage":13.0,"enemies":"Gensokyo:3_Fairies","floor":3.0,"turns":4.0},{"damage":4.0,"enemies":"Gensokyo:Python","floor":4.0,"turns":4.0},{"damage":1.0,"enemies":"Gensokyo:2_Rabbits","floor":5.0,"turns":3.0},{"damage":10.0,"enemies":"Gensokyo:Aya","floor":8.0,"turns":3.0},{"damage":3.0,"enemies":"Gensokyo:VengefulSpirit","floor":14.0,"turns":5.0},{"damage":47.0,"enemies":"Gensokyo:Mamizou","floor":15.0,"turns":11.0},{"damage":66.0,"enemies":"Gensokyo:Reimu","floor":18.0,"turns":12.0},{"damage":1.0,"enemies":"ruina:2_Scarecrows","floor":20.0,"turns":5.0},{"damage":11.0,"enemies":"ruina:Nosferatu","floor":23.0,"turns":4.0},{"damage":27.0,"enemies":"ruina:Mountain","floor":26.0,"turns":7.0},{"damage":18.0,"enemies":"ruina:QueenOfHate","floor":32.0,"turns":3.0},{"damage":9.0,"enemies":"ruina:KingOfGreed","floor":33.0,"turns":5.0},{"damage":51.0,"enemies":"ruina:Red_and_Wolf","floor":35.0,"turns":7.0},{"damage":4.0,"enemies":"Gensokyo:3_Boulders","floor":37.0,"turns":5.0},{"damage":7.0,"enemies":"Gensokyo:3_Bats","floor":40.0,"turns":2.0},{"damage":48,"enemies":"Gensokyo:Marisa","floor":43,"turns":6},{"damage":2,"enemies":"Gensokyo:Rafflesia","floor":44,"turns":3},{"damage":6,"enemies":"Gensokyo:Doremy","floor":48,"turns":4},{"damage":15,"enemies":"Gensokyo:Yuyuko","floor":52,"turns":4}],"seed_played":"-4136580096387842795","potions_obtained":[{"floor":1.0,"key":"Adrenaline Potion"},{"floor":3.0,"key":"Explosive Potion"},{"floor":8.0,"key":"Elixir"},{"floor":20.0,"key":"FairyPotion"},{"floor":32.0,"key":"SkillPotion"},{"floor":35.0,"key":"GamblersBrew"},{"floor":40.0,"key":"Reflective Coating"},{"floor":48,"key":"BlessingOfTheForge"}],"is_trial":false,"path_per_floor":["M","COS","M","M","M","?","R","E","PTL","PTL","T","$","R","M","E","T","R","B",null,"M","?","?","M","$","R","E","R","T","?","?","R","M","M","R","B",null,"M","?","T","M","?","R","E","M","T","R","COS","E","R","$","R","B",null,null],"character_chosen":"The_Alterego","items_purchased":["sneckomod:BlankCard","alterego_mod:Bounce","alterego_mod:Nekomimi"],"campfire_rested":0,"item_purchase_floors":[24,24,24],"current_hp_per_floor":[69,69,57,54,68,68,68,59,59,59,59,59,59,59,19,19,19,16,78,78,78,23,25,25,25,19,19,19,19,19,19,13,79,79,38,84,85,85,85,80,46,46,6,10,10,28,28,30,51,51,72,72,72],"gold":27,"neow_bonus":"ONE_RARE_RELIC","is_daily":false,"chose_seed":false,"campfire_upgraded":11,"win_rate":0.0,"timestamp":1613827580,"path_taken":["M","COS","M","?","M","?","R","E","PTL","PTL","T","?","R","?","E","?","R","BOSS","M","?","?","M","$","R","E","R","T","?","?","R","M","?","R","BOSS","M","?","?","M","?","R","E","M","T","R","COS","E","R","?","R","BOSS"],"items_purchased_type":["Relic","Card","Card"],"build_version":"2020-12-22","purchased_purges":0,"victory":true,"max_hp_per_floor":[71,71,72,73,74,74,74,75,75,75,75,75,75,76,77,77,77,78,78,79,79,79,80,80,80,81,81,81,81,81,81,82,83,83,84,84,85,85,85,86,86,86,87,88,88,88,88,89,89,89,89,90,90],"card_choices":[{"not_picked":["alterego_mod:Schoolgirl","alterego_mod:Crossover"],"picked":"alterego_mod:PurpleHair","floor":1.0},{"not_picked":["alterego_mod:Pet","alterego_mod:DiscoLights"],"picked":"alterego_mod:Bounce","floor":3.0},{"not_picked":["alterego_mod:Schoolgirl","alterego_mod:GoddessCore"],"picked":"alterego_mod:Mirror","floor":4.0},{"not_picked":["alterego_mod:Mirror","alterego_mod:Punishment"],"picked":"alterego_mod:Belle","floor":5.0},{"not_picked":["alterego_mod:PainIsPleasure","alterego_mod:BoobPocket"],"picked":"alterego_mod:Cushion","floor":8.0},{"not_picked":["alterego_mod:Skirt","alterego_mod:Bloomers"],"picked":"alterego_mod:Birthday","floor":14.0},{"not_picked":["alterego_mod:Complex","alterego_mod:Rip"],"picked":"alterego_mod:IndependentAction","floor":15.0},{"not_picked":["alterego_mod:Lift","alterego_mod:PainIsPleasure"],"picked":"alterego_mod:Valkyrie","floor":18.0},{"not_picked":["alterego_mod:MagicResistance+1","alterego_mod:Pet","alterego_mod:Skirt"],"picked":"SKIP","floor":20.0},{"not_picked":["alterego_mod:Undulate","alterego_mod:Complex"],"picked":"alterego_mod:Exercise+1","floor":23.0},{"not_picked":["alterego_mod:MaintainEyeContact+1","alterego_mod:BusterCard+1"],"picked":"alterego_mod:DiscoLights+1","floor":26.0},{"not_picked":["alterego_mod:PerceptionDisorder+1","alterego_mod:Crossover+1"],"picked":"alterego_mod:Birthday+1","floor":32.0},{"not_picked":["alterego_mod:Pet+1","alterego_mod:Undulate+1"],"picked":"alterego_mod:InsideBaseball","floor":33.0},{"not_picked":["alterego_mod:GIGAMILK+1","alterego_mod:TrickOrTreatment"],"picked":"alterego_mod:Vow+1","floor":35.0},{"not_picked":["alterego_mod:Complex+1","alterego_mod:Cooking+1"],"picked":"alterego_mod:DiscoLights+1","floor":37.0},{"not_picked":["alterego_mod:Maid+1","alterego_mod:TrashNCrash+1"],"picked":"alterego_mod:Nekomimi+1","floor":40.0},{"not_picked":["alterego_mod:Valkyrie","alterego_mod:SakuraFive+1"],"picked":"alterego_mod:SideboobHour","floor":43},{"not_picked":["alterego_mod:DeftHands","alterego_mod:Skirt","alterego_mod:Punishment+1"],"picked":"SKIP","floor":44},{"not_picked":["alterego_mod:Bloomers+1","alterego_mod:MagicResistance+1"],"picked":"alterego_mod:Rip","floor":48}],"player_experience":584374,"relics_obtained":[{"floor":1.0,"key":"LetterFromLob"},{"floor":8.0,"key":"reliquary:PurpleTingedLeaf"},{"floor":11.0,"key":"Replay:Accelerometer"},{"floor":15.0,"key":"Mercury Hourglass"},{"floor":16.0,"key":"REME_HandOfSuture"},{"floor":18.0,"key":"Gensokyo:OccultBall"},{"floor":26.0,"key":"Toxic Egg 2"},{"floor":28.0,"key":"AT_TimeSand"},{"floor":35.0,"key":"Gensokyo:OccultBall"},{"floor":39.0,"key":"Bag of Preparation"},{"floor":43,"key":"Eternal Feather"},{"floor":45,"key":"Grinning Jar"},{"floor":48,"key":"Blue Doll"}],"event_choices":[],"is_beta":false,"boss_relics":[{"not_picked":["reliquary:Craggleroot","Runic Dome"],"picked":"REME_ChargedStone"},{"not_picked":["Cursed Key","Kintsugi","Abe\u0027s Treasure"]}],"items_purged_floors":[],"is_endless":false,"potions_floor_spawned":[1,3,8,20,32,35,40,48],"ascension_level":0}}