{"host":"rjfefv2ruvigm2gb","time":1613786805,"event":{"mods":["Act Like it!","AlwaysNeverKeys","BaseMod","Better Note","Better Third Choice","BetterRewards","Block Reminder","Bossed Relics","Colored Map","Colored Powertips","Conspire","Curses Come First","Displayed Cursed Tome","Downfall","Fox Events","GifTheSpireLib","Gold Saver","Googly Eyes","Highlight Path","Hubris","Ironclad Rager","Minty Spire (QoL Compilation)","Monster B Gone","Permanent Neow","Poor People Problems","Quick Restart","Relic Filter","Relic Stats","Reliquary","Replay The Spire","Retaliation","Ruina","Shop Mod","Small Relic Pack","Spire Arcade","StS++","StSLib","Stuff the Spire","SuperFastMode","The Blue Laboratory","Transform Curses","Uncapped","Virulent Crown"],"gold_per_floor":[1422,1422,1422,1422,1442,857,884,923,950,993,1005,1037,1049,1061,1083,1095,1095,1095],"floor_reached":16,"language":"ENG","playtime":719,"items_purged":["bronze:Strike"],"score":157,"play_id":"cc4b5317-9156-48f1-a21d-e0ea51956c73","local_time":"20210219200645","is_ascension_mode":true,"campfire_choices":[{"floor":1,"key":"DIG"},{"floor":11,"key":"REST"},{"data":"bronze:MaxOutput","floor":13,"key":"SMITH"}],"circlet_count":0,"master_deck":["bronze:Strike","bronze:Strike","bronze:Strike","bronze:Defend","bronze:Defend","bronze:Defend","bronze:Defend","bronze:Replicate","bronze:Goto","bronze:BuggyMess+1","bronze:Iterate+1","bronze:Iterate","bronze:Iterate","bronze:MaxOutput+1","bronze:InfiniteBeams","bronze:BronzeOrb"],"relics":["bronze:BronzeCore","downfall:HeartsMalice","downfall:HeartBlessingGreen","downfall:HeartBlessingRed","downfall:HeartBlessingBlue","Lantern","Guide Book","hubris:Zylophone","MawBank","reliquary:Knoch","reliquary:TuningFork","relicPack:OneForAll"],"acts_visited":["Exordium"],"potions_floor_usage":[10,10,15,15,15],"damage_taken":[{"damage":0,"enemies":"2 Louse","floor":2,"turns":1},{"damage":0,"enemies":"Jaw Worm","floor":3,"turns":1},{"damage":0,"enemies":"conspire:RoseBush","floor":4,"turns":1},{"damage":7,"enemies":"Blue Slaver","floor":5,"turns":3},{"damage":0,"enemies":"downfall:FleeingMerchant","floor":6,"turns":4},{"damage":30,"enemies":"Gremlin Nob","floor":8,"turns":4},{"damage":0,"enemies":"2 Fungi Beasts","floor":9,"turns":2},{"damage":15,"enemies":"Replay:BlueRogue","floor":10,"turns":5},{"damage":3,"enemies":"Large Slime","floor":12,"turns":4},{"damage":7,"enemies":"3 Louse","floor":15,"turns":3},{"damage":35,"enemies":"IC_STATUS_ARCHETYPE","floor":16,"turns":4}],"seed_played":"-7863022562364566236","potions_obtained":[{"floor":8,"key":"ColorlessPotion"},{"floor":9,"key":"blueLaboratory:BubblePotion"},{"floor":12,"key":"StSpp:ScatteredPotion"},{"floor":15,"key":"blueLaboratory:AbyssPotion"}],"is_trial":false,"path_per_floor":["R_BF","M","M","M","M","$","T","E","M","E","R","M","R","?","M","B"],"character_chosen":"THE_AUTOMATON","items_purchased":["Guide Book","hubris:Zylophone","bronze:Iterate"],"campfire_rested":1,"item_purchase_floors":[6,6,6],"current_hp_per_floor":[73,73,73,73,66,66,66,36,36,21,45,42,42,42,35,0,0,0],"gold":1095,"neow_bonus":"THREE_ENEMY_KILL","is_daily":false,"chose_seed":false,"campfire_upgraded":1,"win_rate":0.0,"timestamp":1613786805,"path_taken":["R_BF","M","M","M","M","$","T","E","M","E","R","M","R","?","M","BOSS"],"items_purchased_type":["Relic","Relic","Card"],"build_version":"2020-12-22","purchased_purges":1,"victory":false,"max_hp_per_floor":[80,80,80,80,80,80,80,80,80,80,80,80,80,80,80,80,80,80],"relic_stats":{"counters":[11,29],"MawBank":108,"obtain_stats":[{"hubris:Zylophone":6,"relicPack:OneForAll":14,"Lantern":1,"bronze:BronzeCore":0,"downfall:HeartBlessingRed":1,"downfall:HeartBlessingBlue":1,"Guide Book":6,"downfall:HeartsMalice":0,"downfall:HeartBlessingGreen":1,"reliquary:TuningFork":10,"reliquary:Knoch":8,"MawBank":7},{"hubris:Zylophone":5,"relicPack:OneForAll":9,"Lantern":0,"bronze:BronzeCore":0,"downfall:HeartBlessingRed":0,"downfall:HeartBlessingBlue":0,"Guide Book":5,"downfall:HeartsMalice":0,"downfall:HeartBlessingGreen":0,"reliquary:TuningFork":8,"reliquary:Knoch":6,"MawBank":5},{"hubris:Zylophone":7,"relicPack:OneForAll":22,"Lantern":0,"bronze:BronzeCore":0,"downfall:HeartBlessingRed":0,"downfall:HeartBlessingBlue":0,"Guide Book":7,"downfall:HeartsMalice":0,"downfall:HeartBlessingGreen":0,"reliquary:TuningFork":18,"reliquary:Knoch":11,"MawBank":7}]},"card_choices":[{"not_picked":["bronze:Boost","bronze:ForLoop","bronze:CutThrough"],"picked":"SKIP","floor":2},{"not_picked":["bronze:Flail","bronze:Iterate"],"picked":"bronze:BuggyMess","floor":3},{"not_picked":["bronze:FineTuning","bronze:Separator"],"picked":"bronze:Iterate","floor":4},{"not_picked":["bronze:TinkerersToolbox","bronze:Safeguard","bronze:Overheat"],"picked":"SKIP","floor":5},{"not_picked":["bronze:Return","bronze:Frontload"],"picked":"bronze:Iterate","floor":6},{"not_picked":["bronze:Philosophize","bronze:InfiniteBeams"],"picked":"bronze:MaxOutput","floor":8},{"not_picked":["bronze:CloningBeam","bronze:Flail"],"picked":"bronze:InfiniteBeams","floor":9},{"not_picked":["bronze:Allocate","bronze:Invalidate","bronze:Constructor"],"picked":"SKIP","floor":10},{"not_picked":["bronze:DelayedGuard","bronze:DigitalCarnage","bronze:Overheat"],"picked":"SKIP","floor":12},{"not_picked":["bronze:SpaghettiCode","bronze:CutThrough"],"picked":"bronze:BronzeOrb","floor":15}],"player_experience":1136094,"relics_obtained":[{"floor":1,"key":"Lantern"},{"floor":7,"key":"MawBank"},{"floor":8,"key":"reliquary:Knoch"},{"floor":10,"key":"reliquary:TuningFork"}],"event_choices":[],"is_beta":false,"boss_relics":[],"items_purged_floors":[6],"is_endless":false,"potions_floor_spawned":[8,9,12,15],"killed_by":"IC_STATUS_ARCHETYPE","ascension_level":9}}