{"host":"wrdw6zkxuilnr6rg","time":1613788432,"event":{"mods":["BaseMod","Colored Powertips","Minty Spire (QoL Compilation)","Relic Stats","StSLib"],"gold_per_floor":[112,34,34,54,229,229,25,25,25,25,25],"floor_reached":10,"language":"ENG","playtime":218,"items_purged":[],"score":81,"play_id":"71dba45c-0f23-427d-807a-8d58bb5fe1dd","local_time":"20210220053352","is_ascension_mode":true,"campfire_choices":[{"data":"Neutralize","floor":6,"key":"SMITH"},{"data":"Outmaneuver","floor":8,"key":"SMITH"}],"circlet_count":0,"master_deck":["AscendersBane","Strike_G","Strike_G","Strike_G","Strike_G","Strike_G","Defend_G","Defend_G","Defend_G","Defend_G","Defend_G","Survivor","Neutralize+1","Underhanded Strike","Dagger Throw","PiercingWail","Crippling Poison","Doubt","Outmaneuver+1"],"relics":["Ring of the Snake","Unceasing Top","Medical Kit","White Beast Statue"],"acts_visited":["Exordium"],"potions_floor_usage":[],"damage_taken":[{"damage":1,"enemies":"Small Slimes","floor":1,"turns":5},{"damage":0,"enemies":"Jaw Worm","floor":4,"turns":5},{"damage":68,"enemies":"3 Sentries","floor":10,"turns":7}],"seed_played":"4437494806703020436","potions_obtained":[],"is_trial":false,"path_per_floor":["M","$","?","M","?","R","$","R","T","E"],"character_chosen":"THE_SILENT","items_purchased":["Dagger Throw","PiercingWail","Outmaneuver","Medical Kit"],"campfire_rested":0,"item_purchase_floors":[2,2,7,7],"current_hp_per_floor":[62,62,67,67,67,67,67,67,67,0,0],"gold":25,"neow_bonus":"ONE_RARE_RELIC","is_daily":false,"chose_seed":false,"campfire_upgraded":2,"win_rate":0.0,"timestamp":1613788432,"path_taken":["M","$","?","M","?","R","$","R","T","E"],"items_purchased_type":["Card","Card","Card","Relic"],"build_version":"2020-12-22","purchased_purges":0,"victory":false,"max_hp_per_floor":[63,63,68,68,68,68,68,68,68,68,68],"relic_stats":{"counters":[3,17],"Medical Kit":[0],"obtain_stats":[{"Medical Kit":7,"Unceasing Top":0,"White Beast Statue":9,"Ring of the Snake":0},{"Medical Kit":2,"Unceasing Top":0,"White Beast Statue":2,"Ring of the Snake":0},{"Medical Kit":10,"Unceasing Top":0,"White Beast Statue":10,"Ring of the Snake":0}],"Unceasing Top":[2],"Ring of the Snake":[6]},"card_choices":[{"not_picked":["Backflip","Acrobatics"],"picked":"Underhanded Strike","floor":1},{"not_picked":["Blade Dance","Deadly Poison"],"picked":"Crippling Poison","floor":4}],"player_experience":1465721,"relics_obtained":[{"floor":9,"key":"White Beast Statue"}],"event_choices":[{"damage_healed":0,"gold_gain":0,"player_choice":"Donut","damage_taken":0,"max_hp_gain":5,"max_hp_loss":0,"event_name":"Big Fish","floor":3,"gold_loss":0},{"damage_healed":0,"gold_gain":175,"player_choice":"AGREE","damage_taken":0,"max_hp_gain":0,"max_hp_loss":0,"event_name":"Liars Game","floor":5,"gold_loss":0,"cards_obtained":["Doubt"]}],"is_beta":false,"boss_relics":[],"items_purged_floors":[],"is_endless":false,"potions_floor_spawned":[],"killed_by":"3 Sentries","ascension_level":10}}