{"host":"ox77rn1xcurm2t5a","time":1613783128,"event":{"mods":["2.2 Compatiblity","AchievementEnabler","Act Like it!","Aspiration","BaseMod","Best Route Mod","Better Match","Better Note","Better Sensory Stone","Block Reminder","Colored Map","Colored Powertips","Conjunction","Conspire","Custom Start","Energized Spire","GifTheSpireLib","Gold Saver","Gremlin Skip","Halation","Highlight Path","Hubris","Infinite Spire","Minty Spire (QoL Compilation)","Pale of the Ancients","Quick Restart","Reliquary","Replay The Spire","Reworked Bosses","ShortenTheSpire","Spire Exporter","StSLib","Stuff the Spire","Wandering Minibosses"],"gold_per_floor":[641,335,335,351,362,390,390,421,421,421,432,432,382,397,397,397,397],"floor_reached":16,"language":"ENG","playtime":258,"items_purged":["Strike_R"],"score":154,"play_id":"a92c9127-e6a7-493b-b9fd-234dc224a064","local_time":"20210220030528","is_ascension_mode":true,"campfire_choices":[{"floor":7,"key":"RECALL"},{"data":"Spot Weakness","floor":10,"key":"SMITH"},{"data":"Flex","floor":12,"key":"SMITH"},{"data":"Bash","floor":15,"key":"SMITH"}],"circlet_count":0,"master_deck":["Strike_R","Strike_R","Strike_R","Strike_R","Defend_R","Defend_R","Defend_R","Defend_R","Bash+1","Flex+1","Flex","Headbutt","Headbutt","Heavy Blade","Clash","Spot Weakness+1","Twin Strike"],"relics":["Burning Blood","NeowsBlessing","Pen Nib","hubris:Reverence","Art of War"],"acts_visited":["Exordium"],"potions_floor_usage":[6,6,14],"damage_taken":[{"damage":0,"enemies":"Jaw Worm","floor":1,"turns":1},{"damage":0,"enemies":"Small Slimes","floor":4,"turns":1},{"damage":0,"enemies":"2 Louse","floor":5,"turns":1},{"damage":20,"enemies":"3 Sentries","floor":6,"turns":5},{"damage":30,"enemies":"Lagavulin","floor":8,"turns":4},{"damage":6,"enemies":"2 Fungi Beasts","floor":11,"turns":3},{"damage":13,"enemies":"Exordium Thugs","floor":14,"turns":3},{"damage":35,"enemies":"The Guardian","floor":16,"turns":6}],"seed_played":"7811069769399900922","potions_obtained":[{"floor":1,"key":"Adrenaline Potion"},{"floor":4,"key":"Block Potion"},{"floor":11,"key":"FearPotion"},{"floor":14,"key":"Explosive Potion"}],"is_trial":false,"path_per_floor":["M","$","?","M","M","E","R","E","T","R","M","R","?","M","R","B"],"character_chosen":"IRONCLAD","items_purchased":["Pen Nib","Flex","Headbutt"],"campfire_rested":0,"item_purchase_floors":[2,2,2],"current_hp_per_floor":[78,78,78,80,80,66,66,42,42,42,42,42,42,35,35,0,0],"gold":397,"neow_bonus":"THREE_ENEMY_KILL","is_daily":false,"chose_seed":false,"campfire_upgraded":3,"win_rate":0.0,"timestamp":1613783128,"path_taken":["M","$","?","M","M","E","R","E","T","R","M","R","?","?","R","BOSS"],"items_purchased_type":["Relic","Card","Card"],"build_version":"2020-12-22","purchased_purges":1,"victory":false,"max_hp_per_floor":[80,80,80,80,80,80,80,80,80,80,80,80,80,80,80,80,80],"card_choices":[{"not_picked":["Wild Strike","Sentinel"],"picked":"Flex","floor":1},{"not_picked":["Armaments","Havoc","Rupture"],"picked":"SKIP","floor":4},{"not_picked":["Whirlwind","StuffTheSpire:Slingshot"],"picked":"Heavy Blade","floor":5},{"not_picked":["Thunderclap","Shrug It Off"],"picked":"Clash","floor":6},{"not_picked":["Feed","infinitespire:OneForAll"],"picked":"Spot Weakness","floor":8},{"not_picked":["Havoc","ReplayTheSpireMod:Stacked"],"picked":"Twin Strike","floor":11},{"not_picked":["True Grit","Iron Wave","StuffTheSpire:BloodClot"],"picked":"SKIP","floor":14}],"player_experience":3202206,"relics_obtained":[{"floor":6,"key":"hubris:Reverence"},{"floor":8,"key":"Art of War"}],"event_choices":[{"damage_healed":0,"gold_gain":0,"player_choice":"Left Gold","damage_taken":0,"max_hp_gain":0,"max_hp_loss":0,"event_name":"World of Goop","floor":13,"gold_loss":50}],"is_beta":false,"boss_relics":[],"items_purged_floors":[2],"is_endless":false,"potions_floor_spawned":[1,4,11,14],"killed_by":"The Guardian","ascension_level":8}}