{"host":"t39frk1gt0zfm79h","time":1613785779,"event":{"mods":["BaseMod","Better Altar","Better Match","Better Note","Better Sensory Stone","Better Skull","Better Third Choice","Block Reminder","Colored Map","Downfall","Hermit","Minty Spire (QoL Compilation)","Relic Stats","StSLib"],"gold_per_floor":[114,133,133,150,325,354,369,369,421,421,433,445,445,459,459,557,557,574,574,656,428,428,454,473,77,77,77,110,110,129,148,148,245,245,263,10,0,0,50,79,79,97,97,125,225,241,93,113,113,113],"floor_reached":51,"language":"ENG","playtime":2175,"items_purged":["Strike_B","Defend_B"],"score":945,"play_id":"d6013e00-ce43-4ea5-bc4d-dd455bb52022","local_time":"20210219174939","is_ascension_mode":false,"campfire_choices":[{"floor":8,"key":"REST"},{"data":"Zap","floor":10,"key":"SMITH"},{"data":"Defragment","floor":15,"key":"SMITH"},{"data":"Defragment","floor":27,"key":"SMITH"},{"data":"Machine Learning","floor":32,"key":"SMITH"},{"floor":49,"key":"REST"}],"circlet_count":0,"master_deck":["Defend_B","Defend_B","Defend_B","Zap+1","Dualcast","Capacitor","Ball Lightning","Barrage","Compile Driver","Machine Learning+1","Go for the Eyes","Defragment+1","Coolheaded","Buffer","Defragment+1","Capacitor","Glacier","Echo Form","White Noise","Leap+1","Capacitor","Conserve Battery","Defragment+1","Redo+1","Creative AI","FTL+1","Chill+1","Coolheaded+1","Barrage+1","Consume+1","Cold Snap+1","Thunder Strike+1"],"relics":["Cracked Core","NeowsBlessing","Mummified Hand","MealTicket","Empty Cage","Bottled Lightning","Toy Ornithopter","Bottled Tornado","CaptainsWheel","Bird Faced Urn","Fusion Hammer","Molten Egg 2","Red Mask","Mango","Ancient Tea Set","HornCleat","White Beast Statue"],"acts_visited":["Exordium","TheCity","TheBeyond"],"potions_floor_usage":[6,23,28,33,40,46],"damage_taken":[{"damage":0,"enemies":"Cultist","floor":1,"turns":1},{"damage":0,"enemies":"Small Slimes","floor":2,"turns":1},{"damage":0,"enemies":"2 Louse","floor":4,"turns":1},{"damage":40,"enemies":"3 Sentries","floor":6,"turns":6},{"damage":9,"enemies":"Blue Slaver","floor":7,"turns":3},{"damage":8,"enemies":"Gremlin Gang","floor":11,"turns":4},{"damage":7,"enemies":"Exordium Wildlife","floor":12,"turns":3},{"damage":15,"enemies":"3 Louse","floor":14,"turns":2},{"damage":0,"enemies":"Hexaghost","floor":16,"turns":8},{"damage":0,"enemies":"Chosen","floor":18,"turns":4},{"damage":1,"enemies":"Gremlin Leader","floor":23,"turns":6},{"damage":0,"enemies":"Shell Parasite","floor":24,"turns":5},{"damage":0,"enemies":"Slavers","floor":28,"turns":5},{"damage":0,"enemies":"Sentry and Sphere","floor":30,"turns":6},{"damage":9,"enemies":"Centurion and Healer","floor":31,"turns":5},{"damage":0,"enemies":"Collector","floor":33,"turns":8},{"damage":1,"enemies":"Orb Walker","floor":35,"turns":3},{"damage":29,"enemies":"Mind Bloom Boss Battle","floor":39,"turns":5},{"damage":26,"enemies":"Reptomancer","floor":40,"turns":6},{"damage":0,"enemies":"3 Darklings","floor":42,"turns":5},{"damage":0,"enemies":"Giant Head","floor":44,"turns":5},{"damage":0,"enemies":"Spire Growth","floor":46,"turns":4},{"damage":0,"enemies":"4 Shapes","floor":48,"turns":5},{"damage":5,"enemies":"Time Eater","floor":50,"turns":8}],"seed_played":"-1521293914153114831","potions_obtained":[{"floor":1,"key":"DuplicationPotion"},{"floor":6,"key":"Fruit Juice"},{"floor":12,"key":"EssenceOfSteel"},{"floor":14,"key":"Guardian:BlockOnCardUsePotion"},{"floor":24,"key":"EssenceOfDarkness"},{"floor":30,"key":"Swift Potion"},{"floor":35,"key":"Explosive Potion"},{"floor":44,"key":"Block Potion"},{"floor":46,"key":"champ:CounterPotion"}],"is_trial":false,"path_per_floor":["M","M","?","M","?","E","M","R","T","R","M","M","?","M","R","B",null,"M","?","T","$","?","E","M","$","T","R","E","?","M","M","R","B",null,"M","$","?","?","?","E","?","M","T","E","?","M","$","M","R","B",null],"character_chosen":"DEFECT","items_purchased":["Capacitor","Glacier","Sweeping Beam","Bottled Tornado","Capacitor","Molten Egg 2","Thunder Strike+1"],"campfire_rested":2,"item_purchase_floors":[21,21,21,25,25,36,47],"current_hp_per_floor":[75,75,68,68,68,28,19,41,41,41,33,26,26,11,11,11,75,75,75,75,75,60,59,59,74,74,74,75,75,75,75,75,75,75,75,75,75,75,78,89,85,85,85,85,85,90,90,90,90,90],"gold":113,"neow_bonus":"THREE_ENEMY_KILL","is_daily":false,"chose_seed":false,"campfire_upgraded":4,"win_rate":0.0,"timestamp":1613785779,"path_taken":["M","M","?","M","?","E","M","R","T","R","M","M","?","M","R","BOSS","M","?","?","$","?","E","M","$","T","R","E","?","M","M","R","BOSS","M","$","?","?","?","E","?","M","T","E","?","M","$","M","R","BOSS"],"items_purchased_type":["Card","Card","Card","Relic","Card","Relic","Card"],"build_version":"2020-12-22","purchased_purges":2,"victory":true,"max_hp_per_floor":[75,75,75,75,75,75,75,75,75,75,75,75,75,75,75,75,75,75,75,75,75,75,75,75,75,75,75,75,75,75,75,75,75,75,75,75,75,75,89,89,85,85,85,85,85,90,90,90,90,90],"relic_stats":{"counters":[24,109],"Mummified Hand":[231],"Bird Faced Urn":[65],"MealTicket":15,"obtain_stats":[{"NeowsBlessing":0,"Mango":39,"Bottled Tornado":25,"Empty Cage":17,"Ancient Tea Set":40,"White Beast Statue":44,"CaptainsWheel":26,"HornCleat":43,"Mummified Hand":6,"Bird Faced Urn":28,"MealTicket":9,"Molten Egg 2":36,"Fusion Hammer":34,"Red Mask":37,"Bottled Lightning":20,"Cracked Core":0,"Toy Ornithopter":23},{"NeowsBlessing":0,"Mango":18,"Bottled Tornado":12,"Empty Cage":9,"Ancient Tea Set":19,"White Beast Statue":21,"CaptainsWheel":12,"HornCleat":20,"Mummified Hand":4,"Bird Faced Urn":13,"MealTicket":5,"Molten Egg 2":17,"Fusion Hammer":16,"Red Mask":17,"Bottled Lightning":10,"Cracked Core":0,"Toy Ornithopter":11},{"NeowsBlessing":0,"Mango":76,"Bottled Tornado":44,"Empty Cage":29,"Ancient Tea Set":82,"White Beast Statue":92,"CaptainsWheel":44,"HornCleat":87,"Mummified Hand":9,"Bird Faced Urn":49,"MealTicket":12,"Molten Egg 2":71,"Fusion Hammer":68,"Red Mask":71,"Bottled Lightning":33,"Cracked Core":0,"Toy Ornithopter":39}],"Toy Ornithopter":6},"card_choices":[{"not_picked":["Steam Power","Sweeping Beam"],"picked":"Capacitor","floor":1},{"not_picked":["Conserve Battery","Fusion"],"picked":"Ball Lightning","floor":2},{"not_picked":["Leap","Hologram"],"picked":"Barrage","floor":4},{"not_picked":["Hologram","Lockon"],"picked":"Compile Driver","floor":6},{"not_picked":["Gash","Streamline"],"picked":"Machine Learning","floor":7},{"not_picked":["Compile Driver","Sweeping Beam"],"picked":"Go for the Eyes","floor":11},{"not_picked":["Beam Cell","Sweeping Beam"],"picked":"Defragment","floor":12},{"not_picked":["Aggregate","Go for the Eyes"],"picked":"Coolheaded","floor":14},{"not_picked":["All For One","Machine Learning"],"picked":"Buffer","floor":16},{"not_picked":["Redo","Go for the Eyes"],"picked":"Defragment","floor":18},{"not_picked":["Auto Shields","Melter"],"picked":"White Noise","floor":23},{"not_picked":["Sweeping Beam","Hologram"],"picked":"Leap+1","floor":24},{"not_picked":["Sweeping Beam","Go for the Eyes"],"picked":"Conserve Battery","floor":28},{"not_picked":["Hello World","Multi-Cast","Beam Cell"],"picked":"SKIP","floor":30},{"not_picked":["Double Energy","Gash"],"picked":"Redo+1","floor":31},{"not_picked":["Rainbow","Amplify"],"picked":"Creative AI","floor":33},{"not_picked":["Sweeping Beam+1","Steam+1"],"picked":"FTL+1","floor":35},{"not_picked":["Barrage+1","Ball Lightning+1"],"picked":"Chill+1","floor":39},{"not_picked":["Beam Cell+1","Genetic Algorithm+1"],"picked":"Coolheaded+1","floor":40},{"not_picked":["Lockon+1","Double Energy+1"],"picked":"Barrage+1","floor":42},{"not_picked":["Tempest","Hello World+1"],"picked":"Consume+1","floor":44},{"not_picked":["Chill","Streamline+1"],"picked":"Cold Snap+1","floor":46},{"not_picked":["Rip and Tear+1","Hello World+1","Beam Cell+1"],"picked":"SKIP","floor":48}],"player_experience":7049,"relics_obtained":[{"floor":6,"key":"Mummified Hand"},{"floor":9,"key":"MealTicket"},{"floor":20,"key":"Bottled Lightning"},{"floor":23,"key":"Toy Ornithopter"},{"floor":26,"key":"CaptainsWheel"},{"floor":28,"key":"Bird Faced Urn"},{"floor":39,"key":"Mango"},{"floor":40,"key":"Ancient Tea Set"},{"floor":43,"key":"HornCleat"},{"floor":44,"key":"White Beast Statue"}],"event_choices":[{"cards_removed":["Strike_B"],"damage_healed":0,"gold_gain":0,"player_choice":"Card Removal","damage_taken":7,"max_hp_gain":0,"max_hp_loss":0,"event_name":"Golden Wing","floor":3,"gold_loss":0},{"damage_healed":0,"gold_gain":175,"player_choice":"AGREE","damage_taken":150,"max_hp_gain":0,"max_hp_loss":0,"event_name":"betterThird:BetterSerpent","floor":5,"gold_loss":0},{"cards_removed":["Doubt"],"damage_healed":0,"gold_gain":0,"player_choice":"Forget","damage_taken":0,"max_hp_gain":0,"max_hp_loss":0,"event_name":"Living Wall","floor":13,"gold_loss":0},{"damage_healed":0,"gold_gain":0,"player_choice":"Ignored","damage_taken":0,"max_hp_gain":0,"max_hp_loss":0,"event_name":"betterNote:BetterNote","floor":19,"gold_loss":0,"cards_obtained":["hermit:GhostlyPresence"]},{"damage_healed":0,"gold_gain":2,"player_choice":"2","damage_taken":0,"max_hp_gain":0,"max_hp_loss":15,"event_name":"betterStone:BetterStone","floor":22,"gold_loss":0},{"damage_healed":0,"gold_gain":0,"player_choice":"Copied","damage_taken":0,"max_hp_gain":0,"max_hp_loss":0,"event_name":"Duplicator","floor":29,"gold_loss":0,"cards_obtained":["Defragment"]},{"damage_healed":0,"gold_gain":0,"player_choice":"Paid","damage_taken":0,"relics_obtained":["Red Mask"],"max_hp_gain":0,"max_hp_loss":0,"event_name":"Tomb of Lord Red Mask","floor":37,"gold_loss":10},{"cards_removed":["Sweeping Beam"],"damage_healed":0,"gold_gain":0,"player_choice":"Removed Attack","damage_taken":0,"max_hp_gain":0,"max_hp_loss":0,"event_name":"Falling","floor":38,"gold_loss":0},{"damage_healed":0,"gold_gain":0,"player_choice":"Fight","damage_taken":0,"max_hp_gain":0,"max_hp_loss":0,"event_name":"MindBloom","floor":39,"gold_loss":0},{"damage_healed":0,"gold_gain":0,"player_choice":"Max HP","damage_taken":0,"max_hp_gain":0,"max_hp_loss":4,"event_name":"Winding Halls","floor":41,"gold_loss":0},{"damage_healed":0,"gold_gain":100,"player_choice":"Pray","damage_taken":0,"max_hp_gain":0,"max_hp_loss":0,"event_name":"Golden Shrine","floor":45,"gold_loss":0}],"is_beta":false,"boss_relics":[{"not_picked":["Philosopher\u0027s Stone","SacredBark"],"picked":"Empty Cage"},{"not_picked":["Inserter","SlaversCollar"],"picked":"Fusion Hammer"}],"items_purged_floors":[21,25],"is_endless":false,"potions_floor_spawned":[1,6,12,14,24,30,35,44,46,48],"ascension_level":0}}