{"host":"spd19cimorv47raq","time":1613784520,"event":{"mods":["AchievementEnabler","BaseMod","Colored Map","Keyboard Shortcuts","Minty Spire (QoL Compilation)","StSLib","SuperFastMode"],"gold_per_floor":[19,33,33,53,69,69,81,81,81,100,250,269,289,302,302,377,427,437,2,2,22,41,41,57,57,84,84,134,151,151,164,164,164,164],"floor_reached":33,"language":"KOR","playtime":1693,"items_purged":["Doubt"],"score":490,"play_id":"399376c1-52e3-456b-8678-26244fa93f45","local_time":"20210220102840","is_ascension_mode":true,"campfire_choices":[{"data":"Leg Sweep","floor":6.0,"key":"SMITH"},{"data":"Noxious Fumes","floor":8.0,"key":"SMITH"},{"floor":15.0,"key":"REST"},{"floor":23.0,"key":"REST"},{"data":"Wraith Form v2","floor":25.0,"key":"SMITH"},{"floor":30,"key":"REST"},{"floor":32,"key":"REST"}],"circlet_count":0,"master_deck":["AscendersBane","Strike_G","Strike_G","Strike_G","Defend_G","Defend_G","Defend_G","Defend_G","Defend_G","Survivor","Neutralize+1","Noxious Fumes+1","Choke","Cloak And Dagger","Poisoned Stab","Bane","Leg Sweep+1","Deadly Poison","Dagger Spray","Burst+1","Acrobatics","PiercingWail","Wraith Form v2+1","Acrobatics","Sadistic Nature","Tactician","PiercingWail+1","Backflip+1","Well Laid Plans","Tactician"],"relics":["Ring of the Snake","Ginger","Tiny House","ClockworkSouvenir","Sundial","War Paint"],"acts_visited":["Exordium","TheCity"],"potions_floor_usage":[33],"damage_taken":[{"damage":6.0,"enemies":"Cultist","floor":1.0,"turns":5.0},{"damage":0.0,"enemies":"2 Louse","floor":2.0,"turns":2.0},{"damage":1.0,"enemies":"Jaw Worm","floor":4.0,"turns":4.0},{"damage":5.0,"enemies":"Red Slaver","floor":5.0,"turns":3.0},{"damage":0.0,"enemies":"Gremlin Gang","floor":7.0,"turns":3.0},{"damage":15.0,"enemies":"Exordium Thugs","floor":10.0,"turns":4.0},{"damage":8.0,"enemies":"Blue Slaver","floor":12.0,"turns":4.0},{"damage":4.0,"enemies":"Red Slaver","floor":13.0,"turns":4.0},{"damage":6.0,"enemies":"Looter","floor":14.0,"turns":4.0},{"damage":5.0,"enemies":"Hexaghost","floor":16.0,"turns":9.0},{"damage":17.0,"enemies":"Spheric Guardian","floor":18.0,"turns":5.0},{"damage":13.0,"enemies":"Shell Parasite","floor":21.0,"turns":7.0},{"damage":7.0,"enemies":"Snake Plant","floor":22.0,"turns":5.0},{"damage":1.0,"enemies":"Snecko","floor":24.0,"turns":5.0},{"damage":14,"enemies":"Chosen and Byrds","floor":29,"turns":8},{"damage":21,"enemies":"Centurion and Healer","floor":31,"turns":9},{"damage":66,"enemies":"Champ","floor":33,"turns":15}],"seed_played":"-1159471096603420208","potions_obtained":[{"floor":1.0,"key":"SkillPotion"},{"floor":4.0,"key":"Explosive Potion"},{"floor":10.0,"key":"CunningPotion"},{"floor":12.0,"key":"FearPotion"},{"floor":13.0,"key":"BlessingOfTheForge"},{"floor":17.0,"key":"GamblersBrew"},{"floor":21.0,"key":"SpeedPotion"},{"floor":24.0,"key":"SteroidPotion"}],"is_trial":false,"path_per_floor":["M","M","$","M","M","R","M","R","T","M","?","M","M","M","R","B",null,"M","$","T","M","M","R","M","R","T","?","?","M","R","M","R","B"],"character_chosen":"THE_SILENT","items_purchased":["Sadistic Nature","ClockworkSouvenir"],"campfire_rested":4,"item_purchase_floors":[19,19],"current_hp_per_floor":[53,53,53,52,47,47,47,47,47,32,32,24,20,14,33,28,62,45,45,45,32,25,46,45,45,45,45,45,31,52,31,52,0,0],"gold":164,"neow_bonus":"TRANSFORM_TWO_CARDS","is_daily":false,"chose_seed":false,"campfire_upgraded":3,"win_rate":0.0,"timestamp":1613784520,"path_taken":["M","M","?","M","M","R","M","R","T","M","?","M","?","M","R","BOSS","M","$","?","?","M","R","M","R","T","?","?","M","R","M","R","BOSS"],"items_purchased_type":["Card","Relic"],"build_version":"2020-12-22","purchased_purges":1,"victory":false,"max_hp_per_floor":[66,66,66,66,66,66,66,66,66,66,66,66,66,66,66,66,71,71,71,71,71,71,71,71,71,71,71,71,71,71,71,71,71,71],"card_choices":[{"not_picked":["Flechettes","Dagger Throw"],"picked":"Cloak And Dagger","floor":1.0},{"not_picked":["Deflect","Escape Plan"],"picked":"Poisoned Stab","floor":2.0},{"not_picked":["Poisoned Stab","Slice"],"picked":"Bane","floor":4.0},{"not_picked":["Calculated Gamble","Expertise"],"picked":"Leg Sweep","floor":5.0},{"not_picked":["Leg Sweep","Choke"],"picked":"Deadly Poison","floor":7.0},{"not_picked":["Slice","Calculated Gamble"],"picked":"Dagger Spray","floor":10.0},{"not_picked":["Heel Hook","Acrobatics"],"picked":"Burst","floor":12.0},{"not_picked":["Underhanded Strike","Eviscerate"],"picked":"Acrobatics","floor":13.0},{"not_picked":["Flechettes","Dash"],"picked":"PiercingWail","floor":14.0},{"not_picked":["Venomology","Malaise"],"picked":"Wraith Form v2","floor":16.0},{"not_picked":["Noxious Fumes","Setup"],"picked":"Acrobatics","floor":17.0},{"not_picked":["Quick Slash","Skewer","Underhanded Strike"],"picked":"SKIP","floor":18.0},{"not_picked":["Dagger Spray","Reflex"],"picked":"Tactician","floor":21.0},{"not_picked":["Bane","Outmaneuver+1"],"picked":"PiercingWail","floor":22.0},{"not_picked":["Corpse Explosion","PiercingWail"],"picked":"Backflip+1","floor":24.0},{"not_picked":["Outmaneuver","Dodge and Roll","Flying Knee"],"picked":"SKIP","floor":29},{"not_picked":["Outmaneuver","Dodge and Roll","Flying Knee"],"picked":"SKIP","floor":29},{"not_picked":["Dagger Throw","Dodge and Roll"],"picked":"Tactician","floor":31}],"player_experience":874440,"relics_obtained":[{"floor":9.0,"key":"Ginger"},{"floor":20.0,"key":"Sundial"},{"floor":26.0,"key":"War Paint"}],"event_choices":[{"damage_healed":0.0,"max_hp_gain":0.0,"max_hp_loss":0.0,"gold_gain":150.0,"event_name":"Liars Game","player_choice":"AGREE","floor":11.0,"gold_loss":0.0,"damage_taken":0.0,"cards_obtained":["Doubt"]},{"damage_healed":0.0,"max_hp_gain":0.0,"max_hp_loss":0.0,"gold_gain":0.0,"event_name":"The Library","player_choice":"Read","floor":27.0,"gold_loss":0.0,"damage_taken":0.0,"cards_obtained":["Well Laid Plans"]},{"damage_healed":0,"gold_gain":100,"player_choice":"Bet on Murderer","damage_taken":0,"max_hp_gain":0,"max_hp_loss":0,"event_name":"The Joust","floor":28,"gold_loss":50}],"is_beta":false,"boss_relics":[{"not_picked":["Fusion Hammer","Runic Dome"],"picked":"Tiny House"}],"items_purged_floors":[19],"is_endless":false,"potions_floor_spawned":[1,4,10,12,13,21,24,29],"killed_by":"Champ","ascension_level":20}}