{"host":"ufhw4cf0hh51lveu","time":1613823145,"event":{"mods":["BaseMod","DeckTracker","Lobotomy","Minty Spire (QoL Compilation)","SuperFastMode"],"gold_per_floor":[116,66,166,179,195,195,210,210,210,225,255,255,266,296,296,392,392,374,389,389,389,109,109,144,144,171,171,27,27,42,42,42,141,141,158,172,45,63,76,76,94,194,194,194,38,51,51,66,66,66,66],"floor_reached":50,"language":"KOR","playtime":2388,"items_purged":["CrumblingArmor"],"score":497,"play_id":"78074531-fc5f-46d5-8903-aee8fbb8cbdd","local_time":"20210220211225","is_ascension_mode":false,"campfire_choices":[],"circlet_count":0,"master_deck":["SecurityCode","CentralCode","GreenStem","Soda","UniverseFragment","Wellcheers","CherryBlossoms","ShyLook","FourthMatchFlame+1","CENSORED_ego","DisciplinaryCode","MeatLantern","Bloodbath","ParadiseLost+1","Horn+1","GreenStem","Amita","Hornet+1","TrainingCode","GoldRush+1","DespairKnight","OldLady","OSAHOGD","Lamp+2","Horn+1","SpecialBullet","BlueStar","ScreamingWedge+1"],"relics":["CogitoBucket","Happy Flower","Meat on the Bone","Letter Opener","LuminousBracelet","Molten Egg 2","Empty Cage","PreservedInsect","Blood Vial","Smiling Mask","Nilry\u0027s Codex","Membership Card","AspirationHeart","Fusion Hammer","Frozen Egg 2","AtMidnight","Nunchaku","Pear"],"acts_visited":["Exordium","TheCity","TheBeyond"],"potions_floor_usage":[16,18,24,24,30,33,36,36,38,39,46,50,50],"damage_taken":[{"damage":0,"enemies":"Small Slimes","floor":1,"turns":2},{"damage":0,"enemies":"Cultist","floor":4,"turns":3},{"damage":0,"enemies":"2 Louse","floor":5,"turns":1},{"damage":16,"enemies":"Looter","floor":7,"turns":4},{"damage":7,"enemies":"Large Slime","floor":10,"turns":4},{"damage":22,"enemies":"Gremlin Nob","floor":11,"turns":4},{"damage":18,"enemies":"2 Fungi Beasts","floor":13,"turns":4},{"damage":10,"enemies":"3 Sentries","floor":14,"turns":7},{"damage":134,"enemies":"Hexaghost","floor":16,"turns":19},{"damage":20,"enemies":"2 Thieves","floor":18,"turns":4},{"damage":23,"enemies":"Chosen","floor":19,"turns":8},{"damage":83,"enemies":"Gremlin Leader","floor":24,"turns":10},{"damage":15,"enemies":"Sentry and Sphere","floor":30,"turns":8},{"damage":51,"enemies":"Champ","floor":33,"turns":16},{"damage":16,"enemies":"3 Shapes","floor":35,"turns":3},{"damage":31,"enemies":"3 Darklings","floor":36,"turns":5},{"damage":53,"enemies":"Jaw Worm Horde","floor":38,"turns":3},{"damage":13,"enemies":"Spire Growth","floor":39,"turns":4},{"damage":1,"enemies":"Maw","floor":41,"turns":9},{"damage":36,"enemies":"4 Shapes","floor":46,"turns":6},{"damage":8,"enemies":"3 Darklings","floor":48,"turns":11},{"damage":79,"enemies":"Awakened One","floor":50,"turns":3}],"seed_played":"577090028032468972","potions_obtained":[{"floor":4,"key":"FairyPotion"},{"floor":7,"key":"Block Potion"},{"floor":14,"key":"PowerPotion"},{"floor":16,"key":"Fire Potion"},{"floor":19,"key":"Weak Potion"},{"floor":24,"key":"DuplicationPotion"},{"floor":30,"key":"AttackPotion"},{"floor":35,"key":"EntropicBrew"},{"floor":36,"key":"Energy Potion"},{"floor":46,"key":"EssenceOfSteel"},{"floor":48,"key":"DistilledChaos"}],"is_trial":false,"path_per_floor":["M","$","?","M","M","R","M","R","T","M","E","?","M","E","R","B",null,"M","M","?","?","$","R","E","?","T","?","$","R","M","$","R","B",null,"M","M","$","M","M","R","M","?","T","R","$","M","R","M","R","B"],"character_chosen":"Angela","items_purchased":["Soda","Horn+1","PreservedInsect","Membership Card","Frozen Egg 2","Lamp+1","Pear"],"campfire_rested":0,"item_purchase_floors":[2,22,22,28,37,45,45],"current_hp_per_floor":[70,70,70,70,70,70,55,55,55,68,62,48,75,81,81,40,75,75,75,75,61,61,61,50,50,50,34,34,34,80,80,80,42,70,70,69,69,32,56,56,60,60,60,60,70,61,61,64,64,0,0],"gold":66,"neow_bonus":"RANDOM_COMMON_RELIC","is_daily":false,"chose_seed":false,"campfire_upgraded":0,"win_rate":0.0,"timestamp":1613823145,"path_taken":["M","$","?","M","M","R","?","R","T","M","E","?","M","E","R","BOSS","M","M","?","?","$","R","E","?","T","?","$","R","M","?","R","BOSS","M","M","$","M","?","R","M","?","T","R","?","M","R","M","R","BOSS"],"items_purchased_type":["Card","Card","Relic","Relic","Relic","Card","Relic"],"build_version":"2020-12-22","purchased_purges":1,"victory":false,"max_hp_per_floor":[70,70,70,70,70,70,70,70,70,70,70,70,85,85,85,75,75,75,75,75,80,80,80,70,70,70,70,70,70,80,80,80,70,70,70,70,70,70,70,70,60,60,60,60,70,70,70,64,64,64,64],"card_choices":[{"not_picked":["VoidDream","Murderer"],"picked":"QueenBee","floor":1},{"not_picked":["Amita"],"picked":"GreenStem","floor":1},{"not_picked":["SingingMachine","BeautyBeast"],"picked":"CrumblingArmor","floor":4},{"not_picked":["Regret_ego"],"picked":"Galaxy","floor":4},{"not_picked":["Bloodbath","OSAHOGD"],"picked":"UniverseFragment","floor":5},{"not_picked":["Lantern","SolemnVow"],"picked":"SKIP","floor":5},{"not_picked":["BeautyBeast","MeatLantern"],"picked":"Wellcheers","floor":7},{"not_picked":["TodaysExpression","Discord"],"picked":"SKIP","floor":7},{"not_picked":["WallGazer","HeroicMonk"],"picked":"CherryBlossoms","floor":10},{"not_picked":["CrimsonScar","Gaze"],"picked":"SKIP","floor":10},{"not_picked":["SwordSharpenedByTears"],"picked":"CUTE","floor":11},{"not_picked":["MeatLantern","Murderer"],"picked":"ShyLook","floor":13},{"not_picked":["ShedSkin","Reverberation"],"picked":"SKIP","floor":13},{"not_picked":["CUTE"],"picked":"FourthMatchFlame+1","floor":14},{"not_picked":["Adoration"],"picked":"CENSORED_ego","floor":16},{"not_picked":["NakedNest","OldLady"],"picked":"MeatLantern","floor":18},{"not_picked":["Lantern+1","SwordSharpenedByTears+1"],"picked":"SKIP","floor":18},{"not_picked":["Murderer","PunishingBird"],"picked":"Bloodbath","floor":19},{"not_picked":["Noise+1","CrimsonScar+1"],"picked":"SKIP","floor":19},{"not_picked":["CUTE","Moonlight+1"],"picked":"SKIP","floor":24},{"not_picked":["Tough+1"],"picked":"Hornet+1","floor":30},{"not_picked":["Pinks"],"picked":"GoldRush+1","floor":33},{"not_picked":["Porccubus","DreamingCurrent"],"picked":"DespairKnight","floor":35},{"not_picked":["SomewhereSpear+1","Penitence+1"],"picked":"SKIP","floor":35},{"not_picked":["BlackArmy","QueenBee"],"picked":"OldLady","floor":36},{"not_picked":["GrinderMk4+1","BloodyDesire+1"],"picked":"SKIP","floor":36},{"not_picked":["CherryBlossom+1","CUTE"],"picked":"SKIP","floor":38},{"not_picked":["Woodsman","QueenBee"],"picked":"OSAHOGD","floor":39},{"not_picked":["Loneliness","CUTE"],"picked":"SKIP","floor":39},{"not_picked":["WristCuter+1","Adoration"],"picked":"SKIP","floor":41},{"not_picked":["WristCuter+1"],"picked":"Horn+1","floor":46},{"not_picked":["Laetitia","SingingMachine"],"picked":"BlueStar","floor":48},{"not_picked":["TodaysExpression"],"picked":"ScreamingWedge+1","floor":48}],"player_experience":62299,"relics_obtained":[{"floor":9,"key":"Meat on the Bone"},{"floor":11,"key":"Letter Opener"},{"floor":14,"key":"Molten Egg 2"},{"floor":24,"key":"Blood Vial"},{"floor":26,"key":"Smiling Mask"},{"floor":27,"key":"Nilry\u0027s Codex"},{"floor":39,"key":"AtMidnight"},{"floor":43,"key":"Nunchaku"}],"event_choices":[{"damage_healed":0,"gold_gain":100,"player_choice":"Pray","damage_taken":0,"max_hp_gain":0,"max_hp_loss":0,"event_name":"Golden Shrine","floor":3,"gold_loss":0},{"damage_healed":0,"gold_gain":0,"player_choice":"Entered Light","damage_taken":14,"max_hp_gain":0,"max_hp_loss":0,"event_name":"Shining Light","floor":12,"gold_loss":0,"cards_upgraded":["CUTE","Galaxy"]},{"damage_healed":0,"gold_gain":0,"player_choice":"Read","damage_taken":0,"max_hp_gain":0,"max_hp_loss":0,"event_name":"The Library","floor":20,"gold_loss":0,"cards_obtained":["ParadiseLost"]},{"damage_healed":0,"gold_gain":0,"player_choice":"Shed Blood","damage_taken":19,"max_hp_gain":5,"max_hp_loss":0,"event_name":"Forgotten Altar","floor":21,"gold_loss":0},{"damage_healed":0,"gold_gain":0,"cards_transformed":["CUTE","InformationCode"],"player_choice":"Became Test Subject","damage_taken":0,"max_hp_gain":0,"max_hp_loss":0,"event_name":"Drug Dealer","floor":25,"gold_loss":0,"cards_obtained":["GreenStem","Amita"]},{"damage_healed":0,"gold_gain":0,"player_choice":"Obtained Book","damage_taken":16,"max_hp_gain":0,"max_hp_loss":0,"event_name":"Cursed Tome","floor":27,"gold_loss":0},{"damage_healed":0,"gold_gain":100,"player_choice":"Pray","damage_taken":0,"max_hp_gain":0,"max_hp_loss":0,"event_name":"Golden Shrine","floor":42,"gold_loss":0}],"is_beta":false,"boss_relics":[{"not_picked":["Philosopher\u0027s Stone","Cursed Key"],"picked":"Empty Cage"},{"not_picked":["Sozu","Runic Dome"],"picked":"Fusion Hammer"}],"items_purged_floors":[22],"is_endless":false,"potions_floor_spawned":[4,7,14,16,19,24,30,35,36,46,48],"killed_by":"Awakened One","ascension_level":0}}