{"host":"t7mx8yfj1no5p62f","time":1613798247,"event":{"mods":["BaseMod","Bestiary","Colored Map","Colored Powertips","Curses Come First","Minty Spire (QoL Compilation)","Relic Stats","StSLib"],"gold_per_floor":[363,373,112,122,137,182,182,208,235,235,269,61,13,41,41,115,115,131,131,131,46,56,81,81,95,171,171,190,203,216,250,250,333,333,351,406,424,121,139,181,181,209,255,283,299,329,351,696,696,696,696,696,696,433,475,475],"floor_reached":57,"language":"ENG","playtime":3667,"items_purged":["Shame","Strike_R","Strike_R","Strike_R"],"score":3401,"play_id":"a44a67b6-73dc-4a23-8d0f-4fae67294b70","local_time":"20210220001727","is_ascension_mode":true,"campfire_choices":[{"data":"Inflame","floor":7.0,"key":"SMITH"},{"data":"True Grit","floor":15.0,"key":"SMITH"},{"data":"Shockwave","floor":24,"key":"SMITH"},{"data":"Feel No Pain","floor":27,"key":"SMITH"},{"data":"Flame Barrier","floor":32,"key":"SMITH"},{"data":"Spot Weakness","floor":41,"key":"SMITH"},{"floor":49,"key":"RECALL"},{"data":"Pommel Strike","floor":53,"key":"SMITH"}],"circlet_count":0,"master_deck":["AscendersBane","Strike_R","Strike_R","Defend_R","Defend_R","Defend_R","Defend_R","Bash","Shockwave+1","Inflame+1","Clothesline","Pommel Strike+1","Spot Weakness+1","Feel No Pain+1","Sword Boomerang","Discovery","True Grit+1","Corruption","Burning Pact+1","Shrug It Off+1","Flame Barrier+1","Immolate","Limit Break","True Grit+1","Discovery","Violence+1","Master of Strategy","Dark Embrace","Shockwave+1","Entrench+1","Disarm+1","Dark Shackles","Second Wind+1"],"relics":["Burning Blood","Toolbox","FossilizedHelix","Nunchaku","Art of War","Juzu Bracelet","Membership Card","Pear","Snecko Eye","Nilry\u0027s Codex","Bag of Preparation","Anchor","Bottled Tornado","CeramicFish","SlaversCollar","Champion Belt","Pantograph","PreservedInsect","War Paint","Bottled Lightning","Calipers","Old Coin","Orrery","Strawberry","Toy Ornithopter"],"acts_visited":["Exordium","TheCity","TheBeyond","TheEnding"],"potions_floor_usage":[33,36,42,56,56],"damage_taken":[{"damage":7.0,"enemies":"Cultist","floor":1.0,"turns":4.0},{"damage":23.0,"enemies":"Small Slimes","floor":2.0,"turns":6.0},{"damage":2.0,"enemies":"2 Louse","floor":4.0,"turns":2.0},{"damage":0.0,"enemies":"2 Fungi Beasts","floor":5.0,"turns":2.0},{"damage":15.0,"enemies":"3 Sentries","floor":6.0,"turns":5.0},{"damage":0.0,"enemies":"Gremlin Nob","floor":8.0,"turns":3.0},{"damage":8.0,"enemies":"Lagavulin","floor":11.0,"turns":6.0},{"damage":0.0,"enemies":"Gremlin Nob","floor":14.0,"turns":3.0},{"damage":27.0,"enemies":"The Guardian","floor":16.0,"turns":9.0},{"damage":0.0,"enemies":"Chosen","floor":18.0,"turns":4.0},{"damage":6,"enemies":"Shell Parasite","floor":22,"turns":4},{"damage":8,"enemies":"Gremlin Leader","floor":23,"turns":5},{"damage":0,"enemies":"Centurion and Healer","floor":25,"turns":7},{"damage":0,"enemies":"Snake Plant","floor":28,"turns":3},{"damage":0,"enemies":"3 Cultists","floor":29,"turns":3},{"damage":0,"enemies":"Sentry and Sphere","floor":30,"turns":5},{"damage":0,"enemies":"Book of Stabbing","floor":31,"turns":4},{"damage":1,"enemies":"Automaton","floor":33,"turns":7},{"damage":0,"enemies":"Orb Walker","floor":35,"turns":4},{"damage":0,"enemies":"2 Orb Walkers","floor":36,"turns":2},{"damage":20,"enemies":"3 Darklings","floor":37,"turns":3},{"damage":0,"enemies":"Giant Head","floor":40,"turns":7},{"damage":0,"enemies":"Reptomancer","floor":42,"turns":3},{"damage":0,"enemies":"Giant Head","floor":44,"turns":3},{"damage":0,"enemies":"4 Shapes","floor":45,"turns":5},{"damage":0,"enemies":"Nemesis","floor":46,"turns":3},{"damage":0,"enemies":"Sphere and 2 Shapes","floor":47,"turns":3},{"damage":0,"enemies":"Mind Bloom Boss Battle","floor":48,"turns":6},{"damage":24,"enemies":"Awakened One","floor":50,"turns":9},{"damage":18,"enemies":"Time Eater","floor":51,"turns":6},{"damage":55,"enemies":"Shield and Spear","floor":55,"turns":8},{"damage":0,"enemies":"The Heart","floor":56,"turns":7}],"seed_played":"-5545804570735206414","potions_obtained":[{"floor":2.0,"key":"AttackPotion"},{"floor":5.0,"key":"Regen Potion"},{"floor":6.0,"key":"SkillPotion"},{"floor":8.0,"key":"DistilledChaos"},{"floor":25,"key":"DistilledChaos"},{"floor":33,"key":"Ancient Potion"},{"floor":44,"key":"BlessingOfTheForge"}],"is_trial":false,"path_per_floor":["M","M","$","M","M","E","R","E","T","?","E","$","$","E","R","B",null,"M","?","?","?","M","E","R","M","T","R","M","M","M","E","R","B",null,"M","?","M","$","?","E","R","E","T","E","M","E","M","?","R","B","B",null,"R","$","E","B",null],"character_chosen":"IRONCLAD","items_purchased":["Clothesline","Toolbox","Membership Card","Discovery","SneckoOil","Pantograph","Discovery","Orrery","Strawberry","Dark Shackles"],"campfire_rested":0,"item_purchase_floors":[3,3,12,13,38,38,38,54,54,54],"current_hp_per_floor":[67,50,50,54,60,65,65,71,71,71,69,69,69,85,85,64,80,85,64,64,64,64,62,62,68,68,68,74,80,85,85,85,85,85,85,85,71,71,61,67,67,73,73,79,85,85,85,85,85,67,73,82,82,89,40,81],"gold":475,"neow_bonus":"TWO_FIFTY_GOLD","is_daily":false,"chose_seed":false,"campfire_upgraded":7,"win_rate":0.0,"timestamp":1613798247,"path_taken":["M","?","$","M","M","E","R","E","T","?","E","?","$","E","R","BOSS","M","?","?","?","M","E","R","M","T","R","M","M","M","E","R","BOSS","M","?","M","$","?","E","R","E","T","E","M","E","M","?","R","BOSS","BOSS","R","$","E","BOSS"],"items_purchased_type":["Card","Relic","Relic","Card","Potion","Relic","Card","Relic","Relic","Card"],"build_version":"2020-12-22","purchased_purges":4,"victory":true,"max_hp_per_floor":[75,75,75,75,75,75,75,75,75,75,75,75,75,85,85,85,85,85,85,85,85,85,85,85,85,85,85,85,85,85,85,85,85,85,85,85,85,85,85,85,85,85,85,85,85,85,85,85,85,85,85,85,85,92,92,92],"relic_stats":{"counters":[32,151],"CeramicFish":108,"PreservedInsect":320,"Juzu Bracelet":0,"Bag of Preparation":[44],"War Paint":["Burning Pact","Violence"],"Burning Blood":149,"Nunchaku":[22],"Pantograph":43,"Snecko Eye":[252,259,263,236],"Art of War":[22],"Champion Belt":[40],"obtain_stats":[{"Calipers":46,"Nilry\u0027s Codex":19,"CeramicFish":31,"Juzu Bracelet":11,"Bag of Preparation":21,"Bottled Tornado":26,"Burning Blood":0,"Old Coin":48,"Nunchaku":8,"Pantograph":38,"Strawberry":54,"Toolbox":3,"Pear":14,"PreservedInsect":40,"War Paint":42,"SlaversCollar":34,"Anchor":23,"Snecko Eye":17,"Orrery":54,"Art of War":9,"Membership Card":12,"Champion Belt":36,"Bottled Lightning":44,"FossilizedHelix":6,"Toy Ornithopter":55},{"Calipers":26,"Nilry\u0027s Codex":10,"CeramicFish":17,"Juzu Bracelet":7,"Bag of Preparation":10,"Bottled Tornado":13,"Burning Blood":0,"Old Coin":28,"Nunchaku":6,"Pantograph":21,"Strawberry":30,"Toolbox":2,"Pear":8,"PreservedInsect":22,"War Paint":23,"SlaversCollar":18,"Anchor":12,"Snecko Eye":9,"Orrery":30,"Art of War":6,"Membership Card":7,"Champion Belt":20,"Bottled Lightning":24,"FossilizedHelix":5,"Toy Ornithopter":31},{"Calipers":112,"Nilry\u0027s Codex":44,"CeramicFish":75,"Juzu Bracelet":28,"Bag of Preparation":44,"Bottled Tornado":60,"Burning Blood":0,"Old Coin":121,"Nunchaku":22,"Pantograph":91,"Strawberry":136,"Toolbox":10,"Pear":31,"PreservedInsect":98,"War Paint":101,"SlaversCollar":82,"Anchor":53,"Snecko Eye":40,"Orrery":136,"Art of War":22,"Membership Card":28,"Champion Belt":88,"Bottled Lightning":104,"FossilizedHelix":19,"Toy Ornithopter":144}],"Toy Ornithopter":10},"card_choices":[{"not_picked":["Power Through","Iron Wave"],"picked":"Shockwave","floor":1.0},{"not_picked":["Battle Trance","Headbutt"],"picked":"Inflame","floor":2.0},{"not_picked":["Sever Soul","Dual Wield"],"picked":"Pommel Strike","floor":4.0},{"not_picked":["Feel No Pain","Headbutt"],"picked":"Spot Weakness","floor":5.0},{"not_picked":["Armaments","Searing Blow"],"picked":"Feel No Pain","floor":6.0},{"not_picked":["Anger","Iron Wave"],"picked":"Sword Boomerang","floor":8.0},{"not_picked":["Clothesline","Flex","Double Tap"],"picked":"SKIP","floor":11.0},{"not_picked":["Inflame","Havoc"],"picked":"True Grit","floor":14.0},{"not_picked":["Bludgeon","Barricade"],"picked":"Corruption","floor":16.0},{"not_picked":["Flex","Whirlwind","Perfected Strike"],"picked":"SKIP","floor":18.0},{"not_picked":["Clothesline","Anger"],"picked":"Burning Pact","floor":22},{"not_picked":["Whirlwind+1","Bloodletting"],"picked":"Shrug It Off+1","floor":23},{"not_picked":["Pummel+1","Reckless Charge","Flex"],"picked":"SKIP","floor":25},{"not_picked":["Flex","Twin Strike","Havoc"],"picked":"SKIP","floor":28},{"not_picked":["Rage+1","Sword Boomerang"],"picked":"Flame Barrier","floor":29},{"not_picked":["Perfected Strike","Clothesline+1","Flex"],"picked":"SKIP","floor":30},{"not_picked":["Hemokinesis","Cleave+1"],"picked":"Immolate","floor":31},{"not_picked":["Exhume","Offering"],"picked":"Limit Break","floor":33},{"not_picked":["Havoc","Body Slam+1","Bloodletting"],"picked":"SKIP","floor":35},{"not_picked":["Burning Pact+1","Havoc"],"picked":"True Grit+1","floor":36},{"not_picked":["Dual Wield","Combust","Iron Wave"],"picked":"SKIP","floor":37},{"not_picked":["Dramatic Entrance","Impatience"],"picked":"Violence","floor":39},{"not_picked":["Forethought","Mind Blast"],"picked":"Master of Strategy","floor":39},{"not_picked":["Demon Form","Blood for Blood"],"picked":"Dark Embrace","floor":40},{"not_picked":["Twin Strike+1","Headbutt","Second Wind"],"picked":"SKIP","floor":42},{"not_picked":["Flex+1","Rupture","Pommel Strike"],"picked":"SKIP","floor":44},{"not_picked":["Rage","Havoc+1","Rampage"],"picked":"SKIP","floor":45},{"not_picked":["Headbutt","Bludgeon","Barricade"],"picked":"SKIP","floor":46},{"not_picked":["Headbutt","Bludgeon","Barricade"],"picked":"SKIP","floor":46},{"not_picked":["Pommel Strike","Searing Blow"],"picked":"Shockwave+1","floor":47},{"not_picked":["Cleave","Clash"],"picked":"Entrench+1","floor":54},{"not_picked":["Pommel Strike+1","Perfected Strike"],"picked":"Disarm+1","floor":54},{"not_picked":["Armaments","Anger+1"],"picked":"Second Wind+1","floor":55}],"player_experience":1983447,"relics_obtained":[{"floor":6.0,"key":"FossilizedHelix"},{"floor":8.0,"key":"Nunchaku"},{"floor":9.0,"key":"Art of War"},{"floor":11.0,"key":"Juzu Bracelet"},{"floor":14.0,"key":"Pear"},{"floor":19,"key":"Nilry\u0027s Codex"},{"floor":23,"key":"Anchor"},{"floor":26,"key":"Bottled Tornado"},{"floor":31,"key":"CeramicFish"},{"floor":36,"key":"Champion Belt"},{"floor":40,"key":"PreservedInsect"},{"floor":42,"key":"War Paint"},{"floor":44,"key":"Bottled Lightning"},{"floor":46,"key":"Calipers"},{"floor":48,"key":"Old Coin"},{"floor":55,"key":"Toy Ornithopter"}],"event_choices":[{"damage_healed":0.0,"max_hp_gain":0.0,"max_hp_loss":0.0,"gold_gain":0.0,"event_name":"Lab","player_choice":"Got Potions","floor":10.0,"gold_loss":0.0,"damage_taken":0.0},{"damage_healed":0,"gold_gain":0,"player_choice":"Obtained Book","damage_taken":21,"max_hp_gain":0,"max_hp_loss":0,"event_name":"Cursed Tome","floor":19,"gold_loss":0},{"damage_healed":0,"gold_gain":0,"player_choice":"Ignored","damage_taken":0,"max_hp_gain":0,"max_hp_loss":0,"event_name":"Ghosts","floor":20,"gold_loss":0},{"damage_healed":0,"gold_gain":0,"player_choice":"Obtained Relic","damage_taken":0,"relics_obtained":["Bag of Preparation"],"max_hp_gain":0,"max_hp_loss":0,"event_name":"Addict","floor":21,"gold_loss":85},{"damage_healed":0,"gold_gain":0,"player_choice":"Fight","damage_taken":0,"max_hp_gain":0,"max_hp_loss":0,"event_name":"Mysterious Sphere","floor":36,"gold_loss":0},{"damage_healed":0,"gold_gain":0,"player_choice":"Memory 3","damage_taken":10,"max_hp_gain":0,"max_hp_loss":0,"event_name":"SensoryStone","floor":39,"gold_loss":0},{"damage_healed":0,"gold_gain":0,"player_choice":"Fight","damage_taken":0,"max_hp_gain":0,"max_hp_loss":0,"event_name":"MindBloom","floor":48,"gold_loss":0}],"is_beta":false,"boss_relics":[{"not_picked":["Velvet Choker","Black Blood"],"picked":"Snecko Eye"},{"not_picked":["Calling Bell","Pandora\u0027s Box"],"picked":"SlaversCollar"}],"items_purged_floors":[3,12,38,54],"is_endless":false,"potions_floor_spawned":[2,5,6,8,14,25,29,30,33,35,44,45,48,55],"ascension_level":20}}