{"host":"mydft8i2zzydgggw","time":1613808334,"event":{"mods":["AchievementEnabler","BaseMod","Colored Map","Colored Powertips","DeckTracker","Keyboard Shortcuts","Minty Spire (QoL Compilation)","Rare Cards Sparkle","Relic Stats","StSLib","SuperFastMode","Together in Spire","everything is the same but u backflip on backflip"],"gold_per_floor":[116,127,77,77,152,179,179,23,48,76,76,103,138,16,16,16,16],"floor_reached":16,"language":"KOR","playtime":200,"items_purged":["Strike_R"],"score":182,"play_id":"8bc8f6a1-52f6-4934-8a8c-593b22ba42d7","local_time":"20210220170534","is_ascension_mode":true,"campfire_choices":[{"data":"Searing Blow+1","floor":7.0,"key":"SMITH"},{"data":"Searing Blow+2","floor":11.0,"key":"SMITH"},{"data":"Searing Blow+3","floor":15.0,"key":"SMITH"}],"circlet_count":0,"master_deck":["AscendersBane","Strike_R","Strike_R","Strike_R","Defend_R","Defend_R","Defend_R","Defend_R","Bash+1","Immolate+1","Ghostly Armor","Searing Blow+4","Corruption","Feel No Pain"],"relics":["Burning Blood","InkBottle","Bag of Marbles","Nunchaku","Bottled Lightning","Whetstone","Smiling Mask"],"acts_visited":["Exordium"],"potions_floor_usage":[],"damage_taken":[{"damage":0.0,"enemies":"2 Louse","floor":1.0,"turns":2.0},{"damage":7.0,"enemies":"Jaw Worm","floor":2.0,"turns":4.0},{"damage":25.0,"enemies":"3 Sentries","floor":6.0,"turns":8.0},{"damage":25.0,"enemies":"Lagavulin","floor":10.0,"turns":6.0},{"damage":10.0,"enemies":"3 Sentries","floor":13.0,"turns":4.0},{"damage":18,"enemies":"The Guardian","floor":16,"turns":4}],"seed_played":"4161715730340112764","potions_obtained":[{"floor":2.0,"key":"ColorlessPotion"},{"floor":6.0,"key":"DistilledChaos"}],"is_trial":false,"path_per_floor":["M","M","?","?","?","E","R","$","T","E","R","T","E","$","R","B"],"character_chosen":"IRONCLAD","items_purchased":["Bag of Marbles","Feel No Pain"],"campfire_rested":0,"item_purchase_floors":[8,14],"current_hp_per_floor":[72,71,71,71,60,41,41,41,41,22,22,22,18,18,18,0,0],"gold":16,"neow_bonus":"THREE_RARE_CARDS","is_daily":false,"chose_seed":false,"campfire_upgraded":3,"win_rate":0.0,"timestamp":1613808334,"path_taken":["M","M","?","?","?","E","R","$","T","E","R","?","E","$","R","BOSS"],"items_purchased_type":["Relic","Card"],"build_version":"2020-12-22","purchased_purges":1,"victory":false,"max_hp_per_floor":[72,72,72,72,72,72,72,72,72,72,72,72,72,72,72,72,72],"relic_stats":{"Nunchaku":[1],"counters":[6,28],"Whetstone":["Bash","Immolate"],"Smiling Mask":25,"obtain_stats":[{"Nunchaku":9,"Bag of Marbles":8,"Bottled Lightning":10,"Whetstone":12,"Smiling Mask":13,"Burning Blood":0,"InkBottle":6},{"Nunchaku":3,"Bag of Marbles":3,"Bottled Lightning":4,"Whetstone":4,"Smiling Mask":5,"Burning Blood":0,"InkBottle":3},{"Nunchaku":14,"Bag of Marbles":14,"Bottled Lightning":20,"Whetstone":20,"Smiling Mask":24,"Burning Blood":0,"InkBottle":14}],"Burning Blood":24,"InkBottle":[3]},"card_choices":[{"not_picked":["Offering","Exhume"],"picked":"Immolate","floor":0.0},{"not_picked":["Wild Strike","Second Wind"],"picked":"Ghostly Armor","floor":1.0},{"not_picked":["Armaments","Perfected Strike"],"picked":"Searing Blow","floor":2.0},{"not_picked":["Havoc","Second Wind","True Grit"],"picked":"SKIP","floor":6.0},{"not_picked":["Reaper","Pummel"],"picked":"Corruption","floor":10.0},{"not_picked":["Sword Boomerang","Thunderclap","Cleave"],"picked":"SKIP","floor":13.0}],"player_experience":294071,"relics_obtained":[{"floor":6.0,"key":"InkBottle"},{"floor":9.0,"key":"Nunchaku"},{"floor":10.0,"key":"Bottled Lightning"},{"floor":12.0,"key":"Whetstone"},{"floor":13.0,"key":"Smiling Mask"}],"event_choices":[{"cards_removed":["Strike_R"],"damage_healed":0.0,"max_hp_gain":0.0,"max_hp_loss":0.0,"gold_gain":0.0,"event_name":"The Cleric","player_choice":"Card Removal","floor":3.0,"gold_loss":50.0,"damage_taken":0.0},{"damage_healed":0.0,"max_hp_gain":0.0,"max_hp_loss":0.0,"gold_gain":0.0,"event_name":"Living Wall","player_choice":"Grow","floor":4.0,"gold_loss":0.0,"damage_taken":0.0,"cards_upgraded":["Searing Blow"]},{"damage_healed":0.0,"max_hp_gain":0.0,"max_hp_loss":0.0,"gold_gain":75.0,"event_name":"World of Goop","player_choice":"Gather Gold","floor":5.0,"gold_loss":0.0,"damage_taken":11.0}],"is_beta":false,"boss_relics":[],"items_purged_floors":[14],"is_endless":false,"potions_floor_spawned":[2,6],"killed_by":"The Guardian","ascension_level":12}}