{"host":"fuszjwm6fqgjjp4d","time":1613838917,"event":{"mods":["BaseMod","Colored Map","Minty Spire (QoL Compilation)","Permanent Neow","Relic Sorter","Relic Stats","StSLib"],"gold_per_floor":[109,259,259,259,274,274,306,306,306,326,340,370,387,40,40,119,119,39,63,63,13,13,13,13],"floor_reached":23,"language":"ENG","playtime":645,"items_purged":["Strike_R"],"score":390,"play_id":"7219bf0e-7229-4b08-9cc3-4c0955bd88c3","local_time":"20210220103517","is_ascension_mode":true,"campfire_choices":[{"data":"Discovery","floor":6.0,"key":"SMITH"},{"data":"Infernal Blade","floor":8.0,"key":"SMITH"},{"data":"Disarm","floor":15.0,"key":"SMITH"}],"circlet_count":0,"master_deck":["AscendersBane","Strike_R","Strike_R","Strike_R","Strike_R","Defend_R","Defend_R","Defend_R","Defend_R","Bash","Discovery+1","Feel No Pain","Infernal Blade+1","Disarm+1","Flame Barrier","Metallicize","Jack Of All Trades","Offering","Shockwave"],"relics":["Burning Blood","Bottled Tornado","Dream Catcher","Omamori","Pear","Chemical X","Calling Bell","Tiny Chest","Molten Egg 2","CaptainsWheel","Strawberry"],"acts_visited":["Exordium","TheCity"],"potions_floor_usage":[18],"damage_taken":[{"damage":0.0,"enemies":"Small Slimes","floor":1.0,"turns":2.0},{"damage":2.0,"enemies":"Jaw Worm","floor":5.0,"turns":3.0},{"damage":29.0,"enemies":"Gremlin Nob","floor":7.0,"turns":4.0},{"damage":0.0,"enemies":"Cultist","floor":10.0,"turns":3.0},{"damage":9.0,"enemies":"Exordium Thugs","floor":11.0,"turns":5.0},{"damage":31.0,"enemies":"3 Sentries","floor":12.0,"turns":10.0},{"damage":11.0,"enemies":"2 Fungi Beasts","floor":13.0,"turns":3.0},{"damage":15.0,"enemies":"The Guardian","floor":16.0,"turns":9.0},{"damage":14,"enemies":"2 Thieves","floor":18,"turns":4},{"damage":69,"enemies":"Slavers","floor":23,"turns":8}],"seed_played":"1840839315976351104","potions_obtained":[{"floor":1.0,"key":"LiquidMemories"},{"floor":5.0,"key":"BlessingOfTheForge"},{"floor":7.0,"key":"Energy Potion"},{"floor":12.0,"key":"Swift Potion"},{"floor":16.0,"key":"Swift Potion"}],"is_trial":false,"path_per_floor":["M","?","?","T","M","R","E","R","T","M","M","E","M","$","R","B",null,"M","T","$","?","$","E"],"character_chosen":"IRONCLAD","items_purchased":["Chemical X","Jack Of All Trades"],"campfire_rested":0,"item_purchase_floors":[14,14],"current_hp_per_floor":[74,74,74,74,75,75,52,52,52,58,55,40,35,35,35,26,70,62,62,62,69,69,0,0],"gold":13,"neow_bonus":"RANDOM_COLORLESS","is_daily":false,"chose_seed":false,"campfire_upgraded":3,"win_rate":0.0,"timestamp":1613838917,"path_taken":["M","?","?","?","M","R","E","R","T","M","M","E","M","$","R","BOSS","M","?","?","?","$","E"],"items_purchased_type":["Relic","Card"],"build_version":"2020-12-22","purchased_purges":1,"victory":false,"max_hp_per_floor":[75,75,75,75,75,75,75,75,75,75,75,85,85,85,85,85,85,85,85,85,92,92,92,92],"relic_stats":{"Dream Catcher":0,"counters":[10,51],"Tiny Chest":0,"Chemical X":[2],"obtain_stats":[{"Calling Bell":17,"Dream Catcher":7,"CaptainsWheel":17,"Pear":12,"Strawberry":21,"Tiny Chest":17,"Molten Egg 2":17,"Omamori":9,"Chemical X":14,"Bottled Tornado":4,"Burning Blood":0},{"Calling Bell":8,"Dream Catcher":3,"CaptainsWheel":8,"Pear":6,"Strawberry":9,"Tiny Chest":8,"Molten Egg 2":8,"Omamori":3,"Chemical X":7,"Bottled Tornado":1,"Burning Blood":0},{"Calling Bell":39,"Dream Catcher":9,"CaptainsWheel":39,"Pear":27,"Strawberry":43,"Tiny Chest":39,"Molten Egg 2":39,"Omamori":9,"Chemical X":30,"Bottled Tornado":2,"Burning Blood":0}],"Burning Blood":51},"card_choices":[{"not_picked":["Trip","Swift Strike"],"picked":"Discovery","floor":0.0},{"not_picked":["Second Wind","Twin Strike"],"picked":"Feel No Pain","floor":1.0},{"not_picked":["Searing Blow","Seeing Red","Havoc"],"picked":"SKIP","floor":5.0},{"not_picked":["Twin Strike","Flex"],"picked":"Infernal Blade","floor":7.0},{"not_picked":["Uppercut","Sentinel"],"picked":"Disarm","floor":10.0},{"not_picked":["Armaments","Sword Boomerang","Berserk"],"picked":"SKIP","floor":11.0},{"not_picked":["Perfected Strike","Clothesline"],"picked":"Flame Barrier","floor":12.0},{"not_picked":["Havoc","Armaments"],"picked":"Metallicize","floor":13.0},{"not_picked":["Brutality","Limit Break"],"picked":"Offering","floor":16.0},{"not_picked":["Warcry","Body Slam+1"],"picked":"Shockwave","floor":18}],"player_experience":1506591,"relics_obtained":[{"floor":4.0,"key":"Bottled Tornado"},{"floor":7.0,"key":"Dream Catcher"},{"floor":9.0,"key":"Omamori"},{"floor":12.0,"key":"Pear"},{"floor":17.0,"key":"Tiny Chest"},{"floor":17.0,"key":"Molten Egg 2"},{"floor":17.0,"key":"CaptainsWheel"}],"event_choices":[{"damage_healed":0.0,"max_hp_gain":0.0,"max_hp_loss":0.0,"gold_gain":150.0,"event_name":"Liars Game","player_choice":"AGREE","floor":2.0,"gold_loss":0.0,"damage_taken":0.0,"cards_obtained":["Doubt"]},{"cards_removed":["Doubt"],"damage_healed":0.0,"max_hp_gain":0.0,"max_hp_loss":0.0,"gold_gain":0.0,"event_name":"Living Wall","player_choice":"Forget","floor":3.0,"gold_loss":0.0,"damage_taken":0.0},{"damage_healed":0,"gold_gain":0,"player_choice":"Paid Gold","damage_taken":0,"relics_obtained":["Strawberry"],"max_hp_gain":0,"max_hp_loss":0,"event_name":"WeMeetAgain","floor":21,"gold_loss":50}],"is_beta":false,"boss_relics":[{"not_picked":["Busted Crown","Velvet Choker"],"picked":"Calling Bell"}],"items_purged_floors":[14],"is_endless":false,"potions_floor_spawned":[1,5,7,12,16],"killed_by":"Slavers","ascension_level":20}}