{"host":"a9runo4qrri25m5u","time":1613807509,"event":{"mods":["Act Like it!","Aspiration","Bard","BaseMod","Conspire","Friendly Minions","Gensokyo","Hunter 猎人","KinomotoSakuraMod(木之本樱)","Kiyohime（清姬）","LagranYue(拉格朗・月)","Minty Spire (QoL Compilation)","Quick Restart","Remilia（蕾米莉亚）","StSLib","The Cursed","The Hierophant","The Mystic","The Poker Player","The Senshi","The Servant 0.9.4","Youmu（魂魄妖梦）","Yuri Mod"],"gold_per_floor":[114,129,129,70,85,85,85,115,115,115,145,72,72,87,87,187,187,202,217,217,232,32,32,114,165,190,40,40,132,187,218,230,286,286,286],"floor_reached":33,"language":"ZHS","playtime":1860,"items_purged":[],"score":395,"play_id":"68a6ebee-3b41-4919-9c8d-d97bc32df8af","local_time":"20210220155149","daily_mods":["Shiny","Hoarder","DeadlyEvents"],"is_ascension_mode":false,"metric_token":1494,"campfire_choices":[{"data":"PokerPlayerMod:TheDieIsCast","floor":6,"key":"SMITH"},{"data":"PokerPlayerMod:ItsShowtime","floor":10,"key":"SMITH"},{"floor":15,"key":"REST"},{"data":"PokerPlayerMod:WasteCollection","floor":23,"key":"SMITH"},{"data":"PokerPlayerMod:Promotion","floor":28,"key":"SMITH"},{"floor":32,"key":"REST"}],"circlet_count":0,"master_deck":["PokerPlayerMod:ItsShowtime+1","PokerPlayerMod:WasteCollection+1","PokerPlayerMod:SecretDealer","PokerPlayerMod:TheDieIsCast+1","PokerPlayerMod:RoyalStrike+1","PokerPlayerMod:FakeSymbols","PokerPlayerMod:Duplicate+1","PokerPlayerMod:Promotion+1","PokerPlayerMod:WildCard","PokerPlayerMod:ChangeRules+1","PokerPlayerMod:VarietyAttack","PokerPlayerMod:GamblerForm","PokerPlayerMod:StackedDeck","PokerPlayerMod:Heart2","PokerPlayerMod:Heart2","PokerPlayerMod:Heart3","PokerPlayerMod:Diamond3","PokerPlayerMod:Diamond3","PokerPlayerMod:Diamond3","PokerPlayerMod:Spade8","PokerPlayerMod:Spade8","PokerPlayerMod:Spade8","PokerPlayerMod:Club1","PokerPlayerMod:Club1","PokerPlayerMod:Club1","PokerPlayerMod:ClubDance","PokerPlayerMod:ClubDance","PokerPlayerMod:ClubDance","PokerPlayerMod:Diamond10+","PokerPlayerMod:Diamond10+","PokerPlayerMod:Diamond10+","PokerPlayerMod:Club9","PokerPlayerMod:Club9","PokerPlayerMod:Club9","PokerPlayerMod:Diamond1","PokerPlayerMod:Diamond1","PokerPlayerMod:Diamond1","PokerPlayerMod:SecretDealer","PokerPlayerMod:SecretDealer","PokerPlayerMod:SecretDealer","PokerPlayerMod:Configure+1","PokerPlayerMod:Configure+1","PokerPlayerMod:Configure+1","PokerPlayerMod:SpadeStrike","PokerPlayerMod:SpadeStrike","PokerPlayerMod:SpadeStrike","PokerPlayerMod:JackOfSpades","PokerPlayerMod:JackOfSpades","PokerPlayerMod:JackOfSpades","conspire:SpireCoStock","conspire:SpireCoStock","conspire:SpireCoStock","conspire:SpireCoStock","conspire:SpireCoStock","conspire:SpireCoStock","conspire:SpireCoStock","conspire:SpireCoStock","conspire:SpireCoStock","conspire:SpireCoStock","conspire:SpireCoStock","conspire:SpireCoStock","PokerPlayerMod:Heart4","PokerPlayerMod:Heart4","PokerPlayerMod:Heart4","PokerPlayerMod:HeartStrike","PokerPlayerMod:HeartStrike","PokerPlayerMod:HeartStrike","PokerPlayerMod:RiskyBet","PokerPlayerMod:RiskyBet","PokerPlayerMod:RiskyBet","PokerPlayerMod:ClubsClub+1","PokerPlayerMod:ClubsClub+1","PokerPlayerMod:ClubsClub+1","PokerPlayerMod:Diamond6","PokerPlayerMod:Diamond6","PokerPlayerMod:Diamond6"],"relics":["PokerPlayerMod:DeckCase","LagranYue:RandomDrawCardRelic","PreservedInsect","Whetstone","Kunai","Question Card","aspiration:SecretTechniqueScroll","Mummified Hand","aspiration:Lifesprig","theSenshi:SailorFukuRelic","MawBank"],"acts_visited":["Exordium","TheCity"],"potions_floor_usage":[16,16,29,29,33,33],"damage_taken":[{"damage":27,"enemies":"Cultist","floor":1,"turns":5},{"damage":42,"enemies":"2 Louse","floor":2,"turns":7},{"damage":3,"enemies":"conspire:RoseBush","floor":5,"turns":3},{"damage":4,"enemies":"Gremlin Nob","floor":8,"turns":4},{"damage":7,"enemies":"3 Sentries","floor":11,"turns":3},{"damage":10,"enemies":"Looter","floor":14,"turns":2},{"damage":30,"enemies":"Hexaghost","floor":16,"turns":8},{"damage":0,"enemies":"Shell Parasite","floor":18,"turns":1},{"damage":6,"enemies":"conspire:FuzzyDice","floor":19,"turns":2},{"damage":0,"enemies":"Centurion and Healer","floor":21,"turns":2},{"damage":7,"enemies":"Snecko","floor":24,"turns":6},{"damage":16,"enemies":"conspire:SneckoGhost","floor":25,"turns":7},{"damage":17,"enemies":"conspire:Head Lice","floor":29,"turns":7},{"damage":49,"enemies":"Sentry and Sphere","floor":30,"turns":6},{"damage":7,"enemies":"Shelled Parasite and Fungi","floor":31,"turns":2},{"damage":113,"enemies":"Collector","floor":33,"turns":10}],"seed_played":"3618718455484561711","potions_obtained":[{"floor":5,"key":"AttackPotion"},{"floor":8,"key":"Block Potion"},{"floor":16,"key":"SteroidPotion"},{"floor":18,"key":"Explosive Potion"},{"floor":24,"key":"ColorlessPotion"},{"floor":30,"key":"Ancient Potion"},{"floor":31,"key":"FairyPotion"}],"is_trial":false,"path_per_floor":["M","M","?","$","M","R","T","E","T","R","E","$","?","M","R","B",null,"M","M","?","M","?","R","M","E","T","$","R","E","M","M","R","B"],"character_chosen":"THE_POKER_PLAYER","items_purchased":["PokerPlayerMod:Spade8","PokerPlayerMod:Club9","theSenshi:SailorFukuRelic"],"campfire_rested":2,"item_purchase_floors":[4,12,27],"current_hp_per_floor":[25,22,22,22,34,34,34,40,40,40,45,45,35,30,45,23,52,52,46,46,52,52,52,49,47,47,47,47,52,10,28,43,0,0,0],"gold":286,"neow_bonus":"","is_daily":true,"chose_seed":false,"campfire_upgraded":4,"win_rate":0.0,"timestamp":1613807509,"path_taken":["M","M","?","$","M","R","?","?","T","R","?","$","?","M","R","BOSS","M","M","?","M","?","R","M","E","T","?","R","E","M","M","R","BOSS"],"items_purchased_type":["Card","Card","Relic"],"build_version":"2020-12-22","purchased_purges":0,"victory":false,"max_hp_per_floor":[52,52,52,52,52,52,52,52,52,52,52,52,52,52,52,52,52,52,52,52,52,52,52,52,52,52,52,52,52,52,52,52,52,52,52],"card_choices":[{"not_picked":["PokerPlayerMod:CardBurn","PokerPlayerMod:DartThrow"],"picked":"PokerPlayerMod:Heart2","floor":1},{"not_picked":["PokerPlayerMod:Club1","PokerPlayerMod:Heart1"],"picked":"PokerPlayerMod:Diamond3","floor":2},{"not_picked":["PokerPlayerMod:MagicTrick","PokerPlayerMod:Diamond4"],"picked":"PokerPlayerMod:Club1","floor":5},{"not_picked":["PokerPlayerMod:Configure","PokerPlayerMod:Spade1"],"picked":"PokerPlayerMod:ClubDance","floor":8},{"not_picked":["PokerPlayerMod:Diamond5","PokerPlayerMod:Diamond3"],"picked":"PokerPlayerMod:Diamond10+","floor":11},{"not_picked":["PokerPlayerMod:ChangeRules","PokerPlayerMod:FillThePot","PokerPlayerMod:Configure"],"picked":"PokerPlayerMod:Diamond1","floor":14},{"not_picked":["PokerPlayerMod:Diamond9","PokerPlayerMod:GamblerForm","PokerPlayerMod:RoyalStrike"],"picked":"PokerPlayerMod:SecretDealer","floor":16},{"not_picked":["PokerPlayerMod:DamnStraight","PokerPlayerMod:Harden","PokerPlayerMod:Spade1"],"picked":"PokerPlayerMod:Configure+1","floor":18},{"not_picked":["PokerPlayerMod:ClubsClub","PokerPlayerMod:CloakAndDiamond","PokerPlayerMod:CardBurn"],"picked":"PokerPlayerMod:SpadeStrike","floor":19},{"not_picked":["PokerPlayerMod:Fold","PokerPlayerMod:Heart2","PokerPlayerMod:Spade4"],"picked":"PokerPlayerMod:JackOfSpades","floor":21},{"not_picked":["PokerPlayerMod:PoorCopy","PokerPlayerMod:Diamond3","PokerPlayerMod:Extraction"],"picked":"PokerPlayerMod:Heart4","floor":24},{"not_picked":["PokerPlayerMod:Trickery","PokerPlayerMod:Fold","PokerPlayerMod:Spade4"],"picked":"PokerPlayerMod:HeartStrike","floor":25},{"not_picked":["PokerPlayerMod:Diamond10+","PokerPlayerMod:SpadeStrike","PokerPlayerMod:DartThrow"],"picked":"PokerPlayerMod:RiskyBet","floor":29},{"not_picked":["PokerPlayerMod:HeartStrike+1","PokerPlayerMod:Heart4","PokerPlayerMod:Spade4"],"picked":"PokerPlayerMod:ClubsClub+1","floor":30},{"not_picked":["PokerPlayerMod:Diamond4","PokerPlayerMod:Spade4","PokerPlayerMod:Spade1"],"picked":"PokerPlayerMod:Diamond6","floor":31}],"player_experience":120767,"relics_obtained":[{"floor":7,"key":"PreservedInsect"},{"floor":8,"key":"Whetstone"},{"floor":9,"key":"Kunai"},{"floor":11,"key":"Question Card"},{"floor":25,"key":"Mummified Hand"},{"floor":26,"key":"aspiration:Lifesprig"},{"floor":29,"key":"MawBank"}],"event_choices":[{"damage_healed":0,"gold_gain":0,"player_choice":"Agree","damage_taken":0,"max_hp_gain":0,"max_hp_loss":0,"event_name":"conspire:LoneGhost","floor":3,"gold_loss":0},{"damage_healed":0,"gold_gain":0,"player_choice":"Entered Light","damage_taken":10,"max_hp_gain":0,"max_hp_loss":0,"event_name":"Shining Light","floor":13,"gold_loss":0,"cards_upgraded":["PokerPlayerMod:Heart3","PokerPlayerMod:Duplicate"]},{"damage_healed":0,"gold_gain":0,"player_choice":"Invest 4","damage_taken":0,"max_hp_gain":0,"max_hp_loss":0,"event_name":"conspire:Investor","floor":22,"gold_loss":0}],"is_beta":false,"boss_relics":[{"not_picked":["Ectoplasm","LagranYue:SoulBurningRelic"],"picked":"aspiration:SecretTechniqueScroll"}],"items_purged_floors":[],"is_endless":false,"potions_floor_spawned":[5,8,16,18,24,30,31],"killed_by":"Collector","ascension_level":0}}