{"host":"88hg6ocvqrqxrx5h","time":1613810293,"event":{"mods":["2.2 Compatiblity","BaseMod","Bestiary","Block Reminder","Colored Map","DeckTracker","Highlight Path","Minty Spire (QoL Compilation)","Relic Stats","Unceasing Turn Reminder","slay the spire mod where everything is the same but ironclad has a cowboy hat"],"gold_per_floor":[111,2,18,18,31,31,47,59,83,113,91,426,455,471,471,471,471],"floor_reached":16,"language":"ENG","playtime":600,"items_purged":["Strike_R"],"score":157,"play_id":"cedc9731-241a-4679-adde-00bf3a7c23a3","local_time":"20210220003813","is_ascension_mode":true,"campfire_choices":[{"data":"Combust","floor":6.0,"key":"SMITH"},{"floor":15,"key":"REST"}],"circlet_count":0,"master_deck":["Strike_R","Strike_R","Strike_R","Strike_R","Defend_R","Defend_R","Defend_R","Defend_R","Bash","Dramatic Entrance","Heavy Blade","Combust+1","Intimidate","Regret","Pummel","Power Through","Clothesline","Bludgeon","Impervious","Armaments","Flex"],"relics":["Burning Blood","Red Skull","Dream Catcher","Old Coin","Odd Mushroom"],"acts_visited":["Exordium"],"potions_floor_usage":[13,16],"damage_taken":[{"damage":10.0,"enemies":"Cultist","floor":1.0,"turns":5.0},{"damage":6.0,"enemies":"Small Slimes","floor":3.0,"turns":2.0},{"damage":1.0,"enemies":"2 Louse","floor":5.0,"turns":2.0},{"damage":3.0,"enemies":"Exordium Wildlife","floor":7.0,"turns":2.0},{"damage":12.0,"enemies":"Red Slaver","floor":8.0,"turns":3.0},{"damage":28.0,"enemies":"Gremlin Nob","floor":10.0,"turns":4.0},{"damage":22.0,"enemies":"Lagavulin","floor":12.0,"turns":7.0},{"damage":6,"enemies":"The Mushroom Lair","floor":13,"turns":2},{"damage":4,"enemies":"Lots of Slimes","floor":14,"turns":1},{"damage":45,"enemies":"Hexaghost","floor":16,"turns":11}],"seed_played":"-1650498727685061527","potions_obtained":[{"floor":3.0,"key":"Explosive Potion"},{"floor":5.0,"key":"SpeedPotion"},{"floor":10.0,"key":"SpeedPotion"},{"floor":14,"key":"SkillPotion"}],"is_trial":false,"path_per_floor":["M","$","M","?","M","R","M","M","T","E","?","E","?","M","R","B"],"character_chosen":"IRONCLAD","items_purchased":["Combust"],"campfire_rested":1,"item_purchase_floors":[2],"current_hp_per_floor":[68,68,68,68,73,73,76,70,70,48,48,32,32,34,58,13,13],"gold":471,"neow_bonus":"RANDOM_COLORLESS","is_daily":false,"chose_seed":false,"campfire_upgraded":1,"win_rate":0.0,"timestamp":1613810293,"path_taken":["M","$","M","?","M","R","M","M","T","E","?","E","?","?","R","BOSS"],"items_purchased_type":["Card"],"build_version":"2020-12-22","purchased_purges":1,"victory":false,"max_hp_per_floor":[80,80,80,80,80,80,80,80,80,80,80,80,80,80,80,80,80],"relic_stats":{"Dream Catcher":1,"counters":[10,39],"obtain_stats":[{"Dream Catcher":10,"Odd Mushroom":13,"Burning Blood":0,"Red Skull":4,"Old Coin":12},{"Dream Catcher":6,"Odd Mushroom":8,"Burning Blood":0,"Red Skull":2,"Old Coin":7},{"Dream Catcher":18,"Odd Mushroom":27,"Burning Blood":0,"Red Skull":7,"Old Coin":25}],"Burning Blood":54},"card_choices":[{"not_picked":["Finesse","Bandage Up"],"picked":"Dramatic Entrance","floor":0.0},{"not_picked":["Headbutt","Battle Trance"],"picked":"Heavy Blade","floor":1.0},{"not_picked":["Pommel Strike","Sword Boomerang"],"picked":"Intimidate","floor":3.0},{"not_picked":["Sword Boomerang","True Grit"],"picked":"Pummel","floor":5.0},{"not_picked":["Entrench","Clash"],"picked":"Power Through","floor":7.0},{"not_picked":["Twin Strike","Juggernaut"],"picked":"Clothesline","floor":8.0},{"not_picked":["Combust","Perfected Strike"],"picked":"Bludgeon","floor":10.0},{"not_picked":["Perfected Strike","Heavy Blade"],"picked":"Impervious","floor":12.0},{"not_picked":["Pummel","Heavy Blade"],"picked":"Armaments","floor":13},{"not_picked":["Sword Boomerang","Reckless Charge"],"picked":"Flex","floor":14}],"player_experience":180781,"relics_obtained":[{"floor":10.0,"key":"Dream Catcher"},{"floor":12.0,"key":"Old Coin"},{"floor":13,"key":"Odd Mushroom"}],"event_choices":[{"damage_healed":0.0,"max_hp_gain":0.0,"max_hp_loss":0.0,"gold_gain":0.0,"event_name":"Big Fish","player_choice":"Box","floor":4.0,"gold_loss":0.0,"damage_taken":0.0,"relics_obtained":["Red Skull"],"cards_obtained":["Regret"]},{"damage_healed":0.0,"max_hp_gain":0.0,"max_hp_loss":0.0,"gold_gain":0.0,"event_name":"World of Goop","player_choice":"Left Gold","floor":11.0,"gold_loss":22.0,"damage_taken":0.0},{"damage_healed":0,"gold_gain":0,"player_choice":"Fought Mushrooms","damage_taken":0,"max_hp_gain":0,"max_hp_loss":0,"event_name":"Mushrooms","floor":13,"gold_loss":0}],"is_beta":false,"boss_relics":[],"items_purged_floors":[2],"is_endless":false,"potions_floor_spawned":[3,5,10,14],"killed_by":"Hexaghost","ascension_level":8}}