{"host":"vxgtqwpb0ulpisda","time":1613852698,"event":{"mods":["BaseMod","Bestiary","Minty Spire (QoL Compilation)","Relic Stats","ojb\u0027s Info Mod"],"gold_per_floor":[111,123,136,136,153,180,16,16,68,18,53,53,53,228,228,228,228],"floor_reached":16,"language":"ENG","playtime":799,"items_purged":[],"score":148,"play_id":"edf63bb7-618b-4a2c-a6ea-0f2d19d55164","local_time":"20210220152458","is_ascension_mode":true,"campfire_choices":[{"floor":8,"key":"REST"},{"data":"Vault","floor":12,"key":"SMITH"},{"floor":15,"key":"REST"}],"circlet_count":0,"master_deck":["Strike_P","Strike_P","Defend_P","Defend_P","Defend_P","Defend_P","Eruption","Vigilance","CutThroughFate","Nirvana","Vault+1","EmptyFist","MentalFortress","Blasphemy","ClearTheMind"],"relics":["PureWater","Darkstone Periapt","Omamori","Lantern"],"acts_visited":["Exordium"],"potions_floor_usage":[1,13,13,13],"damage_taken":[{"damage":0,"enemies":"Jaw Worm","floor":1,"turns":1},{"damage":0,"enemies":"2 Louse","floor":2,"turns":2},{"damage":0,"enemies":"Small Slimes","floor":3,"turns":4},{"damage":2,"enemies":"2 Fungi Beasts","floor":5,"turns":5},{"damage":37,"enemies":"Gremlin Nob","floor":6,"turns":5},{"damage":4,"enemies":"Lagavulin","floor":11,"turns":7},{"damage":35,"enemies":"Gremlin Nob","floor":13,"turns":6},{"damage":39,"enemies":"Slime Boss","floor":16,"turns":9}],"seed_played":"831883540003614466","potions_obtained":[{"floor":0,"key":"SkillPotion"},{"floor":0,"key":"SkillPotion"},{"floor":0,"key":"Block Potion"},{"floor":1,"key":"PowerPotion"},{"floor":5,"key":"SmokeBomb"}],"is_trial":false,"path_per_floor":["M","M","M","?","M","E","$","R","T","?","E","R","E","?","R","B"],"character_chosen":"WATCHER","items_purchased":["Blasphemy"],"campfire_rested":2,"item_purchase_floors":[7],"current_hp_per_floor":[72,72,72,65,63,26,26,47,47,47,43,43,8,8,29,0,0],"gold":228,"neow_bonus":"THREE_SMALL_POTIONS","is_daily":false,"chose_seed":false,"campfire_upgraded":1,"win_rate":0.0,"timestamp":1613852698,"path_taken":["M","M","M","?","M","E","$","R","T","?","E","R","E","?","R","BOSS"],"items_purchased_type":["Card"],"build_version":"2020-12-22","purchased_purges":0,"victory":false,"max_hp_per_floor":[72,72,72,72,72,72,72,72,72,72,72,72,72,72,72,72,72],"relic_stats":{"Darkstone Periapt":0,"counters":[8,39],"obtain_stats":[{"Darkstone Periapt":6,"Lantern":11,"Omamori":9,"PureWater":0},{"Darkstone Periapt":5,"Lantern":6,"Omamori":5,"PureWater":0},{"Darkstone Periapt":17,"Lantern":24,"Omamori":17,"PureWater":0}]},"card_choices":[{"not_picked":["EmptyBody","BowlingBash"],"picked":"CutThroughFate","floor":1},{"not_picked":["CrushJoints","Crescendo"],"picked":"Nirvana","floor":2},{"not_picked":["Crescendo","FlurryOfBlows"],"picked":"Vault","floor":3},{"not_picked":["InnerPeace","JustLucky"],"picked":"EmptyFist","floor":5},{"not_picked":["ThirdEye","FlyingSleeves"],"picked":"MentalFortress","floor":6},{"not_picked":["Nirvana","ForeignInfluence"],"picked":"ClearTheMind","floor":11}],"player_experience":419279,"relics_obtained":[{"floor":6,"key":"Darkstone Periapt"},{"floor":9,"key":"Omamori"},{"floor":11,"key":"Lantern"}],"event_choices":[{"cards_removed":["Strike_P"],"damage_healed":0,"gold_gain":0,"player_choice":"Card Removal","damage_taken":7,"max_hp_gain":0,"max_hp_loss":0,"event_name":"Golden Wing","floor":4,"gold_loss":0},{"cards_removed":["Strike_P"],"damage_healed":0,"gold_gain":0,"player_choice":"Card Removal","damage_taken":0,"max_hp_gain":0,"max_hp_loss":0,"event_name":"The Cleric","floor":10,"gold_loss":50},{"damage_healed":0,"gold_gain":175,"player_choice":"AGREE","damage_taken":0,"max_hp_gain":0,"max_hp_loss":0,"event_name":"Liars Game","floor":14,"gold_loss":0,"cards_obtained":["Doubt"]}],"is_beta":false,"boss_relics":[],"items_purged_floors":[],"is_endless":false,"potions_floor_spawned":[1,5],"killed_by":"Slime Boss","ascension_level":5}}