{"host":"mxzdufzqk8sjj15q","time":1613835711,"event":{"mods":["2.2 Compatiblity","BaseMod","Better Note","Downfall","Googly Eyes","Minty Spire (QoL Compilation)","Random Character Button","Rare Cards Sparkle","StSLib","The Cursed","The Disciple","The Hierophant"],"gold_per_floor":[99,113,113,113,132,32,58,158,178,178,178,10,21,45,57,161,161,61,76,89,89,107,307,362,1,1,72,72,132,132,45,56,154,204,204,258,408,58,58,333,333,391,391,408,426,426,3,3,23,23],"floor_reached":51,"language":"ENG","playtime":3684,"items_purged":["hexamod:Strike","hexamod:Strike","hexamod:Defend","hexamod:Defend"],"score":812,"play_id":"869d302d-84c5-405b-9d00-660dfb486d7b","local_time":"20210220134151","is_ascension_mode":true,"campfire_choices":[{"floor":1,"key":"RECALL"},{"data":"hexamod:SearingWound","floor":6,"key":"SMITH"},{"data":"hexamod:Rewind","floor":11,"key":"SMITH"},{"data":"hexamod:ExtraCrispy","floor":18,"key":"SMITH"},{"floor":28,"key":"REST"},{"floor":30,"key":"REST"},{"data":"hexamod:RainOfEmbers","floor":35,"key":"SMITH"},{"floor":43,"key":"REST"}],"circlet_count":0,"master_deck":["hexamod:Defend","hexamod:Sear","hexamod:Float","hexamod:SearingWound+1","hexamod:SpectralSpark","hexamod:FastForward+1","hexamod:DynamicBlow","hexamod:Rewind+1","hexamod:SoulSteal","hexamod:ChargedBarrage","hexamod:ExtraCrispy+1","hexamod:PowerFromBeyond","hexamod:SearingWound","hexamod:SwordOfDarkness+1","hexamod:PhantomCloak","hexamod:FlamesFromBeyond+1","hexamod:ShieldOfDarkness","hexamod:FastForward","hexamod:HeatCrush","hexamod:SpectralAdrenaline","hexamod:RainOfEmbers+1","hexamod:FlamesFromBeyond","hexamod:AdvancingGuard+1","hexamod:FlamesFromBeyond+1","hexamod:Hexaguard","hexamod:EmpoweredFlame","hexamod:ThermalTransfer","hexamod:TimeOfNeed","hexamod:TimeOfNeed+1","hexamod:ShieldOfDarkness","hexamod:HeatMetal+1","expansioncontent:QuickStudy","hexamod:SpectralSpark","hexamod:RainOfEmbers","hexamod:InspiringFlames","hexamod:FlamesFromBeyond+1","hexamod:ExtraCrispy+1","hexamod:NightmareGuise+1","Apotheosis","hexamod:FastForward","hexamod:GhostOfSpireFuture","hexamod:BurningTouch+1"],"relics":["hexamod:SpiritBrand","downfall:HeartBlessingRed","Happy Flower","Membership Card","Runic Dome","downfall:HeartBlessingBlue","Ice Cream","downfall:KnowingSkull","Smiling Mask","Sundial","White Beast Statue","Tiny House","Omamori","Bag of Preparation","Guardian:PocketSentry","Anchor","OrangePellets"],"acts_visited":["Exordium","TheCity","TheBeyond"],"potions_floor_usage":[16,22,27,27,32,33,33,50,50,50,50,50,50,50],"damage_taken":[{"damage":1,"enemies":"2 Louse","floor":2,"turns":3},{"damage":1,"enemies":"Jaw Worm","floor":5,"turns":2},{"damage":21,"enemies":"downfall:Heads","floor":8,"turns":7},{"damage":0,"enemies":"Small Slimes","floor":9,"turns":3},{"damage":0,"enemies":"downfall:FleeingMerchant","floor":12,"turns":4},{"damage":2,"enemies":"2 Fungi Beasts","floor":13,"turns":3},{"damage":1,"enemies":"Large Slime","floor":15,"turns":3},{"damage":12,"enemies":"WA_ARCHETYPE_RETAIN","floor":16,"turns":4},{"damage":16,"enemies":"3 Byrds","floor":19,"turns":3},{"damage":5,"enemies":"Chosen","floor":20,"turns":3},{"damage":15,"enemies":"Centurion and Healer","floor":22,"turns":3},{"damage":19,"enemies":"Centurion and Healer","floor":23,"turns":4},{"damage":0,"enemies":"downfall:FleeingMerchant","floor":25,"turns":4},{"damage":27,"enemies":"Gremlin Leader","floor":27,"turns":4},{"damage":19,"enemies":"Snake Plant","floor":29,"turns":3},{"damage":0,"enemies":"downfall:FleeingMerchant","floor":31,"turns":2},{"damage":6,"enemies":"3 Cultists","floor":32,"turns":4},{"damage":19,"enemies":"SI_MIRROR_ARCHETYPE","floor":33,"turns":6},{"damage":12,"enemies":"Orb Walker","floor":36,"turns":3},{"damage":39,"enemies":"3 Shapes","floor":42,"turns":4},{"damage":2,"enemies":"Maw","floor":44,"turns":6},{"damage":7,"enemies":"Sphere and 2 Shapes","floor":45,"turns":4},{"damage":17,"enemies":"Jaw Worm Horde","floor":49,"turns":4},{"damage":9,"enemies":"IC_BLOCK_ARCHETYPE","floor":50,"turns":7}],"seed_played":"2441045966502563180","potions_obtained":[{"floor":8,"key":"hexamod:EctoCoolerPotion"},{"floor":9,"key":"champ:CounterPotion"},{"floor":13,"key":"Strength Potion"},{"floor":19,"key":"hexamod:EctoCoolerPotion"},{"floor":22,"key":"Fruit Juice"},{"floor":32,"key":"LiquidBronze"},{"floor":33,"key":"Fruit Juice"},{"floor":34,"key":"hexamod:EctoCoolerPotion"},{"floor":36,"key":"EssenceOfSteel"},{"floor":45,"key":"SkillPotion"}],"is_trial":false,"path_per_floor":["R","M","?","?","M","R","T","?","M","?","R","$","M","T","M","B",null,"R","M","M","?","M","?","T","$","?","E","R","M","R","$","M","B",null,"R","M","?","$","?","?","T","M","R","M","M","?","$","?","M","B",null],"character_chosen":"THE_SPIRIT","items_purchased":["Membership Card","hexamod:FastForward","hexamod:HeatCrush","hexamod:SpectralAdrenaline","Ice Cream","Regen Potion","hexamod:RainOfEmbers","hexamod:Hexaguard","hexamod:EmpoweredFlame","hexamod:ThermalTransfer","Sundial","White Beast Statue","Regen Potion","expansioncontent:QuickStudy","Omamori","hexamod:SpectralSpark","hexamod:RainOfEmbers","Regen Potion","hexamod:InspiringFlames","Apotheosis","Guardian:PocketSentry","Anchor","hexamod:FastForward","hexamod:GhostOfSpireFuture","OrangePellets"],"campfire_rested":3,"item_purchase_floors":[12,25,25,25,25,25,25,31,31,31,31,31,31,38,38,38,38,38,38,47,47,47,47,47,47],"current_hp_per_floor":[70,69,69,74,73,73,73,52,52,52,52,52,50,50,49,37,75,85,69,64,64,54,35,35,35,28,13,40,21,48,48,56,42,100,100,88,88,88,88,88,88,49,79,77,70,70,70,70,53,59],"gold":23,"neow_bonus":"ONE_RANDOM_RARE_CARD","is_daily":false,"chose_seed":false,"campfire_upgraded":4,"win_rate":0.0,"timestamp":1613835711,"path_taken":["R","M","?","?","M","R","T","?","M","?","R","$","M","?","M","BOSS","R","M","M","?","M","?","T","$","?","E","R","?","R","$","M","BOSS","R","M","?","?","?","?","T","M","R","?","M","?","$","?","M","BOSS"],"items_purchased_type":["Relic","Card","Card","Card","Relic","Potion","Card","Card","Card","Card","Relic","Relic","Potion","Card","Relic","Card","Card","Potion","Card","Card","Relic","Relic","Card","Card","Relic"],"build_version":"2020-12-22","purchased_purges":4,"victory":true,"max_hp_per_floor":[70,70,70,75,75,75,75,75,75,75,75,75,75,75,75,75,75,85,85,85,85,90,90,90,90,90,90,90,90,90,90,90,95,100,100,100,100,100,100,100,100,100,100,100,100,100,100,100,100,100],"card_choices":[{"not_picked":["hexamod:SwordOfDarkness","hexamod:BurningTouch"],"picked":"hexamod:SpectralSpark","floor":2},{"not_picked":["hexamod:SuperheatedStrike","hexamod:SwordOfDarkness"],"picked":"hexamod:FastForward","floor":5},{"not_picked":["hexamod:ThirdSeal","hexamod:BacktrackSmack"],"picked":"hexamod:Rewind","floor":8},{"not_picked":["hexamod:ThermalTransfer","hexamod:InspiringFlames"],"picked":"hexamod:SoulSteal","floor":9},{"not_picked":["hexamod:GhostLash","hexamod:EtherealExpedition"],"picked":"hexamod:ChargedBarrage","floor":12},{"not_picked":["hexamod:Incineration","hexamod:FirstSeal"],"picked":"hexamod:ExtraCrispy","floor":13},{"not_picked":["hexamod:Firestarter","hexamod:SoulSteal"],"picked":"hexamod:PowerFromBeyond","floor":15},{"not_picked":["hexamod:GiftsFromTheDead","hexamod:TurnItUp"],"picked":"hexamod:SearingWound","floor":16},{"not_picked":["hexamod:AdvancingGuard","hexamod:SuperheatedStrike"],"picked":"hexamod:SwordOfDarkness+1","floor":19},{"not_picked":["hexamod:HauntingEcho","hexamod:NightmareGuise"],"picked":"hexamod:PhantomCloak","floor":20},{"not_picked":["hexamod:AdvancingGuard","hexamod:NightmareGuise"],"picked":"hexamod:FlamesFromBeyond+1","floor":22},{"not_picked":["hexamod:Rewind","hexamod:SpectersWail"],"picked":"hexamod:ShieldOfDarkness","floor":25},{"not_picked":["hexamod:NightmareStrike","hexamod:BacktrackSmack"],"picked":"hexamod:FlamesFromBeyond","floor":27},{"not_picked":["hexamod:EmpoweredFlame","hexamod:NightmareGuise"],"picked":"hexamod:AdvancingGuard+1","floor":29},{"not_picked":["hexamod:SuperheatedStrike","hexamod:EtherealExpedition+1"],"picked":"hexamod:FlamesFromBeyond+1","floor":31},{"not_picked":["hexamod:BurningTouch","hexamod:AdvancingGuard+1"],"picked":"hexamod:TimeOfNeed","floor":32},{"not_picked":["hexamod:ApocalypticArmor","hexamod:Toasty"],"picked":"hexamod:TimeOfNeed","floor":33},{"not_picked":["hexamod:SpectralAdrenaline","hexamod:SecondSeal"],"picked":"hexamod:ShieldOfDarkness","floor":34},{"not_picked":["hexamod:NecessarySacrifice","hexamod:AdvancingGuard"],"picked":"hexamod:HeatMetal+1","floor":36},{"not_picked":["hexamod:SwordOfDarkness+1","hexamod:StepThrough+1"],"picked":"hexamod:FlamesFromBeyond+1","floor":42},{"not_picked":["hexamod:NightmareStrike+1","hexamod:PhantomFireball"],"picked":"hexamod:ExtraCrispy+1","floor":44},{"not_picked":["hexamod:BurningTouch","hexamod:NightmareStrike"],"picked":"hexamod:NightmareGuise+1","floor":45},{"not_picked":["hexamod:FourthSeal","hexamod:Again"],"picked":"hexamod:BurningTouch+1","floor":49}],"player_experience":553736,"relics_obtained":[{"floor":7,"key":"Happy Flower"},{"floor":24,"key":"MawBank"},{"floor":27,"key":"Smiling Mask"},{"floor":41,"key":"Bag of Preparation"}],"event_choices":[{"cards_removed":["hexamod:Strike"],"damage_healed":0,"gold_gain":0,"player_choice":"Card Removal","damage_taken":0,"max_hp_gain":0,"max_hp_loss":0,"event_name":"The Cleric","floor":3,"gold_loss":0},{"damage_healed":0,"gold_gain":0,"player_choice":"Donut","damage_taken":0,"max_hp_gain":5,"max_hp_loss":0,"event_name":"Big Fish","floor":4,"gold_loss":0},{"cards_removed":["hexamod:Strike"],"damage_healed":0,"gold_gain":0,"player_choice":"Give","damage_taken":0,"max_hp_gain":0,"max_hp_loss":0,"event_name":"betterNote:BetterNote","floor":21,"gold_loss":0,"cards_obtained":["None"]},{"damage_healed":0,"gold_gain":0,"player_choice":"Ignored","damage_taken":0,"max_hp_gain":0,"max_hp_loss":0,"event_name":"Mysterious Sphere","floor":48,"gold_loss":0}],"is_beta":false,"boss_relics":[{"not_picked":["Busted Crown","Snecko Eye"],"picked":"Runic Dome"},{"not_picked":["Runic Pyramid","Calling Bell"],"picked":"Tiny House"}],"items_purged_floors":[25,31,38,47],"is_endless":false,"potions_floor_spawned":[8,9,13,15,19,22,32,33,36,42,44,45,49],"ascension_level":1}}