{"host":"a4s27ghlnr83kbqz","time":1613814362,"event":{"mods":["AchievementEnabler","BaseMod","Colored Map","Minty Spire (QoL Compilation)","Permanent Neow","SuperFastMode"],"gold_per_floor":[20,33,51,66,83,83,105,105,105,105,105,136,54,54,54,54,54],"floor_reached":16,"language":"KOR","playtime":338,"items_purged":[],"score":165,"play_id":"1c3abc04-6cf2-430c-ada4-d7e1281d8c08","local_time":"20210220184602","is_ascension_mode":true,"campfire_choices":[{"data":"Crippling Poison","floor":6,"key":"SMITH"},{"data":"Bane","floor":8,"key":"SMITH"},{"data":"Backstab","floor":11,"key":"SMITH"},{"data":"Well Laid Plans","floor":15,"key":"SMITH"}],"circlet_count":0,"master_deck":["AscendersBane","Strike_G","Strike_G","Strike_G","Defend_G","Defend_G","Defend_G","Defend_G","Defend_G","Survivor","Neutralize","Doppelganger","Bane+1","Backstab+1","Crippling Poison+1","PiercingWail","Backflip","Backflip","Well Laid Plans+1"],"relics":["Ring of the Snake","Odd Mushroom","Bottled Lightning","Ninja Scroll","Golden Idol"],"acts_visited":["Exordium"],"potions_floor_usage":[],"damage_taken":[{"damage":13,"enemies":"Jaw Worm","floor":1,"turns":7},{"damage":3,"enemies":"Small Slimes","floor":2,"turns":5},{"damage":0,"enemies":"2 Louse","floor":3,"turns":3},{"damage":0,"enemies":"2 Fungi Beasts","floor":4,"turns":3},{"damage":0,"enemies":"Exordium Wildlife","floor":5,"turns":3},{"damage":8,"enemies":"The Mushroom Lair","floor":7,"turns":3},{"damage":13,"enemies":"Gremlin Nob","floor":12,"turns":3},{"damage":53,"enemies":"The Guardian","floor":16,"turns":10}],"seed_played":"2440696634901558442","potions_obtained":[{"floor":3,"key":"EssenceOfSteel"},{"floor":5,"key":"Fire Potion"},{"floor":7,"key":"Dexterity Potion"}],"is_trial":false,"path_per_floor":["M","M","M","M","M","R","?","R","T","?","R","E","$","?","R","B"],"character_chosen":"THE_SILENT","items_purchased":["Well Laid Plans"],"campfire_rested":0,"item_purchase_floors":[13],"current_hp_per_floor":[50,47,47,47,47,47,39,39,39,44,44,31,31,31,31,0,0],"gold":54,"neow_bonus":"TRANSFORM_TWO_CARDS","is_daily":false,"chose_seed":false,"campfire_upgraded":4,"win_rate":0.0,"timestamp":1613814362,"path_taken":["M","M","M","M","M","R","?","R","T","?","R","E","$","?","R","BOSS"],"items_purchased_type":["Card"],"build_version":"2020-12-22","purchased_purges":0,"victory":false,"max_hp_per_floor":[70,70,70,70,70,70,70,70,70,75,75,75,75,69,69,69,69],"card_choices":[{"not_picked":["Blade Dance","Dodge and Roll"],"picked":"Backstab","floor":1},{"not_picked":["Backstab","Tactician"],"picked":"Crippling Poison","floor":2},{"not_picked":["Escape Plan","Prepared"],"picked":"PiercingWail","floor":3},{"not_picked":["Sucker Punch","Concentrate","PiercingWail"],"picked":"SKIP","floor":4},{"not_picked":["Sucker Punch","Concentrate","PiercingWail"],"picked":"SKIP","floor":4},{"not_picked":["Concentrate","Deflect","Infinite Blades"],"picked":"SKIP","floor":5},{"not_picked":["Burst","Bane"],"picked":"Backflip","floor":7},{"not_picked":["Deflect","Outmaneuver"],"picked":"Backflip","floor":12}],"player_experience":1141753,"relics_obtained":[{"floor":7,"key":"Odd Mushroom"},{"floor":9,"key":"Bottled Lightning"},{"floor":12,"key":"Ninja Scroll"}],"event_choices":[{"damage_healed":0,"gold_gain":0,"player_choice":"Fought Mushrooms","damage_taken":0,"max_hp_gain":0,"max_hp_loss":0,"event_name":"Mushrooms","floor":7,"gold_loss":0},{"damage_healed":0,"gold_gain":0,"player_choice":"Donut","damage_taken":0,"max_hp_gain":5,"max_hp_loss":0,"event_name":"Big Fish","floor":10,"gold_loss":0},{"damage_healed":0,"gold_gain":0,"player_choice":"Lose Max HP","damage_taken":0,"relics_obtained":["Golden Idol"],"max_hp_gain":0,"max_hp_loss":6,"event_name":"Golden Idol","floor":14,"gold_loss":0}],"is_beta":false,"boss_relics":[],"items_purged_floors":[],"is_endless":false,"potions_floor_spawned":[3,5,7,12],"killed_by":"The Guardian","ascension_level":13}}