{"host":"ssbj2e5691x5ub3h","time":1613790959,"event":{"mods":["BaseMod","Minty Spire (QoL Compilation)","Quick Restart","StSLib","SuperFastMode","The Witch"],"gold_per_floor":[119,139,89,100,100,112,76,76,103,103,103,120,120,137,137,235,235,249,265,281,294,307,307,326,326,326,326,176,176,187,197,197,302,302,313,327,343,343,343,343,359,375,375,375,387,387,387,404,404,404,404],"floor_reached":50,"language":"ENG","playtime":3142,"items_purged":["Decrepify"],"score":492,"play_id":"db3e4e49-28ce-46ba-bc3a-763870912589","local_time":"20210220011559","is_ascension_mode":false,"campfire_choices":[{"data":"Neutralize","floor":11,"key":"SMITH"},{"data":"GhoulTouch","floor":13,"key":"SMITH"},{"data":"EvilEye","floor":15,"key":"SMITH"},{"data":"VileEgg","floor":23,"key":"SMITH"},{"floor":29,"key":"REST"},{"data":"MortusClaw","floor":32,"key":"SMITH"},{"floor":40,"key":"REST"},{"floor":47,"key":"REST"},{"floor":49,"key":"REST"}],"circlet_count":0,"master_deck":["Strike_Witch","Strike_Witch","Strike_Witch","Strike_Witch","Defend_Witch","Defend_Witch","Hexguard","ZombieSpit","BlackShield","MortusClaw+1","Regret","GhoulTouch+1","SummonOwlFamiliar","Neutralize+1","MementoMori","EvilEye+1","VileEgg+1","MementoMori","BoneCarving","VileEgg","NighInvulnerability","Decay","VileEgg+1","Pillage","ChosenOfTheMoon","WickedThoughts","Madness","Madness"],"relics":["BlackCat","TungstenRod","Ice Cream","ToyHorse","Sozu","Ornamental Fan","Fusion Hammer","Dream Catcher"],"acts_visited":["Exordium","TheCity","TheBeyond"],"potions_floor_usage":[16,33],"damage_taken":[{"damage":1,"enemies":"Cultist","floor":1,"turns":5},{"damage":0,"enemies":"2 Louse","floor":2,"turns":3},{"damage":4,"enemies":"Jaw Worm","floor":4,"turns":4},{"damage":1,"enemies":"Blue Slaver","floor":6,"turns":4},{"damage":7,"enemies":"Exordium Wildlife","floor":12,"turns":5},{"damage":0,"enemies":"2 Fungi Beasts","floor":14,"turns":4},{"damage":5,"enemies":"Slime Boss","floor":16,"turns":7},{"damage":3,"enemies":"Shell Parasite","floor":18,"turns":4},{"damage":0,"enemies":"Spheric Guardian","floor":19,"turns":3},{"damage":3,"enemies":"Snecko","floor":20,"turns":4},{"damage":18,"enemies":"Shelled Parasite and Fungi","floor":21,"turns":6},{"damage":10,"enemies":"Centurion and Healer","floor":22,"turns":7},{"damage":13,"enemies":"Snake Plant","floor":24,"turns":3},{"damage":16,"enemies":"Chosen and Byrds","floor":30,"turns":8},{"damage":2,"enemies":"Snecko","floor":31,"turns":4},{"damage":43,"enemies":"Automaton","floor":33,"turns":12},{"damage":24,"enemies":"3 Darklings","floor":35,"turns":8},{"damage":4,"enemies":"3 Shapes","floor":36,"turns":3},{"damage":12,"enemies":"Spire Growth","floor":37,"turns":5},{"damage":20,"enemies":"Jaw Worm Horde","floor":41,"turns":6},{"damage":11,"enemies":"3 Darklings","floor":42,"turns":7},{"damage":14,"enemies":"Maw","floor":45,"turns":8},{"damage":37,"enemies":"Jaw Worm Horde","floor":48,"turns":6},{"damage":85,"enemies":"Time Eater","floor":50,"turns":8}],"seed_played":"4053810846895369800","potions_obtained":[{"floor":1,"key":"SteroidPotion"},{"floor":14,"key":"LiquidMemories"},{"floor":16,"key":"DuplicationPotion"}],"is_trial":false,"path_per_floor":["M","M","?","M","?","M","$","T","T","$","R","M","R","M","R","B",null,"M","M","M","M","M","R","M","?","T","?","$","R","M","M","R","B",null,"M","M","M","?","T","R","M","M","T","?","M","?","R","M","R","B"],"character_chosen":"WITCH","items_purchased":["SummonOwlFamiliar","Pillage"],"campfire_rested":4,"item_purchase_floors":[7,28],"current_hp_per_floor":[72,72,72,68,68,67,67,67,67,67,67,60,60,60,60,55,73,70,73,70,55,51,51,41,41,41,41,41,62,59,62,62,32,73,54,50,51,51,51,72,62,64,64,64,65,57,73,44,65,0,0],"gold":404,"neow_bonus":"TEN_PERCENT_HP_BONUS","is_daily":false,"chose_seed":false,"campfire_upgraded":5,"win_rate":0.0,"timestamp":1613790959,"path_taken":["M","M","?","M","?","M","$","?","T","?","R","?","R","M","R","BOSS","M","M","M","M","M","R","M","?","T","?","$","R","M","M","R","BOSS","M","?","M","?","?","R","M","M","T","?","M","?","R","M","R","BOSS"],"items_purchased_type":["Card","Card"],"build_version":"2020-12-22","purchased_purges":1,"victory":false,"max_hp_per_floor":[73,73,73,73,73,73,73,73,73,73,73,73,73,73,73,73,73,73,73,73,73,73,73,73,73,73,73,73,73,73,73,73,73,73,73,73,73,73,73,73,73,73,73,73,73,73,73,73,73,73,73],"card_choices":[{"not_picked":["GrimVengeance","Bewitch"],"picked":"BlackShield","floor":1},{"not_picked":["BlackShield","BleedOut"],"picked":"Decrepify","floor":2},{"not_picked":["KarmaDrain","BleedOut"],"picked":"MortusClaw","floor":4},{"not_picked":["SaltCircle","WretchedNails"],"picked":"GhoulTouch","floor":6},{"not_picked":["Demonfyre","Athame"],"picked":"MementoMori","floor":12},{"not_picked":["BlackShield","SummonBatFamiliar"],"picked":"EvilEye","floor":14},{"not_picked":["BloodSabbath","UnluckySeven"],"picked":"VileEgg","floor":16},{"not_picked":["BoneCarving","Decrepify"],"picked":"MementoMori","floor":18},{"not_picked":["BleedOut","SaltCircle+1","CrystalResonance"],"picked":"SKIP","floor":19},{"not_picked":["KarmaDrain","SkullFlask"],"picked":"BoneCarving","floor":20},{"not_picked":["GnarledBody","TwistedMind+1"],"picked":"VileEgg","floor":21},{"not_picked":["RiteOfSummer","SoulBarrier"],"picked":"NighInvulnerability","floor":22},{"not_picked":["SummonCatFamiliar","WretchedNails","IllOmen"],"picked":"SKIP","floor":24},{"not_picked":["WretchedNails+1","Thundercloud","MementoMori"],"picked":"SKIP","floor":30},{"not_picked":["Pillage","Atonement","Decrepify"],"picked":"SKIP","floor":31},{"not_picked":["FatalRay","EvilEye"],"picked":"ChosenOfTheMoon","floor":33},{"not_picked":["RoilingBarrier+1","MortusClaw+1","WickedThoughts"],"picked":"SKIP","floor":35},{"not_picked":["BlackShield+1","Decrepify","Pillage"],"picked":"SKIP","floor":36},{"not_picked":["BlackShield+1","WretchedNails","Atonement"],"picked":"SKIP","floor":37},{"not_picked":["WretchedNails+1","Atonement","BleedOut"],"picked":"SKIP","floor":41},{"not_picked":["GnarledBody+1","Demonfyre","LivingBomb"],"picked":"SKIP","floor":42},{"not_picked":["Atonement","MementoMori+1"],"picked":"WickedThoughts","floor":45},{"not_picked":["Schadenfreude+1","BoneCarving","RiteOfAutumn"],"picked":"SKIP","floor":48}],"player_experience":137831,"relics_obtained":[{"floor":8,"key":"Ice Cream"},{"floor":9,"key":"ToyHorse"},{"floor":26,"key":"Ornamental Fan"},{"floor":43,"key":"Dream Catcher"}],"event_choices":[{"cards_removed":["Defend_Witch"],"damage_healed":0,"gold_gain":0,"player_choice":"Card Removal","damage_taken":0,"max_hp_gain":0,"max_hp_loss":0,"event_name":"The Cleric","floor":3,"gold_loss":50},{"damage_healed":0,"gold_gain":0,"player_choice":"Box","damage_taken":0,"relics_obtained":["TungstenRod"],"max_hp_gain":0,"max_hp_loss":0,"event_name":"Big Fish","floor":5,"gold_loss":0,"cards_obtained":["Regret"]},{"damage_healed":0,"gold_gain":0,"player_choice":"Smashed Altar","damage_taken":0,"max_hp_gain":0,"max_hp_loss":0,"event_name":"Forgotten Altar","floor":25,"gold_loss":0,"cards_obtained":["Decay"]},{"damage_healed":0,"gold_gain":0,"player_choice":"Copied","damage_taken":0,"max_hp_gain":0,"max_hp_loss":0,"event_name":"Duplicator","floor":27,"gold_loss":0,"cards_obtained":["VileEgg"]},{"damage_healed":0,"gold_gain":0,"player_choice":"Memory 1","damage_taken":0,"max_hp_gain":0,"max_hp_loss":0,"event_name":"SensoryStone","floor":38,"gold_loss":0},{"cards_removed":["Defend_Witch"],"damage_healed":0,"gold_gain":0,"player_choice":"Removed Skill","damage_taken":0,"max_hp_gain":0,"max_hp_loss":0,"event_name":"Falling","floor":44,"gold_loss":0},{"damage_healed":0,"gold_gain":0,"player_choice":"Embrace Madness","damage_taken":9,"max_hp_gain":0,"max_hp_loss":0,"event_name":"Winding Halls","floor":46,"gold_loss":0,"cards_obtained":["Madness","Madness"]}],"is_beta":false,"boss_relics":[{"not_picked":["Astrolabe","Runic Dome"],"picked":"Sozu"},{"not_picked":["Runic Pyramid","Black Star"],"picked":"Fusion Hammer"}],"items_purged_floors":[28],"is_endless":false,"potions_floor_spawned":[1,14,16,18,21,24,30,41,42,48],"killed_by":"Time Eater","ascension_level":0}}