{"host":"as7albp2mcgkylj3","time":1613846698,"event":{"mods":["2.2 Compatiblity","AchievementEnabler","BaseMod","Colored Map","DeckTracker","Downfall","Googly Eyes","Highlight Path","Minty Spire (QoL Compilation)","Replay The Spire","StSLib","SuperFastMode"],"gold_per_floor":[99,99,99,99,19,19,19,39,65,65,97,115,115,115,135,240,240,240,240,33,51,51,51,51,51,51,79,79,79,79,97,108,210,210,210,222,234,247,247,258,335,72,100,100,100,131,31,131,148,148],"floor_reached":51,"language":"ITA","playtime":4252,"items_purged":["ReplayTheSpireMod:Splinters","ReplayTheSpireMod:Restless Dread"],"score":727,"play_id":"75cd23f3-b0e7-4ad5-8c88-fc2e92584661","local_time":"20210220194458","is_ascension_mode":false,"campfire_choices":[{"data":"champ:Taunt","floor":1,"key":"SMITH"},{"data":"champ:StrikeOfGenius","floor":6,"key":"SMITH"},{"data":"champ:ShieldWall","floor":10,"key":"SMITH"},{"data":"champ:FlashCut","floor":13,"key":"SMITH"},{"data":"champ:ArenaPreparation","floor":18,"key":"SMITH"},{"data":"expansioncontent:DashGenerateEvil","floor":26,"key":"SMITH"},{"data":"Replay:SS_forest_2","floor":30,"key":"SMITH"},{"floor":35,"key":"DIG"},{"floor":44,"key":"REST"},{"data":"Replay:SS_forest_2","floor":47,"key":"SMITH"}],"circlet_count":0,"master_deck":["champ:Strike","champ:Strike","champ:Defend","champ:Defend","champ:Defend","champ:Defend","champ:Execute","champ:Taunt+1","champ:ArenaPreparation+1","champ:StrikeOfGenius+1","champ:ShieldWall+1","champ:Circumvent","champ:ShieldWall","champ:FlashCut+1","champ:ShieldThrow","expansioncontent:DashGenerateEvil+1","Replay:SS_forest_2+1","champ:IronFortress","RitualDagger+1","champ:CalledShot+1","champ:ShieldThrow","champ:EnGarde","champ:FalseCounter+1","Replay:SS_forest_2+1","champ:DefensiveShout"],"relics":["champ:ChampionCrown","downfall:HeartsMalice","Eternal Feather","Replay:Mystery Machine","Bottled Lightning","Empty Cage","ReplayTheSpireMod:CursedCoin","Ring of Peace","InkBottle","Replay:Bottled Flurry","ReplayTheSpireMod:Shallot","Replay:Grab Bag","Busted Crown","Cursed Key","Black Star","Onion Ring","Pantograph","Medical Kit","Garlic","Anchor","Strawberry","Divine Protection","downfall:HeartBlessingGreen"],"acts_visited":["Exordium","TheCity","TheBeyond"],"potions_floor_usage":[43,43,50,50,50],"damage_taken":[{"damage":0,"enemies":"Small Slimes","floor":2,"turns":1},{"damage":0,"enemies":"Jaw Worm","floor":3,"turns":1},{"damage":0,"enemies":"downfall:FleeingMerchant","floor":5,"turns":1},{"damage":20,"enemies":"2 Louse","floor":8,"turns":4},{"damage":10,"enemies":"Lagavulin","floor":9,"turns":5},{"damage":24,"enemies":"3 Sentries","floor":11,"turns":7},{"damage":0,"enemies":"2 Fungi Beasts","floor":12,"turns":3},{"damage":0,"enemies":"downfall:LooterAlt","floor":15,"turns":2},{"damage":42,"enemies":"SI_SHIV_ARCHETYPE","floor":16,"turns":6},{"damage":0,"enemies":"Chosen","floor":19,"turns":1},{"damage":25,"enemies":"downfall:FleeingMerchant","floor":20,"turns":4},{"damage":13,"enemies":"3 Byrds","floor":21,"turns":3},{"damage":36,"enemies":"Replay:Snechameleon","floor":27,"turns":5},{"damage":0,"enemies":"Centurion and Healer","floor":31,"turns":8},{"damage":0,"enemies":"Cultist and Chosen","floor":32,"turns":5},{"damage":128,"enemies":"IC_MUSHROOM_ARCHETYPE","floor":33,"turns":10},{"damage":0,"enemies":"3 Darklings","floor":36,"turns":5},{"damage":0,"enemies":"3 Shapes","floor":37,"turns":4},{"damage":0,"enemies":"Transient","floor":38,"turns":5},{"damage":10,"enemies":"Sphere and 2 Shapes","floor":40,"turns":8},{"damage":0,"enemies":"downfall:FleeingMerchant","floor":42,"turns":4},{"damage":76,"enemies":"Giant Head","floor":43,"turns":12},{"damage":10,"enemies":"R_Hoarder","floor":46,"turns":11},{"damage":0,"enemies":"4 Shapes","floor":49,"turns":6},{"damage":45,"enemies":"WA_ARCHETYPE_DIVINITY","floor":50,"turns":11}],"seed_played":"812492026550703327","potions_obtained":[{"floor":8,"key":"Flashbang"},{"floor":11,"key":"SkillPotion"},{"floor":12,"key":"Swift Potion"},{"floor":25,"key":"CultistPotion"},{"floor":43,"key":"Fire Potion"},{"floor":46,"key":"champ:CounterPotion"}],"is_trial":false,"path_per_floor":["R","M","M","?","$","R","T","M","E","R","E","M","R","?","M","B",null,"R","M","$","M","?","?","T","?","R","E","?","T","R","M","M","B",null,"R_BF","M","M","M","?","M","T","$","E","R","T","E","R","?","M","B",null],"character_chosen":"THE_CHAMP","items_purchased":["champ:ShieldWall","ReplayTheSpireMod:CursedCoin","expansioncontent:DashGenerateEvil","Replay:SS_forest_2","Medical Kit"],"campfire_rested":1,"item_purchase_floors":[5,20,20,20,42],"current_hp_per_floor":[90,90,90,90,90,90,90,90,90,90,66,66,75,75,75,68,90,90,90,85,72,72,72,72,72,81,75,75,75,87,87,87,29,90,90,90,90,90,90,90,90,90,44,86,86,97,97,97,97,77],"gold":148,"neow_bonus":"THREE_ENEMY_KILL","is_daily":false,"chose_seed":false,"campfire_upgraded":8,"win_rate":0.0,"timestamp":1613846698,"path_taken":["R","M","M","?","$","R","T","M","E","R","E","M","R","?","M","BOSS","R","M","$","M","?","?","T","?","R","E","?","?","R","M","M","BOSS","R_BF","M","M","M","?","M","T","$","E","R","?","E","R","?","M","BOSS"],"items_purchased_type":["Card","Relic","Card","Card","Relic"],"build_version":"2020-12-22","purchased_purges":2,"victory":true,"max_hp_per_floor":[90,90,90,90,90,90,90,90,90,90,90,90,90,90,90,90,90,90,90,90,90,90,90,90,90,90,90,90,90,90,90,90,90,90,90,90,90,90,90,90,90,90,90,90,90,97,97,97,97,97],"card_choices":[{"not_picked":["champ:StanceDance","champ:RecklessLeap"],"picked":"champ:ArenaPreparation","floor":2},{"not_picked":["champ:Backstep","champ:Shatter","champ:Haymaker"],"picked":"SKIP","floor":3},{"not_picked":["champ:FaceSlap","champ:Circumvent"],"picked":"champ:StrikeOfGenius","floor":5},{"not_picked":["champ:CalledShot","champ:PerfectedStrike"],"picked":"champ:Circumvent","floor":8},{"not_picked":["champ:HeavySlash","champ:RecklessLeap"],"picked":"champ:ShieldWall","floor":9},{"not_picked":["champ:PerfectedStrike","champ:CrookedStrike"],"picked":"champ:FlashCut","floor":11},{"not_picked":["champ:DeathBlow","champ:Backstep","champ:CalledShot"],"picked":"SKIP","floor":12},{"not_picked":["champ:Backstep","champ:DefensiveShout","champ:FocusedBerserking"],"picked":"SKIP","floor":15},{"not_picked":["champ:LastStand","champ:MurderStrike"],"picked":"champ:ShieldThrow","floor":16},{"not_picked":["champ:SetATrap","champ:FocusedBerserking","champ:Endure"],"picked":"SKIP","floor":19},{"not_picked":["champ:PerfectedStrike","champ:EndlessRage+1","champ:Duel+1"],"picked":"SKIP","floor":20},{"not_picked":["champ:BerserkersShout","champ:Haymaker"],"picked":"champ:IronFortress","floor":21},{"not_picked":["champ:Circumvent","champ:Haymaker"],"picked":"champ:CalledShot+1","floor":27},{"not_picked":["champ:Encircle+1","champ:LastStand","champ:DeathBlow+1"],"picked":"SKIP","floor":31},{"not_picked":["champ:CalledShot+1","champ:SetATrap","champ:Shatter"],"picked":"SKIP","floor":32},{"not_picked":["champ:TripleStrike","champ:Devastate"],"picked":"champ:ShieldThrow","floor":33},{"not_picked":[],"picked":"champ:EnGarde","floor":36},{"not_picked":[],"picked":"champ:FalseCounter+1","floor":37},{"not_picked":["champ:FaceSlap+1"],"picked":"SKIP","floor":38},{"not_picked":["Replay:SS_hec_1","Replay:SS_fish_1"],"picked":"Replay:SS_forest_2","floor":39},{"not_picked":["champ:DeathBlow"],"picked":"SKIP","floor":40},{"not_picked":["champ:TornadoPunch+1"],"picked":"SKIP","floor":42},{"not_picked":[],"picked":"champ:DefensiveShout","floor":43},{"not_picked":["champ:FalseCounter+1"],"picked":"SKIP","floor":46},{"not_picked":["champ:DefensiveShout"],"picked":"SKIP","floor":49}],"player_experience":509397,"relics_obtained":[{"floor":7,"key":"Eternal Feather"},{"floor":9,"key":"Replay:Mystery Machine"},{"floor":11,"key":"Bottled Lightning"},{"floor":22,"key":"Ring of Peace"},{"floor":24,"key":"InkBottle"},{"floor":27,"key":"Replay:Bottled Flurry"},{"floor":29,"key":"ReplayTheSpireMod:Shallot"},{"floor":35,"key":"Onion Ring"},{"floor":41,"key":"Pantograph"},{"floor":43,"key":"Garlic"},{"floor":43,"key":"Anchor"},{"floor":46,"key":"Strawberry"},{"floor":46,"key":"Divine Protection"}],"event_choices":[],"is_beta":false,"boss_relics":[{"not_picked":["Kintsugi","ReplayTheSpireMod:DimensionalGlitch"],"picked":"Empty Cage"},{"not_picked":["Sozu","Philosopher\u0027s Stone"],"picked":"Replay:Grab Bag"},{"not_picked":["ChewingGum","Painkiller Herb"],"picked":"Busted Crown"},{"not_picked":["Replay:Wanted Poster","Velvet Choker"],"picked":"Cursed Key"},{"not_picked":["Pandora\u0027s Box","Calling Bell"],"picked":"Black Star"}],"items_purged_floors":[20,42],"is_endless":false,"potions_floor_spawned":[8,11,12,16,21,27,32,37,40,43,46,49],"ascension_level":0}}