{"host":"ljaiy5ygc2blx6r2","time":1613817133,"event":{"mods":["Act Like it!","Arknights","BaseMod","Better Vampires","Challenge The Spire","Colored Powertips","Conspire","Gensokyo","HornydragonMod","JesterMod","Koishi","Marisa（F雨　魔理沙）","Minty Spire (QoL Compilation)","Pale of the Ancients","Reimu（博丽灵梦）","Reliquary","Remilia（蕾米莉亚）","Replay The Spire","RumiaBox-露米娅的神秘盒子","SOS（斯巴达之子）","StSLib","TestMod","The Administrix","The Animator","The Bug Knight","The Cursed","The Gatherer","The IronCluck","The Runesmith","The Servant 0.9.4","UnlockEverythingMod","[IsaacMod]以撒尖塔","【功能Mod】聪明的最终Boss","【遗物卡牌】REMEMod","篝火指南"],"gold_per_floor":[115,133,162,162,5,34,34,67,138,138,88,88,88,135,235,346,346,358,377,63,78,78,78,7,7,7,7,45,45,88,102,102,107,107],"floor_reached":33,"language":"ZHS","playtime":1632,"items_purged":[],"score":360,"play_id":"39c196ba-8539-4a38-973a-82220331f046","local_time":"20210220183213","is_ascension_mode":true,"campfire_choices":[{"data":"Shrug It Off","floor":7,"key":"SMITH"},{"data":"EpicFetus","floor":10,"key":"SMITH"},{"data":"BloodyCatastrophe","floor":13,"key":"SMITH"},{"floor":23,"key":"REST"},{"data":"REME_WheelOfFate","floor":25,"key":"SMITH"},{"floor":32,"key":"REST"}],"circlet_count":0,"master_deck":["Strike_R","Strike_R","Strike_R","Strike_R","Defend_R","Defend_R","Defend_R","Bash","EpicFetus+1","BloodyCatastrophe+1","Replay:Undeath\u0027s Touch","Hemokinesis","Metallicize","Shrug It Off+1","Headbutt","conspire:SpireCoStock","Sword Boomerang","conspire:Purge","TheCursedMod:DemonSword","Clash","Flex","REME_WheelOfFate+1","Ghostly Armor","Inflame","Spot Weakness","Blood for Blood","Gensokyo:LittleGreenMen","ats:Echo Reverb","Intimidate+1","ats:Overload","Second Wind+1","Run Through"],"relics":["Burning Blood","testmod-TestBox","HushsDoor","REME_ComplimentaryCards","NeowsBlessing","testmod-ArcanaOfDestiny","DeadEye","Baka","reliquary:Spinner","SteamSale","Replay:WaspNest","PureWhite:ReiMu","testmod-HeartOfDaVinci","testmod-Maize","TheCursedMod:FourLeafCloverCharm","testmod-RealStoneCalender","Pear","ats:Spiritual Recovery","ats:Originium","ats:Ability Aura","Red Skull"],"acts_visited":["Gensokyo:Gensokyo","Gensokyo:Gensokyoer"],"potions_floor_usage":[19,21,30,31],"damage_taken":[{"damage":0,"enemies":"Gensokyo:2_Kodama","floor":1,"turns":1},{"damage":0,"enemies":"Gensokyo:Python","floor":2,"turns":1},{"damage":2,"enemies":"conspire:MimicChest","floor":3,"turns":1},{"damage":6,"enemies":"Gensokyo:Mamizou","floor":6,"turns":4},{"damage":13,"enemies":"Gensokyo:Aya","floor":8,"turns":3},{"damage":16,"enemies":"Gensokyo:Cirno","floor":14,"turns":11},{"damage":27,"enemies":"Gensokyo:Reimu","floor":16,"turns":10},{"damage":16,"enemies":"Gensokyo:AngelMirror","floor":18,"turns":2},{"damage":18,"enemies":"Gensokyo:CosmicMonolith","floor":19,"turns":4},{"damage":22,"enemies":"Gensokyo:Slime_Group","floor":21,"turns":3},{"damage":20,"enemies":"Gensokyo:Reisen","floor":28,"turns":3},{"damage":4,"enemies":"Gensokyo:Koishi","floor":30,"turns":3},{"damage":15,"enemies":"Gensokyo:Mirror_and_Dog","floor":31,"turns":2},{"damage":84,"enemies":"Gensokyo:Eternal_Rivals","floor":33,"turns":6}],"seed_played":"2523231082549120546","potions_obtained":[{"floor":3,"key":"FearPotion"},{"floor":8,"key":"testmod-TimePotion"},{"floor":14,"key":"ZuzhouPotion:ReiMu"},{"floor":18,"key":"LifebloodPotion"},{"floor":21,"key":"Fire Potion"}],"is_trial":false,"path_per_floor":["M","M","?","?","COS","E","R","E","T","R","?","?","R","E","R","B",null,"M","M","$","M","?","R","$","R","T","?","E","COS","E","M","R","B"],"character_chosen":"IRONCLAD","items_purchased":["testmod-RealStoneCalender","REME_WheelOfFate","Ghostly Armor","Inflame","Blood for Blood","testmod-SpacePotion"],"campfire_rested":2,"item_purchase_floors":[20,20,20,20,24,24],"current_hp_per_floor":[80,80,80,80,80,80,80,73,73,73,73,73,73,63,63,42,80,70,58,58,42,42,66,66,66,76,76,62,62,64,55,79,0,0],"gold":107,"neow_bonus":"THREE_ENEMY_KILL","is_daily":false,"chose_seed":false,"campfire_upgraded":4,"win_rate":0.0,"timestamp":1613817133,"path_taken":["M","M","?","?","COS","E","R","E","T","R","?","?","R","E","R","BOSS","M","M","$","?","?","R","?","R","T","?","E","COS","E","M","R","BOSS"],"items_purchased_type":["Relic","Card","Card","Card","Card","Potion"],"build_version":"2020-12-22","purchased_purges":0,"victory":false,"max_hp_per_floor":[80,80,80,80,80,80,80,80,80,80,80,80,80,80,80,80,80,80,80,80,80,80,80,80,80,90,81,81,81,81,81,81,81,81],"card_choices":[{"not_picked":[],"picked":"EpicFetus","floor":0},{"not_picked":["Clash","Burning Pact"],"picked":"Replay:Undeath\u0027s Touch","floor":1},{"not_picked":["Dark Embrace","True Grit"],"picked":"Hemokinesis","floor":2},{"not_picked":["Replay:Undeath\u0027s Touch","True Grit"],"picked":"Metallicize","floor":3},{"not_picked":["REME_Cut","REME_FearOfPain"],"picked":"Shrug It Off","floor":6},{"not_picked":["Dark Embrace","Havoc"],"picked":"Headbutt","floor":8},{"not_picked":["REME_SingleHolding","Havoc"],"picked":"Sword Boomerang","floor":14},{"not_picked":["REME_TheLastStrike","Corruption"],"picked":"conspire:Purge","floor":16},{"not_picked":["Hemokinesis","Twin Strike"],"picked":"Clash","floor":18},{"not_picked":["Twin Strike","Burning Pact"],"picked":"Flex","floor":19},{"not_picked":["Defy Death","Twin Strike+1"],"picked":"Spot Weakness","floor":21},{"not_picked":["Gensokyo:Apocalypse","Gensokyo:Doppelganger"],"picked":"Gensokyo:LittleGreenMen","floor":27},{"not_picked":["conspire:Purge","Spot Weakness"],"picked":"Intimidate+1","floor":28},{"not_picked":["Perfected Strike+1","Twin Strike"],"picked":"Second Wind+1","floor":30},{"not_picked":["Cleave","ReplayTheSpireMod:Limb From Limb"],"picked":"Run Through","floor":31}],"player_experience":240802,"relics_obtained":[{"floor":1,"key":"Baka"},{"floor":3,"key":"reliquary:Spinner"},{"floor":6,"key":"Replay:WaspNest"},{"floor":8,"key":"PureWhite:ReiMu"},{"floor":9,"key":"testmod-HeartOfDaVinci"},{"floor":14,"key":"testmod-Maize"},{"floor":26,"key":"Pear"},{"floor":28,"key":"ats:Spiritual Recovery"},{"floor":30,"key":"ats:Originium"},{"floor":30,"key":"ats:Ability Aura"}],"event_choices":[{"damage_healed":0,"gold_gain":0,"player_choice":"Invest 1","damage_taken":0,"max_hp_gain":0,"max_hp_loss":0,"event_name":"conspire:Investor","floor":11,"gold_loss":0},{"damage_healed":0,"gold_gain":0,"player_choice":"Ignored","damage_taken":0,"max_hp_gain":0,"max_hp_loss":0,"event_name":"给自己的盒子","floor":12,"gold_loss":0}],"is_beta":false,"boss_relics":[{"not_picked":["conspire:RoyalGoblet","testmod-Nine"],"picked":"TheCursedMod:FourLeafCloverCharm"},{"not_picked":[]}],"items_purged_floors":[],"is_endless":false,"potions_floor_spawned":[3,8,14,18,21,28],"killed_by":"Gensokyo:Eternal_Rivals","ascension_level":1}}