{"host":"0kk91h4bq4kgfj0u","time":1613849200,"event":{"mods":["BaseMod","Bestiary","Block Reminder","Colored Map","Colored Powertips","Curses Come First","Highlight Path","Minty Spire (QoL Compilation)","Relic Stats","StSLib"],"gold_per_floor":[111,121,176,124,139,169,169,185,231,257,257,269,286,321,321,321,321],"floor_reached":16,"language":"ENG","playtime":1535,"items_purged":[],"score":165,"play_id":"173f4d9c-ef42-4a5f-9cb9-e8fdd0d4b499","local_time":"20210220142640","is_ascension_mode":true,"campfire_choices":[{"floor":7.0,"key":"REST"},{"floor":15,"key":"REST"}],"circlet_count":0,"master_deck":["Strike_G","Strike_G","Strike_G","Strike_G","Strike_G","Defend_G","Defend_G","Defend_G","Defend_G","Defend_G","Survivor","Neutralize","Accuracy","Cloak And Dagger","Flying Knee","Sucker Punch","Prepared","Blade Dance","Backflip","Bullet Time","Distraction","Quick Slash","Backflip","Leg Sweep"],"relics":["Ring of the Snake","Orichalcum","Darkstone Periapt","Oddly Smooth Stone","Sundial"],"acts_visited":["Exordium"],"potions_floor_usage":[14,14,14],"damage_taken":[{"damage":5.0,"enemies":"Cultist","floor":1.0,"turns":5.0},{"damage":4.0,"enemies":"Small Slimes","floor":2.0,"turns":6.0},{"damage":1.0,"enemies":"2 Louse","floor":5.0,"turns":3.0},{"damage":27.0,"enemies":"Gremlin Nob","floor":6.0,"turns":6.0},{"damage":1.0,"enemies":"Large Slime","floor":8.0,"turns":7.0},{"damage":6.0,"enemies":"3 Sentries","floor":10.0,"turns":8.0},{"damage":0,"enemies":"Gremlin Gang","floor":12,"turns":4},{"damage":17,"enemies":"3 Louse","floor":13,"turns":4},{"damage":12,"enemies":"Lagavulin","floor":14,"turns":7},{"damage":35,"enemies":"Hexaghost","floor":16,"turns":16}],"seed_played":"5616796783762988205","potions_obtained":[{"floor":0.0,"key":"GhostInAJar"},{"floor":0.0,"key":"FearPotion"},{"floor":0.0,"key":"GhostInAJar"},{"floor":1.0,"key":"Energy Potion"},{"floor":12,"key":"Strength Potion"},{"floor":14,"key":"Swift Potion"}],"is_trial":false,"path_per_floor":["M","M","T","$","M","E","R","M","T","E","?","M","M","E","R","B"],"character_chosen":"THE_SILENT","items_purchased":["Flying Knee"],"campfire_rested":2,"item_purchase_floors":[4],"current_hp_per_floor":[58,54,54,54,53,26,47,46,46,40,40,40,23,11,32,0,0],"gold":321,"neow_bonus":"THREE_SMALL_POTIONS","is_daily":false,"chose_seed":false,"campfire_upgraded":0,"win_rate":0.0,"timestamp":1613849200,"path_taken":["M","M","?","$","M","E","R","M","T","E","?","M","M","E","R","BOSS"],"items_purchased_type":["Card"],"build_version":"2020-12-22","purchased_purges":0,"victory":false,"max_hp_per_floor":[70,70,70,70,70,70,70,70,70,70,70,70,70,70,70,70,70],"relic_stats":{"Darkstone Periapt":0,"counters":[10,66],"Sundial":[2],"Orichalcum":[96],"obtain_stats":[{"Darkstone Periapt":6,"Sundial":14,"Oddly Smooth Stone":10,"Orichalcum":3,"Ring of the Snake":0},{"Darkstone Periapt":4,"Sundial":9,"Oddly Smooth Stone":6,"Orichalcum":2,"Ring of the Snake":0},{"Darkstone Periapt":20,"Sundial":50,"Oddly Smooth Stone":35,"Orichalcum":11,"Ring of the Snake":0}],"Ring of the Snake":[20]},"card_choices":[{"not_picked":["PiercingWail","Riddle With Holes"],"picked":"Accuracy","floor":1.0},{"not_picked":["Quick Slash","Dagger Spray"],"picked":"Cloak And Dagger","floor":2.0},{"not_picked":["Reflex","Underhanded Strike"],"picked":"Sucker Punch","floor":5.0},{"not_picked":["Expertise","Heel Hook"],"picked":"Prepared","floor":6.0},{"not_picked":["Bane","Dagger Throw"],"picked":"Blade Dance","floor":8.0},{"not_picked":["Sucker Punch","All Out Attack","Setup"],"picked":"SKIP","floor":10.0},{"not_picked":["Glass Knife","Leg Sweep"],"picked":"Quick Slash","floor":12},{"not_picked":["Riddle With Holes","Blade Dance"],"picked":"Backflip","floor":13},{"not_picked":["Cloak And Dagger","Eviscerate"],"picked":"Leg Sweep","floor":14}],"player_experience":891170,"relics_obtained":[{"floor":3.0,"key":"Orichalcum"},{"floor":6.0,"key":"Darkstone Periapt"},{"floor":10.0,"key":"Oddly Smooth Stone"},{"floor":14,"key":"Sundial"}],"event_choices":[{"damage_healed":0,"gold_gain":0,"player_choice":"3 cards matched","damage_taken":0,"max_hp_gain":0,"max_hp_loss":0,"event_name":"Match and Keep!","floor":11,"gold_loss":0,"cards_obtained":["Backflip","Bullet Time","Distraction"]}],"is_beta":false,"boss_relics":[],"items_purged_floors":[],"is_endless":false,"potions_floor_spawned":[1,8,12,13,14],"killed_by":"Hexaghost","ascension_level":7}}