{"host":"z4nt7tdd4gjrinn7","time":1613850915,"event":{"mods":["100% Spire Juice","BaseMod","Minty Spire (QoL Compilation)","StS++","StSLib","The Hierophant"],"gold_per_floor":[109,109,36,49,49,49,61,61,137,150,179,179,30,30,30,127,127,140,140,140,153,10,10,10,10],"floor_reached":24,"language":"ENG","playtime":1202,"items_purged":[],"score":217,"play_id":"9c744c2d-c78e-4c04-975f-6ce23e5eb438","local_time":"20210220145515","is_ascension_mode":false,"campfire_choices":[{"floor":6,"key":"REST"},{"floor":12,"key":"REST"},{"data":"Defragment","floor":15,"key":"SMITH"},{"floor":23,"key":"REST"}],"circlet_count":0,"master_deck":["Strike_B","Strike_B","Strike_B","Strike_B","Defend_B","Defend_B","Defend_B","Defend_B","Zap","Dualcast","Chill","Defragment+1","Self Repair+1","Redo","Stack","Ball Lightning","Fission","Cold Snap+1","Redo"],"relics":["Cracked Core","Mercury Hourglass","Art of War","Lee\u0027s Waffle","Black Star","Strawberry"],"acts_visited":["Exordium","TheCity"],"potions_floor_usage":[16,16,24,24,24,24],"damage_taken":[{"damage":5,"enemies":"2 Louse","floor":1,"turns":2},{"damage":3,"enemies":"Jaw Worm","floor":4,"turns":3},{"damage":0,"enemies":"Cultist","floor":7,"turns":3},{"damage":15,"enemies":"Blue Slaver","floor":10,"turns":3},{"damage":14,"enemies":"3 Sentries","floor":11,"turns":7},{"damage":22,"enemies":"Hexaghost","floor":16,"turns":8},{"damage":32,"enemies":"Shell Parasite","floor":18,"turns":6},{"damage":0,"enemies":"3 Byrds","floor":21,"turns":5},{"damage":97,"enemies":"Gremlin Leader","floor":24,"turns":7}],"seed_played":"9013659992577713969","potions_obtained":[{"floor":1,"key":"SpeedPotion"},{"floor":4,"key":"Weak Potion"},{"floor":11,"key":"PowerPotion"},{"floor":18,"key":"EntropicBrew"}],"is_trial":false,"path_per_floor":["M","?","$","M","?","R","M","?","T","M","E","R","$","?","R","B",null,"M","?","?","M","$","R","E"],"character_chosen":"DEFECT","items_purchased":["Defragment","Lee\u0027s Waffle","Strawberry"],"campfire_rested":3,"item_purchase_floors":[3,13,22],"current_hp_per_floor":[77,77,77,74,74,82,82,82,82,77,73,82,89,89,89,77,89,67,67,64,74,81,96,0,0],"gold":10,"neow_bonus":"TEN_PERCENT_HP_BONUS","is_daily":false,"chose_seed":false,"campfire_upgraded":1,"win_rate":0.0,"timestamp":1613850915,"path_taken":["M","?","$","M","?","R","M","?","T","M","E","R","$","?","R","BOSS","M","?","?","M","$","R","E"],"items_purchased_type":["Card","Relic","Relic"],"build_version":"2020-12-22","purchased_purges":0,"victory":false,"max_hp_per_floor":[82,82,82,82,82,82,82,82,82,82,82,82,89,89,89,89,89,89,89,89,89,96,96,96,96],"card_choices":[{"not_picked":["Darkness","Fusion"],"picked":"Chill","floor":1},{"not_picked":["Leap","Coolheaded"],"picked":"Self Repair","floor":4},{"not_picked":["Go for the Eyes","Steam"],"picked":"Redo","floor":7},{"not_picked":["Genetic Algorithm","Hologram"],"picked":"Stack","floor":10},{"not_picked":["Meteor Strike","Leap"],"picked":"Ball Lightning","floor":11},{"not_picked":["StSpp:Converter","Hyperbeam"],"picked":"Fission","floor":16},{"not_picked":["StSpp:Fierceness","Sweeping Beam"],"picked":"Cold Snap+1","floor":18},{"not_picked":["Chaos","Compile Driver"],"picked":"Redo","floor":21}],"player_experience":222342,"relics_obtained":[{"floor":9,"key":"Mercury Hourglass"},{"floor":11,"key":"Art of War"}],"event_choices":[{"damage_healed":0,"gold_gain":0,"player_choice":"Leave","damage_taken":0,"max_hp_gain":0,"max_hp_loss":0,"event_name":"The Cleric","floor":2,"gold_loss":0},{"damage_healed":0,"gold_gain":0,"player_choice":"Ignored","damage_taken":0,"max_hp_gain":0,"max_hp_loss":0,"event_name":"Shining Light","floor":5,"gold_loss":0},{"damage_healed":0,"gold_gain":0,"player_choice":"Grow","damage_taken":0,"max_hp_gain":0,"max_hp_loss":0,"event_name":"Living Wall","floor":8,"gold_loss":0,"cards_upgraded":["Self Repair"]},{"damage_healed":0,"gold_gain":0,"player_choice":"Ignored","damage_taken":0,"max_hp_gain":0,"max_hp_loss":0,"event_name":"Golden Wing","floor":14,"gold_loss":0},{"damage_healed":0,"gold_gain":0,"player_choice":"Ignored","damage_taken":0,"max_hp_gain":0,"max_hp_loss":0,"event_name":"Vampires","floor":19,"gold_loss":0},{"damage_healed":0,"gold_gain":0,"player_choice":"Punched","damage_taken":3,"max_hp_gain":0,"max_hp_loss":0,"event_name":"Designer","floor":20,"gold_loss":0}],"is_beta":false,"boss_relics":[{"not_picked":["Fusion Hammer","Empty Cage"],"picked":"Black Star"}],"items_purged_floors":[],"is_endless":false,"potions_floor_spawned":[1,4,11,18],"killed_by":"Gremlin Leader","ascension_level":0}}