{"host":"mb4cisebr17g8vuz","time":1613787898,"event":{"mods":["AchievementEnabler","BaseMod","Colored Map","Colored Powertips","Minty Spire (QoL Compilation)","SuperFastMode","everything is the same but u backflip on backflip"],"gold_per_floor":[12,32,49,124,136,136,149,181,226,251,251,251,251,251],"floor_reached":13,"language":"KOR","playtime":322,"items_purged":[],"score":185,"play_id":"92c26606-16be-4f38-86ae-71227a70a896","local_time":"20210219212458","is_ascension_mode":true,"campfire_choices":[{"data":"Blood for Blood","floor":6.0,"key":"SMITH"},{"data":"Evolve","floor":12.0,"key":"SMITH"}],"circlet_count":0,"master_deck":["AscendersBane","Strike_R","Strike_R","Strike_R","Strike_R","Strike_R","Defend_R","Defend_R","Defend_R","Defend_R","Bash","Clothesline","Anger","Blood for Blood+1","Pommel Strike","Evolve+1","Reaper"],"relics":["Burning Blood","Lizard Tail","Ornamental Fan","Pen Nib","Frozen Egg 2"],"acts_visited":["Exordium"],"potions_floor_usage":[],"damage_taken":[{"damage":12.0,"enemies":"Small Slimes","floor":1.0,"turns":5.0},{"damage":4.0,"enemies":"Jaw Worm","floor":2.0,"turns":3.0},{"damage":0.0,"enemies":"Cultist","floor":3.0,"turns":4.0},{"damage":17.0,"enemies":"Blue Slaver","floor":5.0,"turns":5.0},{"damage":9.0,"enemies":"Looter","floor":7.0,"turns":3.0},{"damage":25.0,"enemies":"Lagavulin","floor":8.0,"turns":5.0},{"damage":6.0,"enemies":"3 Sentries","floor":10.0,"turns":6.0},{"damage":8,"enemies":"Gremlin Nob","floor":13,"turns":3}],"seed_played":"-5305787149179694764","potions_obtained":[{"floor":5.0,"key":"Fire Potion"},{"floor":7.0,"key":"FearPotion"},{"floor":8.0,"key":"CultistPotion"}],"is_trial":false,"path_per_floor":["M","M","M","?","M","R","M","E","T","E","?","R","E"],"character_chosen":"IRONCLAD","items_purchased":[],"campfire_rested":0,"item_purchase_floors":[],"current_hp_per_floor":[62,64,70,59,48,48,45,26,26,26,26,26,18,18],"gold":251,"neow_bonus":"ONE_RARE_RELIC","is_daily":false,"chose_seed":false,"campfire_upgraded":2,"win_rate":0.0,"timestamp":1613787898,"path_taken":["M","M","M","?","M","R","M","E","T","E","?","R","E"],"items_purchased_type":[],"build_version":"2020-12-22","purchased_purges":0,"victory":false,"max_hp_per_floor":[75,75,75,75,75,75,75,75,75,75,75,75,75,75],"card_choices":[{"not_picked":["True Grit","Armaments"],"picked":"Clothesline","floor":1.0},{"not_picked":["Warcry","True Grit"],"picked":"Anger","floor":2.0},{"not_picked":["Wild Strike","Heavy Blade"],"picked":"Blood for Blood","floor":3.0},{"not_picked":["Sever Soul","Clothesline","Anger"],"picked":"SKIP","floor":5.0},{"not_picked":["Sever Soul","Armaments"],"picked":"Pommel Strike","floor":7.0},{"not_picked":["Havoc","True Grit"],"picked":"Evolve","floor":8.0},{"not_picked":["Whirlwind","Battle Trance"],"picked":"Reaper","floor":10.0}],"player_experience":258076,"relics_obtained":[{"floor":8.0,"key":"Ornamental Fan"},{"floor":9.0,"key":"Pen Nib"},{"floor":10.0,"key":"Frozen Egg 2"}],"event_choices":[{"damage_healed":0.0,"max_hp_gain":0.0,"max_hp_loss":0.0,"gold_gain":75.0,"event_name":"World of Goop","player_choice":"Gather Gold","floor":4.0,"gold_loss":0.0,"damage_taken":11.0},{"damage_healed":0.0,"max_hp_gain":0.0,"max_hp_loss":0.0,"gold_gain":0.0,"event_name":"Dead Adventurer","player_choice":"Searched \u00270\u0027 times","floor":11.0,"gold_loss":0.0,"damage_taken":0.0}],"is_beta":false,"boss_relics":[],"items_purged_floors":[],"is_endless":false,"potions_floor_spawned":[5,7,8],"killed_by":"Gremlin Nob","ascension_level":19}}