{"host":"d54lcqy5t45er8jx","time":1613814970,"event":{"mods":["2.2 Compatiblity","BaseMod","CapriCore","Colored Powertips","Defuse TimeMaze Blight","Friendly Minions","Hermit","Hubris","Infinite Spire","KinomotoSakuraMod(ÙÊñýÜâ?)","Marisa£¨Ùöéë¡¡Øª×âÞÞ£©","Minty Spire (QoL Compilation)","Quick Restart","Railgun Mod","Rare Cards Sparkle","Relic Stats","Remilia£¨?Ú·×é?£©","StSLib","The Alterego","The Animator","The Cursed","The Immortal","The Servant 0.9.4","WarShipGirlsR/??á´Ò³R mod","Yakumo Yukari mod","Yohane!","Yuri Mod"],"gold_per_floor":[30,50,66,66,16,38,38,38,38,68,68,90,110,154,154,258,258,271,117,117,67,84,110,141,170,170,198,236,236,254,254,254,366,366,378,135,157,161,161],"floor_reached":38,"language":"ENG","playtime":3448,"items_purged":["animator:Defend","animator:Defend"],"score":500,"play_id":"c6abb952-ec41-42bc-81bc-0f64ff825640","local_time":"20210220185610","is_ascension_mode":true,"campfire_choices":[{"data":"animator:Aqua","floor":7,"key":"SMITH"},{"data":"animator:Hitei","floor":11,"key":"SMITH"},{"data":"animator:Arpeggio","floor":15,"key":"SMITH"},{"data":"animator:Eve","floor":29,"key":"SMITH"},{"data":"animator:Eve","floor":32,"key":"SMITH"}],"circlet_count":0,"master_deck":["animator:Strike_Konosuba","animator:Defend_Konosuba","animator:Kazuma","animator:Aqua+1","animator:ElricAlphonse","animator:Hitei+1","animator:YuiTsuruno","animator:Vanir","animator:Benimaru","animator:Sloth","animator:KyokoSakura","animator:Arpeggio+1","animator:Eve+1","animator:Mitsurugi","animator:Scar","animator:SuzuneAmano","animator:Chris","animator:KyokoSakura","animator:MaesHughes","animator:Eve+1","animator:Chris","animator:Chris"],"relics":["animator:LivingPicture","animator:TheMissingPiece","infinitespire:Lychee Nut","Art of War","ScarletDevilRocket","Odd Mushroom","infinitespire:Beetle Shell","Philosopher\u0027s Stone","alterego_mod:SomeoneToFightFor","Blood Vial","Ancient Tea Set","Eternal Feather","Gambling Chip","Cursed Key","ClockworkSouvenir"],"acts_visited":["Exordium","TheCity","TheBeyond"],"potions_floor_usage":[10,10,12,23,23,25,25,25,27,33,38],"damage_taken":[{"damage":0,"enemies":"Small Slimes","floor":1,"turns":6},{"damage":4,"enemies":"2 Louse","floor":2,"turns":5},{"damage":8,"enemies":"Jaw Worm","floor":3,"turns":6},{"damage":13,"enemies":"2 Fungi Beasts","floor":6,"turns":5},{"damage":12,"enemies":"3 Sentries","floor":10,"turns":8},{"damage":5,"enemies":"The Mushroom Lair","floor":12,"turns":4},{"damage":2,"enemies":"Blue Slaver","floor":13,"turns":3},{"damage":12,"enemies":"Lagavulin","floor":14,"turns":5},{"damage":0,"enemies":"The Guardian","floor":16,"turns":7},{"damage":0,"enemies":"Chosen","floor":18,"turns":4},{"damage":25,"enemies":"2 Thieves","floor":22,"turns":3},{"damage":33,"enemies":"Book of Stabbing","floor":23,"turns":5},{"damage":1,"enemies":"Snecko","floor":24,"turns":4},{"damage":14,"enemies":"Slavers","floor":25,"turns":4},{"damage":8,"enemies":"Cultist and Chosen","floor":27,"turns":3},{"damage":31,"enemies":"Centurion and Healer","floor":28,"turns":4},{"damage":14,"enemies":"Snecko","floor":30,"turns":4},{"damage":33,"enemies":"Champ","floor":33,"turns":7},{"damage":4,"enemies":"3 Shapes","floor":35,"turns":3},{"damage":16,"enemies":"Orb Walker","floor":37,"turns":2},{"damage":44,"enemies":"2 Orb Walkers","floor":38,"turns":2}],"seed_played":"7170565698235916944","potions_obtained":[{"floor":1,"key":"Dexterity Potion"},{"floor":6,"key":"Regen Potion"},{"floor":10,"key":"Weak Potion"},{"floor":13,"key":"Regen Potion"},{"floor":18,"key":"Dexterity Potion"},{"floor":23,"key":"EntropicBrew"},{"floor":24,"key":"DistilledChaos"},{"floor":30,"key":"Swift Potion"},{"floor":37,"key":"Weak Potion"}],"is_trial":false,"path_per_floor":["M","M","M","?","?","M","R","?","T","E","R","?","M","E","R","B",null,"M","$","?","?","M","E","M","E","T","M","M","R","M","T","R","B",null,"M","$","M","?"],"character_chosen":"THE_ANIMATOR","items_purchased":["animator:Scar","ClockworkSouvenir"],"campfire_rested":0,"item_purchase_floors":[19,36],"current_hp_per_floor":[66,62,56,49,49,38,38,31,31,49,49,48,50,38,38,47,50,51,51,51,51,28,24,41,38,38,40,34,46,38,38,50,28,51,49,49,35,0,0],"gold":161,"neow_bonus":"REMOVE_TWO","is_daily":false,"chose_seed":false,"campfire_upgraded":5,"win_rate":0.0,"timestamp":1613814970,"path_taken":["M","M","M","?","?","M","R","?","T","E","R","?","?","E","R","BOSS","M","$","?","?","M","E","M","E","T","M","?","R","M","?","R","BOSS","M","$","M","?"],"items_purchased_type":["Card","Relic"],"build_version":"2020-12-22","purchased_purges":2,"victory":false,"max_hp_per_floor":[66,66,66,49,49,49,49,49,49,49,49,50,50,50,50,50,50,51,51,51,51,51,51,51,51,51,51,51,51,51,51,51,51,51,51,51,51,51,51],"relic_stats":{"Blood Vial":15,"counters":[21,92],"Gambling Chip":[15],"Eternal Feather":24,"Art of War":[6],"Cursed Key":0,"obtain_stats":[{"ScarletDevilRocket":10,"animator:TheMissingPiece":0,"Eternal Feather":26,"infinitespire:Beetle Shell":14,"Odd Mushroom":12,"alterego_mod:SomeoneToFightFor":20,"Ancient Tea Set":25,"Cursed Key":34,"ClockworkSouvenir":36,"Blood Vial":23,"infinitespire:Lychee Nut":4,"Gambling Chip":31,"Philosopher\u0027s Stone":17,"animator:LivingPicture":0,"Art of War":9},{"ScarletDevilRocket":5,"animator:TheMissingPiece":0,"Eternal Feather":14,"infinitespire:Beetle Shell":8,"Odd Mushroom":6,"alterego_mod:SomeoneToFightFor":10,"Ancient Tea Set":14,"Cursed Key":18,"ClockworkSouvenir":19,"Blood Vial":12,"infinitespire:Lychee Nut":3,"Gambling Chip":17,"Philosopher\u0027s Stone":9,"animator:LivingPicture":0,"Art of War":4},{"ScarletDevilRocket":30,"animator:TheMissingPiece":0,"Eternal Feather":67,"infinitespire:Beetle Shell":42,"Odd Mushroom":34,"alterego_mod:SomeoneToFightFor":53,"Ancient Tea Set":67,"Cursed Key":85,"ClockworkSouvenir":88,"Blood Vial":60,"infinitespire:Lychee Nut":17,"Gambling Chip":78,"Philosopher\u0027s Stone":49,"animator:LivingPicture":0,"Art of War":22}]},"card_choices":[{"not_picked":["animator:Ciel","animator:Chung"],"picked":"animator:ElricAlphonse","floor":1},{"not_picked":["animator:Shion","animator:TukaLunaMarceau"],"picked":"animator:Hitei","floor":2},{"not_picked":["animator:NagisaMomoe","animator:YaoHaDucy"],"picked":"animator:YuiTsuruno","floor":3},{"not_picked":["animator:Kazuma","animator:Verdia"],"picked":"animator:Vanir","floor":6},{"not_picked":["animator:YaoHaDucy","animator:Lu"],"picked":"animator:Benimaru","floor":10},{"not_picked":["animator:Nanami","animator:HigakiRinne"],"picked":"animator:Sloth","floor":12},{"not_picked":["animator:Hitei","animator:Konayuki"],"picked":"animator:KyokoSakura","floor":13},{"not_picked":["animator:Konayuki","animator:ZankiKiguchi"],"picked":"animator:Arpeggio","floor":14},{"not_picked":["animator:Rimuru","animator:Envy"],"picked":"animator:Eve","floor":16},{"not_picked":["animator:Verdia","animator:Vanir"],"picked":"animator:Mitsurugi","floor":18},{"not_picked":["animator:Pride","animator:Benimaru","animator:Nanami"],"picked":"SKIP","floor":22},{"not_picked":["animator:Emonzaemon+1","animator:HigakiRinne"],"picked":"animator:SuzuneAmano","floor":23},{"not_picked":["animator:Rena+1","animator:Pride+1"],"picked":"animator:Chris","floor":24},{"not_picked":["animator:YachiyoNanami","animator:YuiTsuruno"],"picked":"animator:KyokoSakura","floor":25},{"not_picked":["animator:RoyMustang","animator:GazelDwargon","animator:Vanir"],"picked":"SKIP","floor":27},{"not_picked":["animator:Togame","animator:Bozes"],"picked":"animator:MaesHughes","floor":28},{"not_picked":["animator:ElricAlphonse","animator:Kazuma"],"picked":"animator:Eve","floor":30},{"not_picked":["animator:Eris","animator:Verdia"],"picked":"animator:Chris","floor":35},{"not_picked":["animator:LeleiLaLalena","animator:Emonzaemon+1"],"picked":"animator:Chris","floor":37}],"player_experience":1002699,"relics_obtained":[{"floor":4,"key":"infinitespire:Lychee Nut"},{"floor":9,"key":"Art of War"},{"floor":10,"key":"ScarletDevilRocket"},{"floor":12,"key":"Odd Mushroom"},{"floor":14,"key":"infinitespire:Beetle Shell"},{"floor":23,"key":"Blood Vial"},{"floor":25,"key":"Ancient Tea Set"},{"floor":26,"key":"Eternal Feather"},{"floor":31,"key":"Gambling Chip"}],"event_choices":[{"cards_removed":["animator:Defend"],"damage_healed":0,"gold_gain":0,"player_choice":"Card Removal","damage_taken":0,"max_hp_gain":0,"max_hp_loss":0,"event_name":"The Cleric","floor":5,"gold_loss":50},{"cards_removed":["animator:Strike"],"damage_healed":0,"gold_gain":0,"player_choice":"Card Removal","damage_taken":7,"max_hp_gain":0,"max_hp_loss":0,"event_name":"Golden Wing","floor":8,"gold_loss":0},{"damage_healed":0,"gold_gain":0,"player_choice":"Fought Mushrooms","damage_taken":0,"max_hp_gain":0,"max_hp_loss":0,"event_name":"Mushrooms","floor":12,"gold_loss":0},{"damage_healed":0,"gold_gain":0,"player_choice":"Choice 2","damage_taken":0,"relics_obtained":["alterego_mod:SomeoneToFightFor"],"max_hp_gain":0,"max_hp_loss":0,"event_name":"Secret Garden","floor":20,"gold_loss":0},{"damage_healed":0,"gold_gain":0,"player_choice":"Bet on Murderer","damage_taken":0,"max_hp_gain":0,"max_hp_loss":0,"event_name":"The Joust","floor":21,"gold_loss":50},{"damage_healed":0,"gold_gain":0,"player_choice":"Fight","damage_taken":0,"max_hp_gain":0,"max_hp_loss":0,"event_name":"Mysterious Sphere","floor":38,"gold_loss":0}],"is_beta":false,"boss_relics":[{"not_picked":["Pandora\u0027s Box","hubris:VirtuousBlindfold"],"picked":"Philosopher\u0027s Stone"},{"not_picked":["animator:HolyGrailRelic","Fusion Hammer"],"picked":"Cursed Key"}],"items_purged_floors":[19,36],"is_endless":false,"potions_floor_spawned":[1,6,10,13,18,23,24,30,37],"killed_by":"2 Orb Walkers","ascension_level":1}}