{"host":"krw8kyiy0um8ye49","time":1613854876,"event":{"mods":["BaseMod","Minty Spire (QoL Compilation)","StSLib","The Runesmith"],"gold_per_floor":[116,132,132,4,23,23,49,49,74,74,74,102,114,137,149,256,268,300,322,433,455,467,510,522,534,534],"floor_reached":25,"language":"ENG","playtime":1480,"items_purged":["Regret"],"score":252,"play_id":"5174f710-6a1f-4187-9dd2-b950ba84a117","local_time":"20210220220116","is_ascension_mode":true,"campfire_choices":[{"data":"Runesmith:HammerThrow","floor":6,"key":"SMITH"},{"data":"Runesmith:PoweredAnvil","floor":8,"key":"SMITH"},{"data":"Runesmith:CraftProtectio","floor":15,"key":"SMITH"},{"floor":24,"key":"REST"}],"circlet_count":0,"master_deck":["Runesmith:Strike_RS+1","Runesmith:Strike_RS+1","Runesmith:Strike_RS+1","Runesmith:Strike_RS+1","Runesmith:Defend_RS+1","Runesmith:Defend_RS+1","Runesmith:Defend_RS+1","Runesmith:Defend_RS+1","Runesmith:CraftFirestone+1","Runesmith:Fortify","Jack Of All Trades","Runesmith:HammerAndChisel","Runesmith:HammerThrow+1","Runesmith:CraftProtectio+1","Runesmith:GrandSlam","Runesmith:PoweredAnvil+1","Runesmith:EarthShield+1","Runesmith:Permafrost","Runesmith:DuctTape","Runesmith:HammerTime"],"relics":["Runesmith:BrokenRuby","Orichalcum","Blue Candle","Bag of Preparation","MawBank","Sozu","Frozen Egg 2"],"acts_visited":["Exordium","TheCity"],"potions_floor_usage":[21,23],"damage_taken":[{"damage":1,"enemies":"Small Slimes","floor":1,"turns":4},{"damage":0,"enemies":"Jaw Worm","floor":2,"turns":4},{"damage":0,"enemies":"Cultist","floor":5,"turns":3},{"damage":6,"enemies":"3 Sentries","floor":7,"turns":7},{"damage":20,"enemies":"Gremlin Nob","floor":12,"turns":4},{"damage":0,"enemies":"3 Louse","floor":14,"turns":3},{"damage":8,"enemies":"Hexaghost","floor":16,"turns":10},{"damage":5,"enemies":"Chosen","floor":18,"turns":6},{"damage":5,"enemies":"Spheric Guardian","floor":19,"turns":6},{"damage":41,"enemies":"Cultist and Chosen","floor":21,"turns":9},{"damage":6,"enemies":"Slavers","floor":23,"turns":5},{"damage":37,"enemies":"Gremlin Leader","floor":25,"turns":6}],"seed_played":"5541624085398958753","potions_obtained":[{"floor":5,"key":"Swift Potion"},{"floor":7,"key":"LiquidMemories"}],"is_trial":false,"path_per_floor":["M","M","?","$","M","R","E","R","T","?","?","E","?","M","R","B",null,"M","M","?","M","?","E","R","E"],"character_chosen":"RUNESMITH_CLASS","items_purchased":["Runesmith:CraftProtectio"],"campfire_rested":1,"item_purchase_floors":[4],"current_hp_per_floor":[69,69,69,69,69,69,63,63,63,63,63,43,43,43,43,35,70,65,60,60,19,19,13,34,0,0],"gold":534,"neow_bonus":"RANDOM_COLORLESS","is_daily":false,"chose_seed":false,"campfire_upgraded":3,"win_rate":0.0,"timestamp":1613854876,"path_taken":["M","M","?","$","M","R","E","R","T","?","?","E","?","?","R","BOSS","M","M","?","M","?","E","R","E"],"items_purchased_type":["Card"],"build_version":"2020-12-22","purchased_purges":1,"victory":false,"max_hp_per_floor":[70,70,70,70,70,70,70,70,70,70,70,70,70,70,70,70,70,70,70,70,70,70,70,70,70,70],"card_choices":[{"not_picked":["Deep Breath","Mind Blast"],"picked":"Jack Of All Trades","floor":0},{"not_picked":["Runesmith:ChiselStab","Runesmith:Firestorm"],"picked":"Runesmith:HammerAndChisel","floor":1},{"not_picked":["Runesmith:RuneHurl","Runesmith:Repurpose"],"picked":"Runesmith:HammerThrow","floor":2},{"not_picked":["Runesmith:Grindstone","Runesmith:Overpower"],"picked":"Runesmith:GrandSlam","floor":5},{"not_picked":["Runesmith:PerfectChisel","Runesmith:BackupBattery"],"picked":"Runesmith:PoweredAnvil","floor":7},{"not_picked":["Runesmith:Repurpose","Runesmith:Grindstone"],"picked":"Runesmith:EarthShield","floor":12},{"not_picked":["Runesmith:HammerThrow","Runesmith:OneForEveryone"],"picked":"Runesmith:Permafrost","floor":14},{"not_picked":["Runesmith:MetallurgicalResearch","Runesmith:LastStand"],"picked":"Runesmith:DuctTape","floor":16},{"not_picked":["Runesmith:MakeshiftArmor","Runesmith:CraftProtectio","Runesmith:Repurpose"],"picked":"SKIP","floor":18},{"not_picked":["Runesmith:CraftSpiculum","Runesmith:CraftProtectio","Runesmith:RuneHurl"],"picked":"SKIP","floor":19},{"not_picked":["Runesmith:Grindstone","Runesmith:Prism+1","Runesmith:EarthShield"],"picked":"SKIP","floor":21},{"not_picked":["Runesmith:HammerThrow+1","Runesmith:GoWithTheFlow"],"picked":"Runesmith:HammerTime","floor":23}],"player_experience":211028,"relics_obtained":[{"floor":7,"key":"Blue Candle"},{"floor":9,"key":"Bag of Preparation"},{"floor":12,"key":"MawBank"},{"floor":23,"key":"Frozen Egg 2"}],"event_choices":[{"damage_healed":0,"gold_gain":0,"player_choice":"Box","damage_taken":0,"relics_obtained":["Orichalcum"],"max_hp_gain":0,"max_hp_loss":0,"event_name":"Big Fish","floor":3,"gold_loss":0,"cards_obtained":["Regret"]},{"damage_healed":0,"gold_gain":0,"player_choice":"Grow","damage_taken":0,"max_hp_gain":0,"max_hp_loss":0,"event_name":"Living Wall","floor":10,"gold_loss":0,"cards_upgraded":["Runesmith:CraftFirestone"]},{"damage_healed":0,"gold_gain":0,"player_choice":"Leave","damage_taken":0,"max_hp_gain":0,"max_hp_loss":0,"event_name":"The Cleric","floor":11,"gold_loss":0},{"damage_healed":0,"gold_gain":0,"player_choice":"Forge","damage_taken":0,"max_hp_gain":0,"max_hp_loss":0,"event_name":"Accursed Blacksmith","floor":13,"gold_loss":0,"cards_upgraded":["Runesmith:EarthShield"]},{"damage_healed":0,"gold_gain":99,"player_choice":"Stole From Cult","damage_taken":0,"max_hp_gain":0,"max_hp_loss":0,"event_name":"Nest","floor":20,"gold_loss":0},{"damage_healed":0,"gold_gain":0,"player_choice":"Simplicity","damage_taken":0,"max_hp_gain":0,"max_hp_loss":0,"event_name":"Back to Basics","floor":22,"gold_loss":0,"cards_upgraded":["Runesmith:Strike_RS","Runesmith:Strike_RS","Runesmith:Strike_RS","Runesmith:Strike_RS","Runesmith:Defend_RS","Runesmith:Defend_RS","Runesmith:Defend_RS","Runesmith:Defend_RS"]}],"is_beta":false,"boss_relics":[{"not_picked":["Runesmith:PocketReactor","Velvet Choker"],"picked":"Sozu"}],"items_purged_floors":[4],"is_endless":false,"potions_floor_spawned":[5,7,19],"killed_by":"Gremlin Leader","ascension_level":2}}