{"host":"snd6571rw3150vxe","time":1613785351,"event":{"mods":["AchievementEnabler","BaseMod","Bestiary","Colored Powertips","Highlight Path","Minty Spire (QoL Compilation)","Quick Restart","Random Character Button","Relic Stats","StSLib","slay the spire mod where everything is the same but ironclad has a cowboy hat"],"gold_per_floor":[115,115,115,133,61,61,87,87,141,141,155,179,204,215,215,317,317,335,260,175,175,193,223,223,235,235,252,152,252,252,272,272,372,372,382,406,468,492,130,130,130,130,181,194,194,225,242,242,242,242,242],"floor_reached":50,"language":"ENG","playtime":5768,"items_purged":["Strike_R","Strike_R","Defend_R"],"score":521,"play_id":"734bbfd5-3c8c-4be3-a2c9-f701055b8c44","local_time":"20210220034231","is_ascension_mode":false,"campfire_choices":[{"data":"Dropkick","floor":6,"key":"SMITH"},{"floor":8,"key":"REST"},{"floor":10,"key":"REST"},{"data":"Dropkick","floor":15,"key":"SMITH"},{"floor":24,"key":"REST"},{"floor":32,"key":"REST"},{"data":"Strike_R","floor":40,"key":"PURGE"},{"data":"Defend_R","floor":42,"key":"PURGE"},{"data":"Strike_R+1","floor":49,"key":"PURGE"}],"circlet_count":0,"master_deck":["Strike_R+1","Defend_R+1","Bash+1","Dropkick+1","Dropkick+1"],"relics":["Black Blood","Ornamental Fan","Happy Flower","Odd Mushroom","Orichalcum","SlaversCollar","Tiny Chest","Akabeko","StrikeDummy","Unceasing Top","Shuriken","MawBank","Peace Pipe","Pen Nib","Whetstone","Ginger","Ice Cream"],"acts_visited":["Exordium","TheCity","TheBeyond"],"potions_floor_usage":[23,23,29,31,41,50],"damage_taken":[{"damage":11,"enemies":"Jaw Worm","floor":1,"turns":2},{"damage":5,"enemies":"2 Louse","floor":4,"turns":2},{"damage":42,"enemies":"3 Sentries","floor":7,"turns":10},{"damage":5,"enemies":"Small Slimes","floor":11,"turns":2},{"damage":13,"enemies":"The Mushroom Lair","floor":12,"turns":4},{"damage":20,"enemies":"Lagavulin","floor":13,"turns":5},{"damage":0,"enemies":"2 Fungi Beasts","floor":14,"turns":3},{"damage":42,"enemies":"Hexaghost","floor":16,"turns":9},{"damage":34,"enemies":"Spheric Guardian","floor":18,"turns":6},{"damage":6,"enemies":"Shell Parasite","floor":22,"turns":3},{"damage":41,"enemies":"Book of Stabbing","floor":23,"turns":6},{"damage":6,"enemies":"Cultist and Chosen","floor":25,"turns":4},{"damage":25,"enemies":"Snake Plant","floor":27,"turns":3},{"damage":21,"enemies":"Colosseum Slavers","floor":29,"turns":3},{"damage":16,"enemies":"Colosseum Nobs","floor":29,"turns":5},{"damage":20,"enemies":"Sentry and Sphere","floor":31,"turns":5},{"damage":65,"enemies":"Automaton","floor":33,"turns":8},{"damage":5,"enemies":"Orb Walker","floor":35,"turns":3},{"damage":14,"enemies":"Mind Bloom Boss Battle","floor":37,"turns":6},{"damage":19,"enemies":"3 Shapes","floor":38,"turns":5},{"damage":0,"enemies":"Maw","floor":44,"turns":2},{"damage":58,"enemies":"Reptomancer","floor":46,"turns":3},{"damage":0,"enemies":"Transient","floor":47,"turns":2},{"damage":68,"enemies":"Donu and Deca","floor":50,"turns":4}],"seed_played":"-850713302628236715","potions_obtained":[{"floor":11,"key":"Block Potion"},{"floor":13,"key":"Regen Potion"},{"floor":14,"key":"EssenceOfSteel"},{"floor":23,"key":"Fire Potion"},{"floor":25,"key":"SteroidPotion"},{"floor":27,"key":"Regen Potion"},{"floor":31,"key":"LiquidMemories"},{"floor":33,"key":"LiquidBronze"},{"floor":44,"key":"SmokeBomb"}],"is_trial":false,"path_per_floor":["M","?","?","M","$","R","E","R","T","R","M","?","E","M","R","B",null,"M","$","?","?","M","E","R","M","T","M","$","?","?","M","R","B",null,"M","T","?","M","$","R","$","R","T","M","?","E","M","T","R","B"],"character_chosen":"IRONCLAD","items_purchased":["Dropkick","Pen Nib","Fruit Juice"],"campfire_rested":4,"item_purchase_floors":[5,39,39],"current_hp_per_floor":[75,59,64,65,65,65,29,54,54,79,80,73,59,65,65,29,85,57,57,57,57,57,36,61,61,61,42,42,31,59,45,70,11,85,85,85,83,76,76,76,81,81,81,90,90,44,56,56,56,0,0],"gold":242,"neow_bonus":"UPGRADE_CARD","is_daily":false,"chose_seed":false,"campfire_upgraded":2,"win_rate":0.0,"timestamp":1613785351,"path_taken":["M","?","?","M","?","R","E","R","T","R","M","?","E","M","R","BOSS","M","$","?","?","M","E","R","M","T","M","$","?","?","M","R","BOSS","M","?","?","M","$","R","?","R","T","M","?","E","M","?","R","BOSS"],"items_purchased_type":["Card","Relic","Potion"],"build_version":"2020-12-22","purchased_purges":3,"victory":false,"max_hp_per_floor":[80,80,85,85,85,85,85,85,85,85,85,85,85,85,85,85,85,85,85,85,85,85,85,85,85,85,85,85,85,85,85,85,85,85,85,85,85,85,85,85,90,90,90,90,90,90,90,90,90,90,90],"relic_stats":{"Happy Flower":[30],"counters":[24,105],"Black Blood":164,"Pen Nib":[9],"Whetstone":["Strike_R"],"Ginger":[0],"Orichalcum":[36],"MawBank":36,"Peace Pipe":3,"Ornamental Fan":[292],"Shuriken":[45],"Tiny Chest":2,"obtain_stats":[{"Ice Cream":48,"Happy Flower":9,"Black Blood":34,"Pen Nib":39,"Whetstone":43,"Ginger":46,"Odd Mushroom":12,"Orichalcum":13,"MawBank":36,"Burning Blood":0,"Akabeko":23,"Peace Pipe":37,"SlaversCollar":17,"Ornamental Fan":7,"Shuriken":29,"Tiny Chest":20,"StrikeDummy":26,"Unceasing Top":29},{"Ice Cream":23,"Happy Flower":3,"Black Blood":17,"Pen Nib":20,"Whetstone":20,"Ginger":22,"Odd Mushroom":5,"Orichalcum":6,"MawBank":18,"Burning Blood":0,"Akabeko":11,"Peace Pipe":19,"SlaversCollar":8,"Ornamental Fan":3,"Shuriken":15,"Tiny Chest":9,"StrikeDummy":12,"Unceasing Top":15},{"Ice Cream":101,"Happy Flower":14,"Black Blood":80,"Pen Nib":94,"Whetstone":94,"Ginger":99,"Odd Mushroom":20,"Orichalcum":25,"MawBank":83,"Burning Blood":0,"Akabeko":52,"Peace Pipe":89,"SlaversCollar":37,"Ornamental Fan":14,"Shuriken":67,"Tiny Chest":43,"StrikeDummy":56,"Unceasing Top":67}],"Unceasing Top":[1]},"card_choices":[{"not_picked":["Heavy Blade","Disarm","Intimidate"],"picked":"SKIP","floor":1},{"not_picked":["Pommel Strike","Blood for Blood","Havoc"],"picked":"SKIP","floor":4},{"not_picked":["Wild Strike","Headbutt","Armaments"],"picked":"SKIP","floor":7},{"not_picked":["Headbutt","Perfected Strike"],"picked":"Dropkick","floor":11},{"not_picked":["Havoc","Limit Break","Bloodletting"],"picked":"SKIP","floor":13},{"not_picked":["Flex","Clothesline","Heavy Blade"],"picked":"SKIP","floor":14},{"not_picked":["Body Slam+1","Perfected Strike+1","True Grit"],"picked":"SKIP","floor":18},{"not_picked":["Havoc+1","Clash+1","Twin Strike"],"picked":"SKIP","floor":22},{"not_picked":["Body Slam+1","Cleave+1","Feel No Pain+1"],"picked":"SKIP","floor":23},{"not_picked":["Dropkick","Perfected Strike","Cleave"],"picked":"SKIP","floor":25},{"not_picked":["Perfected Strike","Cleave","Impervious"],"picked":"SKIP","floor":27},{"not_picked":["Shockwave","Entrench+1","Anger+1"],"picked":"SKIP","floor":31},{"not_picked":["Perfected Strike+1","Uppercut+1","Warcry+1"],"picked":"SKIP","floor":35},{"not_picked":["Warcry","Intimidate","Clash+1"],"picked":"SKIP","floor":38},{"not_picked":["Headbutt","Exhume","True Grit+1"],"picked":"SKIP","floor":44},{"not_picked":["Cleave","Exhume","Metallicize"],"picked":"SKIP","floor":46},{"not_picked":["Searing Blow+1","Sword Boomerang+1","Thunderclap"],"picked":"SKIP","floor":47}],"player_experience":370902,"relics_obtained":[{"floor":7,"key":"Ornamental Fan"},{"floor":9,"key":"Happy Flower"},{"floor":12,"key":"Odd Mushroom"},{"floor":13,"key":"Orichalcum"},{"floor":23,"key":"Akabeko"},{"floor":26,"key":"StrikeDummy"},{"floor":29,"key":"Unceasing Top"},{"floor":29,"key":"Shuriken"},{"floor":36,"key":"MawBank"},{"floor":37,"key":"Peace Pipe"},{"floor":43,"key":"Whetstone"},{"floor":46,"key":"Ginger"},{"floor":48,"key":"Ice Cream"}],"event_choices":[{"damage_healed":0,"gold_gain":0,"player_choice":"Entered Light","damage_taken":16,"max_hp_gain":0,"max_hp_loss":0,"event_name":"Shining Light","floor":2,"gold_loss":0,"cards_upgraded":["Strike_R","Defend_R"]},{"damage_healed":0,"gold_gain":0,"player_choice":"Donut","damage_taken":0,"max_hp_gain":5,"max_hp_loss":0,"event_name":"Big Fish","floor":3,"gold_loss":0},{"damage_healed":0,"gold_gain":0,"player_choice":"Fought Mushrooms","damage_taken":0,"max_hp_gain":0,"max_hp_loss":0,"event_name":"Mushrooms","floor":12,"gold_loss":0},{"damage_healed":0,"gold_gain":0,"player_choice":"Obtained Relic","damage_taken":0,"relics_obtained":["Tiny Chest"],"max_hp_gain":0,"max_hp_loss":0,"event_name":"Addict","floor":20,"gold_loss":85},{"cards_removed":["Defend_R"],"damage_healed":0,"gold_gain":0,"player_choice":"Elegance","damage_taken":0,"max_hp_gain":0,"max_hp_loss":0,"event_name":"Back to Basics","floor":21,"gold_loss":0},{"damage_healed":0,"gold_gain":0,"player_choice":"Fight","damage_taken":0,"max_hp_gain":0,"max_hp_loss":0,"event_name":"Colosseum","floor":29,"gold_loss":0},{"damage_healed":0,"gold_gain":0,"player_choice":"Fought Nobs","damage_taken":0,"max_hp_gain":0,"max_hp_loss":0,"event_name":"Colosseum","floor":29,"gold_loss":0},{"damage_healed":28,"gold_gain":0,"player_choice":"Heal","damage_taken":0,"max_hp_gain":0,"max_hp_loss":0,"event_name":"The Library","floor":30,"gold_loss":0},{"damage_healed":0,"gold_gain":0,"player_choice":"Fight","damage_taken":0,"max_hp_gain":0,"max_hp_loss":0,"event_name":"MindBloom","floor":37,"gold_loss":0},{"damage_healed":0,"gold_gain":0,"player_choice":"Memory 1","damage_taken":0,"max_hp_gain":0,"max_hp_loss":0,"event_name":"SensoryStone","floor":45,"gold_loss":0}],"is_beta":false,"boss_relics":[{"not_picked":["Fusion Hammer","Ectoplasm"],"picked":"SlaversCollar"},{"not_picked":["Calling Bell","Cursed Key"],"picked":"Black Blood"}],"items_purged_floors":[19,28,39],"is_endless":false,"potions_floor_spawned":[11,13,14,23,25,27,29,31,33,35,44],"killed_by":"Donu and Deca","ascension_level":0}}