{"host":"6p0attdrtjqaih7v","time":1613849684,"event":{"mods":["2.2 Compatiblity","AchievementEnabler","Bard","BaseMod","Better Skull","Better Third Choice","Card Filter","Colored Powertips","Hermit","Highlight Path","Hubris","Key Reminder","Minty Spire (QoL Compilation)","Permanent Neow","Quick Restart","Random Character Button","Relic Filter","Relic Stats","Reliquary","Replay The Spire","StSLib","The Construct","The Hayseed","The Witch"],"gold_per_floor":[114,128,42,53,63,63,98,109,155,155,26,40,52,80,80,80,80],"floor_reached":16,"language":"ENG","playtime":699,"items_purged":["Strike_R"],"score":228,"play_id":"2beba492-50d7-47d7-9210-fb3954e460c2","local_time":"20210220143444","is_ascension_mode":true,"campfire_choices":[{"data":"Combust","floor":6,"key":"SMITH"},{"data":"Rupture","floor":10,"key":"SMITH"},{"data":"Fiend Fire","floor":15,"key":"SMITH"}],"circlet_count":0,"master_deck":["AscendersBane","Strike_R","Strike_R","Strike_R","Strike_R","Defend_R","Defend_R","Defend_R","Defend_R","Bash","Flame Barrier","Iron Wave","Combust+1","Rupture+1","Pot Of Greed","Pot Of Greed","Iron Wave","True Grit","Fiend Fire+1"],"relics":["Burning Blood","Magic Flower","Grinning Jar","ReplayTheSpireMod:TigerMarble","Smiling Mask"],"acts_visited":["Exordium"],"potions_floor_usage":[8,14,16],"damage_taken":[{"damage":6,"enemies":"Cultist","floor":1,"turns":3},{"damage":14,"enemies":"Jaw Worm","floor":2,"turns":5},{"damage":4,"enemies":"2 Louse","floor":4,"turns":4},{"damage":13,"enemies":"Looter","floor":5,"turns":4},{"damage":24,"enemies":"Replay:BlueRogue","floor":7,"turns":7},{"damage":3,"enemies":"Lots of Slimes","floor":8,"turns":2},{"damage":3,"enemies":"Exordium Wildlife","floor":12,"turns":2},{"damage":13,"enemies":"3 Louse","floor":13,"turns":2},{"damage":47,"enemies":"Gremlin Nob","floor":14,"turns":5},{"damage":32,"enemies":"Hexaghost","floor":16,"turns":8}],"seed_played":"7466245069018916400","potions_obtained":[{"floor":2,"key":"Energy Potion"},{"floor":5,"key":"Adrenaline Potion"}],"is_trial":false,"path_per_floor":["M","M","$","M","M","R","E","M","T","R","$","M","M","E","R","B"],"character_chosen":"IRONCLAD","items_purchased":["Combust","BloodPotion"],"campfire_rested":0,"item_purchase_floors":[3,11],"current_hp_per_floor":[53,48,48,53,49,49,34,40,40,40,40,46,42,27,27,0,0],"gold":80,"neow_bonus":"ONE_RARE_RELIC","is_daily":false,"chose_seed":false,"campfire_upgraded":3,"win_rate":0.0,"timestamp":1613849684,"path_taken":["M","M","?","M","M","R","E","?","T","R","$","M","M","E","R","BOSS"],"items_purchased_type":["Card","Potion"],"build_version":"2020-12-22","purchased_purges":1,"victory":false,"max_hp_per_floor":[75,75,75,75,75,75,75,75,75,75,75,75,75,75,75,75,75],"relic_stats":{"counters":[10,42],"Magic Flower":[35],"Smiling Mask":0,"obtain_stats":[{"Magic Flower":0,"ReplayTheSpireMod:TigerMarble":9,"Grinning Jar":7,"Smiling Mask":14,"Burning Blood":0},{"Magic Flower":0,"ReplayTheSpireMod:TigerMarble":6,"Grinning Jar":5,"Smiling Mask":9,"Burning Blood":0},{"Magic Flower":0,"ReplayTheSpireMod:TigerMarble":25,"Grinning Jar":23,"Smiling Mask":34,"Burning Blood":0}],"Burning Blood":81},"card_choices":[{"not_picked":["Pommel Strike","Heavy Blade"],"picked":"Flame Barrier","floor":1},{"not_picked":["Ghostly Armor","Sword Boomerang"],"picked":"Iron Wave","floor":2},{"not_picked":["Flex","Iron Wave"],"picked":"Rupture","floor":4},{"not_picked":["Warcry","Perfected Strike","Sentinel"],"picked":"SKIP","floor":5},{"not_picked":["Spot Weakness","Headbutt"],"picked":"Iron Wave","floor":7},{"not_picked":["Body Slam","Flex"],"picked":"True Grit","floor":8},{"not_picked":["Berserk","Body Slam","Pommel Strike"],"picked":"SKIP","floor":12},{"not_picked":["Havoc","Pommel Strike","Armaments"],"picked":"SKIP","floor":13},{"not_picked":["Twin Strike","Headbutt"],"picked":"Fiend Fire","floor":14}],"player_experience":1229417,"relics_obtained":[{"floor":7,"key":"Grinning Jar"},{"floor":9,"key":"ReplayTheSpireMod:TigerMarble"},{"floor":14,"key":"Smiling Mask"}],"event_choices":[],"is_beta":false,"boss_relics":[],"items_purged_floors":[11],"is_endless":false,"potions_floor_spawned":[2,5,13],"killed_by":"Hexaghost","ascension_level":20}}