{"host":"dh4nu8nelr2izibb","time":1613782352,"event":{"mods":["BaseMod","Better Skull","Better Third Choice","Card Filter","Card Forge","Curses Come First","Displayed Cursed Tome","HololiveMod","Marisa????????","Minty Spire (QoL Compilation)","Poor People Problems","Quick Restart","Relic Filter","Reliquary","StSLib","The Servant 0.9.4","WarShipGirlsR/????R mod","Yakumo Yukari mod"],"gold_per_floor":[114,114,114,132,145,145,13,48,72,72,147,147,165,179,179,179,179],"floor_reached":16,"language":"ENG","playtime":475,"items_purged":[],"score":195,"play_id":"10158bfa-35a7-42ef-914d-78da3a9f8428","local_time":"20210219195232","is_ascension_mode":true,"campfire_choices":[{"data":"Survivor","floor":6,"key":"SMITH"},{"data":"Footwork","floor":10,"key":"SMITH"},{"floor":12,"key":"REST"},{"data":"Dash","floor":15,"key":"SMITH"}],"circlet_count":0,"master_deck":["AscendersBane","Strike_G","Strike_G","Strike_G","Strike_G","Defend_G","Defend_G","Defend_G","Defend_G","Survivor+1","Neutralize+1","Predator+1","PiercingWail","Slice","Accuracy","Footwork+1","Dash+1","Adrenaline","Acrobatics","Backstab"],"relics":["Ring of the Snake","Hammer of Thor","Seething Fire","Anvil of the Gods","Calipers","PreservedInsect"],"acts_visited":["Exordium"],"potions_floor_usage":[8,16,16],"damage_taken":[{"damage":1,"enemies":"Small Slimes","floor":1,"turns":4},{"damage":4,"enemies":"Jaw Worm","floor":4,"turns":2},{"damage":0,"enemies":"Cultist","floor":5,"turns":3},{"damage":16,"enemies":"3 Sentries","floor":8,"turns":8},{"damage":0,"enemies":"Exordium Wildlife","floor":13,"turns":4},{"damage":10,"enemies":"Gremlin Gang","floor":14,"turns":5},{"damage":41,"enemies":"Hexaghost","floor":16,"turns":9}],"seed_played":"5804079742189817405","potions_obtained":[{"floor":1,"key":"Fire Potion"},{"floor":4,"key":"ColorlessPotion"},{"floor":5,"key":"CultistPotion"},{"floor":14,"key":"AttackPotion"}],"is_trial":false,"path_per_floor":["M","?","?","M","M","R","$","E","T","R","?","R","M","M","R","B"],"character_chosen":"THE_SILENT","items_purchased":["Footwork","Dash"],"campfire_rested":1,"item_purchase_floors":[7,7],"current_hp_per_floor":[58,58,58,54,54,54,54,38,38,38,27,46,46,36,36,0,0],"gold":179,"neow_bonus":"UPGRADE_CARD","is_daily":false,"chose_seed":false,"campfire_upgraded":3,"win_rate":0.0,"timestamp":1613782352,"path_taken":["M","?","?","M","M","R","$","E","T","R","?","R","M","M","R","BOSS"],"items_purchased_type":["Card","Card"],"build_version":"2020-12-22","purchased_purges":0,"victory":false,"max_hp_per_floor":[66,66,66,66,66,66,66,66,66,66,66,66,66,66,66,66,66],"card_choices":[{"not_picked":["Masterful Stab","Quick Slash"],"picked":"Predator","floor":1},{"not_picked":[],"picked":"PiercingWail","floor":2},{"not_picked":["Prepared","Flechettes"],"picked":"Slice","floor":4},{"not_picked":["Poisoned Stab","Flechettes"],"picked":"Accuracy","floor":5},{"not_picked":["Die Die Die","Venomology"],"picked":"Adrenaline","floor":8},{"not_picked":["Slice","Crippling Poison"],"picked":"Acrobatics","floor":13},{"not_picked":["Skewer","Slice"],"picked":"Backstab","floor":14}],"player_experience":1192036,"relics_obtained":[{"floor":8,"key":"Calipers"},{"floor":9,"key":"PreservedInsect"}],"event_choices":[{"damage_healed":0,"gold_gain":0,"player_choice":"Grow","damage_taken":0,"max_hp_gain":0,"max_hp_loss":0,"event_name":"Living Wall","floor":3,"gold_loss":0,"cards_upgraded":["Predator"]},{"damage_healed":0,"gold_gain":75,"player_choice":"Gold","damage_taken":11,"max_hp_gain":0,"max_hp_loss":0,"event_name":"betterThird:BetterGoop","floor":11,"gold_loss":0}],"is_beta":false,"boss_relics":[],"items_purged_floors":[],"is_endless":false,"potions_floor_spawned":[1,4,5,14],"killed_by":"Hexaghost","ascension_level":19}}