{"host":"o9lehcdjc4u6j9un","time":1613835283,"event":{"mods":["Aspiration","BaseMod","Better-Laid Plans","Bossed Relics","Colored Map","Downfall","Gremlin Mod","Hermit","Koishi","Marisa£®ÏF”Í°°ƒß¿Ì…≥£©","Minty Spire (QoL Compilation)","Reimu£®≤©¿ˆ¡È√Œ£©","Remilia£®¿Ÿ√◊¿Ú—«£©","Robot Space Explorer","StSLib","The Alterego","The Hierophant","The Jungle","The Marked","The Runesmith","The Senshi","The Servant 0.9.4","Yakumo Yukari mod","Youmu£®ªÍ∆«—˝√Œ£©","≤–¡Ù÷ÆŒÔ"],"gold_per_floor":[115,128,146,164,89,116,135,155,182,196,229,229,254,268,268,371,371,381,401,451,128,128,158,158,189,189,204,32,32,32,43,43,143,143,153,203,203,53,71,89,89,109,134,162,162,162],"floor_reached":45,"language":"ZHS","playtime":17450,"items_purged":["theSenshi:SailorBlock","theSenshi:SailorBlock","theSenshi:SailorBlock","Shame"],"score":557,"play_id":"2dd0ffe2-c70e-4e29-b3c8-9ac4ae9dbfcd","local_time":"20210220233443","is_ascension_mode":false,"campfire_choices":[{"floor":12,"key":"REST"},{"floor":15,"key":"REST"},{"data":"theSenshi:SailorStarMakerAssists","floor":24,"key":"SMITH"},{"floor":29,"key":"REST"},{"floor":32,"key":"REST"},{"floor":41,"key":"REST"}],"circlet_count":0,"master_deck":["theSenshi:SailorKick","theSenshi:SailorKick","theSenshi:SailorKick","theSenshi:SailorKick","theSenshi:SailorBlock","theSenshi:RoseThrow+1","theSenshi:MoonPrismPowerMakeUp+1","theSenshi:SailorVenusAssists","theSenshi:TuxedoSmokingBomber","theSenshi:InTheNickOfTime+1","theSenshi:SailorChibiMoonAssists","theSenshi:JupitersPower","theSenshi:SailorStarMakerAssists+1","theSenshi:SailorVenusAssists","theSenshi:LateForSchool","theSenshi:MoonPunch","theSenshi:TuxedoSmokingBomber","theSenshi:VenusGlamour","theSenshi:MoonGorgeousMeditation","theSenshi:MercurysCunning","theSenshi:TallSilhouette","theSenshi:InTheNickOfTime","theSenshi:SailorMercuryAssists","theSenshi:LateForSchool","theSenshi:SailorCosmosAssists","CurseOfTheBell","theSenshi:SailorNeptuneAssists+1","theSenshi:Sidestep","theSenshi:TallSilhouette+1"],"relics":["theSenshi:TransformationBroochRelic","Slimebound:StickyStick","Question Card","theSenshi:CutieMoonRodRelic","aspiration:RandomNobGenerator","War Paint","Anchor","aspiration:ChemicalBlood","theSenshi:CrescentMoonWandRelic","theJungle:SneckoAutograph","Calling Bell","MealTicket","PlaceholderMod:SoulofChaos","Lizard Tail","champ:DeflectingBracers","StoneCalendar","Blood Vial","Toxic Egg 2"],"acts_visited":["Exordium","Exordium","TheBeyond"],"potions_floor_usage":[6,6,8,16,19,25,31,31,33,33,33,39,40,40,44],"damage_taken":[{"damage":8,"enemies":"Jaw Worm","floor":1,"turns":5},{"damage":1,"enemies":"Small Slimes","floor":2,"turns":4},{"damage":0,"enemies":"2 Louse","floor":3,"turns":3},{"damage":4,"enemies":"Exordium Wildlife","floor":4,"turns":6},{"damage":6,"enemies":"Gremlin Nob","floor":6,"turns":3},{"damage":0,"enemies":"Looter","floor":7,"turns":3},{"damage":7,"enemies":"Exordium Thugs","floor":8,"turns":4},{"damage":10,"enemies":"2 Fungi Beasts","floor":10,"turns":3},{"damage":17,"enemies":"3 Sentries","floor":11,"turns":7},{"damage":10,"enemies":"Lagavulin","floor":13,"turns":6},{"damage":11,"enemies":"Lots of Slimes","floor":14,"turns":3},{"damage":11,"enemies":"The Guardian","floor":16,"turns":10},{"damage":4,"enemies":"theJungle:Flameango_and_Byrd","floor":18,"turns":3},{"damage":0,"enemies":"theJungle:5_Spyders","floor":19,"turns":4},{"damage":0,"enemies":"theJungle:Cassacara","floor":23,"turns":6},{"damage":2,"enemies":"theJungle:MamaSnecko","floor":25,"turns":3},{"damage":29,"enemies":"theJungle:JungleHuntersEncounter","floor":27,"turns":8},{"damage":57,"enemies":"theJungle:2_Snecko_Cultists","floor":31,"turns":4},{"damage":30,"enemies":"theJungle:QueenSpyder","floor":33,"turns":6},{"damage":13,"enemies":"3 Darklings","floor":35,"turns":7},{"damage":20,"enemies":"Mind Bloom Boss Battle","floor":36,"turns":9},{"damage":53,"enemies":"Orb Walker","floor":39,"turns":7},{"damage":36,"enemies":"Writhing Mass","floor":40,"turns":7},{"damage":10,"enemies":"4 Shapes","floor":42,"turns":3},{"damage":34,"enemies":"Giant Head","floor":44,"turns":8},{"damage":0,"enemies":"3 Darklings","floor":45,"turns":2}],"seed_played":"6755011690624645765","potions_obtained":[{"floor":3,"key":"Explosive Potion"},{"floor":4,"key":"LiquidMemories"},{"floor":7,"key":"Weak Potion"},{"floor":13,"key":"SkillPotion"},{"floor":16,"key":"Fire Potion"},{"floor":18,"key":"Regen Potion"},{"floor":31,"key":"Fire Potion"},{"floor":33,"key":"Swift Potion"},{"floor":39,"key":"SpeedPotion"}],"is_trial":false,"path_per_floor":["M","M","M","M","$","E","M","M","T","M","E","R","E","M","R","B",null,"M","M","?","$","?","E","R","E","T","M","$","R","?","M","R","B",null,"M","?","?","$","M","M","R","M","T","E","M"],"character_chosen":"THE_SENSHI","items_purchased":["War Paint","theSenshi:InTheNickOfTime","theSenshi:LateForSchool"],"campfire_rested":5,"item_purchase_floors":[21,21,28],"current_hp_per_floor":[67,66,66,62,62,56,56,49,49,39,22,44,34,23,45,34,75,71,71,61,61,61,61,61,65,65,36,36,58,58,8,30,26,75,62,45,48,63,13,41,67,57,57,35,37,37],"gold":162,"neow_bonus":"UPGRADE_CARD","is_daily":false,"chose_seed":false,"campfire_upgraded":1,"win_rate":0.0,"timestamp":1613835283,"path_taken":["M","M","M","M","$","E","M","M","T","M","E","R","E","M","R","BOSS","M","M","?","$","?","E","R","E","T","M","?","R","?","M","R","BOSS","M","?","?","$","?","?","R","M","T","E","M"],"items_purchased_type":["Relic","Card","Card"],"build_version":"2020-12-22","purchased_purges":4,"victory":false,"max_hp_per_floor":[75,75,75,75,75,75,75,75,75,75,75,75,75,75,75,75,75,75,75,75,75,75,75,75,75,75,75,75,75,75,75,75,75,75,75,78,81,81,84,87,87,87,87,87,87,87],"card_choices":[{"not_picked":["theSenshi:SchoolBag","theSenshi:InTheNickOfTime"],"picked":"theSenshi:SailorVenusAssists","floor":1},{"not_picked":["theSenshi:RainbowMoonHeartAche","theSenshi:LunasBite"],"picked":"theSenshi:TuxedoSmokingBomber","floor":2},{"not_picked":["theSenshi:LunasBite","theSenshi:EncouragingSpeech"],"picked":"theSenshi:InTheNickOfTime","floor":3},{"not_picked":["theSenshi:MoonPrincessHalation","theSenshi:SailorVenusAssists"],"picked":"theSenshi:SailorChibiMoonAssists","floor":4},{"not_picked":["theSenshi:SailorMarsAssists","theSenshi:MoonPunch"],"picked":"theSenshi:JupitersPower","floor":6},{"not_picked":["theSenshi:TuxedoMaskAssists","theSenshi:MoonPower"],"picked":"theSenshi:SailorStarMakerAssists","floor":7},{"not_picked":["theSenshi:PlutosSolemnity","theSenshi:SailorUranusAssists"],"picked":"theSenshi:SailorVenusAssists","floor":8},{"not_picked":["theSenshi:SailorStarMakerAssists","theSenshi:SupersonicWaves"],"picked":"theSenshi:LateForSchool","floor":10},{"not_picked":["theSenshi:MoonKick","theSenshi:Overload"],"picked":"theSenshi:MoonPunch","floor":11},{"not_picked":["theSenshi:MoonPunch","theSenshi:SailorVenusAssists","theSenshi:SailorPlanetPower"],"picked":"theSenshi:TuxedoSmokingBomber","floor":13},{"not_picked":["theSenshi:StudyParty","theSenshi:SaturnsMystery","theSenshi:LunasBite"],"picked":"theSenshi:VenusGlamour","floor":14},{"not_picked":["theSenshi:InTheNameOfTheMoon","theSenshi:GlimpseOfThePast","theSenshi:SailorStarHealerAssists"],"picked":"theSenshi:MoonGorgeousMeditation","floor":16},{"not_picked":["theSenshi:SailorPlanetAttack+1","theSenshi:TuxedoSmokingBomber","theSenshi:MoonPunch"],"picked":"theSenshi:MercurysCunning","floor":18},{"not_picked":["theSenshi:TuxedoSmokingBomber","theSenshi:SailorMarsAssists","theSenshi:MoonPrincessHalation"],"picked":"theSenshi:TallSilhouette","floor":19},{"not_picked":["theSenshi:LunasBite","theSenshi:MoonsReflection","theSenshi:OdangoHead","theSenshi:SailorUranusAssists"],"picked":"SKIP","floor":23},{"not_picked":["theSenshi:StudyParty","theSenshi:PlutosSolemnity","theSenshi:MoonPrincessHalation","theSenshi:SailorChibiMoonAssists+1"],"picked":"SKIP","floor":25},{"not_picked":["theSenshi:TallSilhouette","theSenshi:LunasBite","theSenshi:TuxedoSmokingBomber+1"],"picked":"theSenshi:SailorMercuryAssists","floor":27},{"not_picked":["theSenshi:MoonPower+1","theSenshi:SailorPlanetAttack","theSenshi:NeptunesGrace+1","theSenshi:EncouragingSpeech"],"picked":"SKIP","floor":31},{"not_picked":["theSenshi:IWillPunishYou","theSenshi:InTheNameOfTheMoon","theSenshi:ChibiMoonsLove"],"picked":"theSenshi:SailorCosmosAssists","floor":33},{"not_picked":["theSenshi:EncouragingSpeech","theSenshi:DramaticEntrance+1","theSenshi:MoonsReflection"],"picked":"theSenshi:SailorNeptuneAssists+1","floor":35},{"not_picked":["theSenshi:MoonPunch","theSenshi:NeptunesGrace","theSenshi:MoonKick","theSenshi:MoonPower+1"],"picked":"SKIP","floor":39},{"not_picked":["theSenshi:MoonTiaraMagic+1","theSenshi:MoonPunch","theSenshi:TallSilhouette"],"picked":"theSenshi:Sidestep","floor":40},{"not_picked":["theSenshi:MoonPrincessHalation+1","theSenshi:MoonCrisisMakeUp","theSenshi:LunasBite+1","theSenshi:MoonKick+1"],"picked":"SKIP","floor":42},{"not_picked":["theSenshi:InTheNameOfTheMoon+1","theSenshi:MoonCrystalPowerMakeUp","theSenshi:DramaticEntrance+1"],"picked":"theSenshi:TallSilhouette+1","floor":44}],"player_experience":377155,"relics_obtained":[{"floor":6,"key":"Slimebound:StickyStick"},{"floor":11,"key":"Question Card"},{"floor":13,"key":"theSenshi:CutieMoonRodRelic"},{"floor":23,"key":"Anchor"},{"floor":25,"key":"aspiration:ChemicalBlood"},{"floor":26,"key":"theSenshi:CrescentMoonWandRelic"},{"floor":34,"key":"MealTicket"},{"floor":34,"key":"PlaceholderMod:SoulofChaos"},{"floor":34,"key":"Lizard Tail"},{"floor":36,"key":"champ:DeflectingBracers"},{"floor":43,"key":"Blood Vial"},{"floor":44,"key":"Toxic Egg 2"}],"event_choices":[{"damage_healed":0,"gold_gain":0,"player_choice":"Fight","damage_taken":0,"max_hp_gain":0,"max_hp_loss":0,"event_name":"MindBloom","floor":36,"gold_loss":0},{"damage_healed":0,"gold_gain":0,"player_choice":"Gave Potion","damage_taken":0,"relics_obtained":["StoneCalendar"],"max_hp_gain":0,"max_hp_loss":0,"event_name":"WeMeetAgain","floor":37,"gold_loss":0}],"is_beta":false,"boss_relics":[{"not_picked":["Coffee Dripper","aspiration:PoetsPen_weak"],"picked":"aspiration:RandomNobGenerator"},{"not_picked":["Runic Dome","Snecko Eye"],"picked":"Calling Bell"}],"items_purged_floors":[5,21,28,38],"is_endless":false,"potions_floor_spawned":[3,4,7,13,16,18,23,27,31,40],"killed_by":"3 Darklings","ascension_level":0}}