{"host":"oehe2dxjvdgux73m","time":1613828166,"event":{"mods":["AchievementEnabler","BaseMod","Colored Map","Colored Powertips","DeckTracker","Keyboard Shortcuts","Minty Spire (QoL Compilation)","Permanent Neow","Quick Restart","StSLib","SuperFastMode"],"gold_per_floor":[111,58,58,78,90,90,120,120,143,143,15,33,49,60,60,60,60],"floor_reached":16,"language":"KOR","playtime":371,"items_purged":[],"score":204,"play_id":"a4170fa1-a8b8-49e7-9b6b-15a50e87d3b7","local_time":"20210220223606","is_ascension_mode":true,"campfire_choices":[{"data":"Reflex","floor":6.0,"key":"SMITH"},{"data":"Skewer","floor":15.0,"key":"SMITH"}],"circlet_count":0,"master_deck":["AscendersBane","Strike_G","Strike_G","Strike_G","Strike_G","Strike_G","Defend_G","Defend_G","Defend_G","Defend_G","Defend_G","Survivor","Neutralize","Calculated Gamble","Blade Dance","Backstab","Reflex+1","Tactician","Acrobatics","Skewer+1"],"relics":["Ring of the Snake","Snake Skull","MealTicket","Toy Ornithopter"],"acts_visited":["Exordium"],"potions_floor_usage":[16],"damage_taken":[{"damage":9.0,"enemies":"Jaw Worm","floor":1.0,"turns":7.0},{"damage":1.0,"enemies":"Cultist","floor":4.0,"turns":4.0},{"damage":3.0,"enemies":"2 Louse","floor":5.0,"turns":2.0},{"damage":19.0,"enemies":"Gremlin Nob","floor":7.0,"turns":4.0},{"damage":2.0,"enemies":"Blue Slaver","floor":12.0,"turns":3.0},{"damage":8.0,"enemies":"Gremlin Gang","floor":13.0,"turns":6.0},{"damage":1.0,"enemies":"Looter","floor":14.0,"turns":3.0},{"damage":28,"enemies":"Slime Boss","floor":16,"turns":7}],"seed_played":"5344105279618163617","potions_obtained":[{"floor":3.0,"key":"GamblersBrew"},{"floor":3.0,"key":"Strength Potion"},{"floor":7.0,"key":"Swift Potion"},{"floor":14.0,"key":"BlessingOfTheForge"}],"is_trial":false,"path_per_floor":["M","$","?","M","M","R","E","?","T","T","$","M","M","M","R","B"],"character_chosen":"THE_SILENT","items_purchased":["Blade Dance","Acrobatics","Skewer"],"campfire_rested":0,"item_purchase_floors":[2,11,11],"current_hp_per_floor":[50,50,50,49,46,46,27,27,27,27,42,40,37,36,36,13,13],"gold":60,"neow_bonus":"RANDOM_COMMON_RELIC","is_daily":false,"chose_seed":false,"campfire_upgraded":2,"win_rate":0.0,"timestamp":1613828166,"path_taken":["M","$","?","M","?","R","E","?","T","?","$","?","M","M","R","BOSS"],"items_purchased_type":["Card","Card","Card"],"build_version":"2020-12-22","purchased_purges":0,"victory":false,"max_hp_per_floor":[66,66,66,66,66,66,66,66,66,66,66,66,66,66,66,66,66],"card_choices":[{"not_picked":["Slice","Choke"],"picked":"Calculated Gamble","floor":1.0},{"not_picked":["Bane","Leg Sweep"],"picked":"Backstab","floor":4.0},{"not_picked":["Dagger Throw","Backflip"],"picked":"Reflex","floor":5.0},{"not_picked":["Slice","Distraction"],"picked":"Tactician","floor":7.0},{"not_picked":["Blade Dance","Tactician","Sucker Punch"],"picked":"SKIP","floor":12.0},{"not_picked":["Dagger Throw","Sucker Punch","Backflip"],"picked":"SKIP","floor":13.0},{"not_picked":["Dagger Spray","Tactician","Slice"],"picked":"SKIP","floor":14.0}],"player_experience":483361,"relics_obtained":[{"floor":7.0,"key":"MealTicket"},{"floor":9.0,"key":"Toy Ornithopter"}],"event_choices":[{"damage_healed":0.0,"max_hp_gain":0.0,"max_hp_loss":0.0,"gold_gain":0.0,"event_name":"Lab","player_choice":"Got Potions","floor":3.0,"gold_loss":0.0,"damage_taken":0.0},{"damage_healed":0.0,"max_hp_gain":0.0,"max_hp_loss":0.0,"gold_gain":0.0,"event_name":"Scrap Ooze","player_choice":"Fled","floor":8.0,"gold_loss":0.0,"damage_taken":0.0}],"is_beta":false,"boss_relics":[],"items_purged_floors":[],"is_endless":false,"potions_floor_spawned":[7,14],"killed_by":"Slime Boss","ascension_level":20}}