{"host":"fuszjwm6fqgjjp4d","time":1613792742,"event":{"mods":["BaseMod","Colored Map","Minty Spire (QoL Compilation)","Permanent Neow","Relic Sorter","Relic Stats","StSLib"],"gold_per_floor":[117,134,134,134,179,206,220,237,263,263,263,282,282,347,347,418,418,428,408,423,443,153,179,179,207,259,259,269,269,303,314,314,385,385,399,446,446,69,87,87,118,118,118,118,118,134,134,159,159,159,159,159,159,26,55,55,55],"floor_reached":56,"language":"ENG","playtime":1077,"items_purged":["Strike_B","Strike_B"],"score":2022,"play_id":"afd571b8-aad4-40b7-8236-030387c1f269","local_time":"20210219214541","is_ascension_mode":true,"campfire_choices":[{"data":"Biased Cognition","floor":10.0,"key":"SMITH"},{"data":"Storm","floor":13.0,"key":"SMITH"},{"data":"Storm","floor":15.0,"key":"SMITH"},{"data":"Loop","floor":24.0,"key":"SMITH"},{"data":"Static Discharge","floor":27.0,"key":"SMITH"},{"data":"Defragment","floor":29.0,"key":"SMITH"},{"data":"Self Repair","floor":32.0,"key":"SMITH"},{"data":"Amplify","floor":40.0,"key":"SMITH"},{"data":"Heatsinks","floor":42.0,"key":"SMITH"},{"data":"Dualcast","floor":44.0,"key":"SMITH"},{"floor":49.0,"key":"RECALL"},{"floor":53.0,"key":"REST"}],"circlet_count":0,"master_deck":["AscendersBane","Strike_B","Defend_B","Defend_B","Defend_B","Defend_B","Dualcast+1","Cold Snap","Self Repair+1","Loop+1","Biased Cognition+1","Compile Driver+1","Storm+1","Storm+1","Core Surge+1","Sweeping Beam+1","Static Discharge+1","Thunder Strike+1","Defragment+1","Undo","Amplify+1","Ball Lightning+1","Heatsinks+1","Defragment+1","Heatsinks","Hologram"],"relics":["Cracked Core","NeowsBlessing","Molten Egg 2","Ancient Tea Set","Cables","PreservedInsect","Bottled Tornado","Du-Vu Doll","Black Star","Nunchaku","Pen Nib","Lizard Tail","Omamori","Smiling Mask","FossilizedHelix","Blood Vial","Busted Crown","StoneCalendar","Gremlin Horn","Darkstone Periapt","Strawberry","Bronze Scales","Bag of Preparation","Toy Ornithopter","Shuriken"],"acts_visited":["Exordium","TheCity","TheBeyond","TheEnding"],"potions_floor_usage":[56],"damage_taken":[{"damage":0.0,"enemies":"Cultist","floor":1.0,"turns":1.0},{"damage":0.0,"enemies":"Small Slimes","floor":2.0,"turns":1.0},{"damage":0.0,"enemies":"Gremlin Nob","floor":6.0,"turns":1.0},{"damage":6.0,"enemies":"2 Louse","floor":7.0,"turns":3.0},{"damage":1.0,"enemies":"Blue Slaver","floor":8.0,"turns":3.0},{"damage":11.0,"enemies":"Gremlin Gang","floor":12.0,"turns":4.0},{"damage":0.0,"enemies":"Lagavulin Event","floor":14.0,"turns":2.0},{"damage":19.0,"enemies":"The Guardian","floor":16.0,"turns":6.0},{"damage":8.0,"enemies":"3 Byrds","floor":18.0,"turns":2.0},{"damage":0.0,"enemies":"Spheric Guardian","floor":20.0,"turns":2.0},{"damage":0.0,"enemies":"Snake Plant","floor":21.0,"turns":2.0},{"damage":18.0,"enemies":"Gremlin Leader","floor":23.0,"turns":3.0},{"damage":14.0,"enemies":"Book of Stabbing","floor":25.0,"turns":2.0},{"damage":0.0,"enemies":"Cultist and Chosen","floor":28.0,"turns":2.0},{"damage":13.0,"enemies":"Slavers","floor":30.0,"turns":2.0},{"damage":0.0,"enemies":"Shelled Parasite and Fungi","floor":31.0,"turns":2.0},{"damage":14.0,"enemies":"Champ","floor":33.0,"turns":6.0},{"damage":4.0,"enemies":"3 Shapes","floor":35.0,"turns":3.0},{"damage":24.0,"enemies":"2 Orb Walkers","floor":36.0,"turns":3.0},{"damage":0.0,"enemies":"Orb Walker","floor":39.0,"turns":2.0},{"damage":1.0,"enemies":"Reptomancer","floor":41.0,"turns":4.0},{"damage":12.0,"enemies":"3 Darklings","floor":46.0,"turns":2.0},{"damage":0.0,"enemies":"Giant Head","floor":48.0,"turns":4.0},{"damage":17.0,"enemies":"Time Eater","floor":50.0,"turns":5.0},{"damage":58.0,"enemies":"Donu and Deca","floor":51.0,"turns":5.0},{"damage":61.0,"enemies":"Shield and Spear","floor":55.0,"turns":3.0},{"damage":122,"enemies":"The Heart","floor":56,"turns":5}],"seed_played":"-7119275923012814241","potions_obtained":[{"floor":2.0,"key":"Ancient Potion"},{"floor":12.0,"key":"AttackPotion"},{"floor":14.0,"key":"EssenceOfSteel"},{"floor":19.0,"key":"Swift Potion"},{"floor":20.0,"key":"PotionOfCapacity"},{"floor":35.0,"key":"Energy Potion"},{"floor":41.0,"key":"Explosive Potion"},{"floor":46.0,"key":"Block Potion"},{"floor":55.0,"key":"SmokeBomb"}],"is_trial":false,"path_per_floor":["M","M","?","?","T","E","M","M","T","R","T","M","R","?","R","B",null,"M","?","M","M","$","E","R","E","T","R","M","R","E","M","R","B",null,"M","?","?","$","M","R","E","R","T","R","?","M","?","E","R","B","B",null,"R","$","E","B"],"character_chosen":"DEFECT","items_purchased":["Static Discharge","Thunder Strike+1","Gremlin Horn","Heatsinks","Heatsinks","Hologram"],"campfire_rested":1,"item_purchase_floors":[22,22,38,38,54,54],"current_hp_per_floor":[64,64,64,59,59,59,60,66,66,66,66,62,62,69,69,57,68,60,60,67,71,71,60,60,46,46,46,46,46,33,35,35,33,62,60,38,38,38,40,40,68,68,68,68,68,58,58,70,70,65,19,63,78,78,17,0,0],"gold":55,"neow_bonus":"THREE_ENEMY_KILL","is_daily":false,"chose_seed":false,"campfire_upgraded":10,"win_rate":0.0,"timestamp":1613792741,"path_taken":["M","?","?","?","?","E","?","M","T","R","?","M","R","?","R","BOSS","M","?","?","M","$","E","R","E","T","R","M","R","E","M","R","BOSS","M","?","?","$","M","R","E","R","T","R","?","?","?","E","R","BOSS","BOSS","R","$","E","BOSS"],"items_purchased_type":["Card","Card","Relic","Card","Card","Card"],"build_version":"2020-12-22","purchased_purges":2,"victory":false,"max_hp_per_floor":[71,71,71,71,71,71,71,71,71,71,71,71,71,71,71,71,71,71,71,71,71,71,71,71,71,71,71,71,71,71,71,71,71,71,71,71,71,71,71,71,78,78,78,78,78,78,78,78,78,78,78,78,78,78,78,78,78],"relic_stats":{"Darkstone Periapt":0,"Gremlin Horn":[8,8],"counters":[27,79],"StoneCalendar":[0],"PreservedInsect":444,"Pen Nib":[4],"Bag of Preparation":[8],"Smiling Mask":50,"Cables":[61,58,3,0,0],"Blood Vial":22,"Nunchaku":[4],"Lizard Tail":39,"Busted Crown":16,"Shuriken":[0],"Bronze Scales":[94],"Black Star":6,"obtain_stats":[{"Darkstone Periapt":41,"Gremlin Horn":38,"StoneCalendar":36,"Bag of Preparation":48,"Bottled Tornado":11,"Ancient Tea Set":5,"Smiling Mask":26,"Blood Vial":30,"Nunchaku":23,"Lizard Tail":25,"Strawberry":41,"Cracked Core":0,"NeowsBlessing":0,"PreservedInsect":9,"Pen Nib":23,"Omamori":25,"Cables":6,"Du-Vu Doll":14,"Busted Crown":34,"Shuriken":55,"Bronze Scales":48,"Molten Egg 2":4,"Black Star":17,"FossilizedHelix":30,"Toy Ornithopter":55},{"Darkstone Periapt":21,"Gremlin Horn":19,"StoneCalendar":19,"Bag of Preparation":23,"Bottled Tornado":5,"Ancient Tea Set":2,"Smiling Mask":13,"Blood Vial":15,"Nunchaku":12,"Lizard Tail":13,"Strawberry":21,"Cracked Core":0,"NeowsBlessing":0,"PreservedInsect":5,"Pen Nib":12,"Omamori":13,"Cables":3,"Du-Vu Doll":7,"Busted Crown":17,"Shuriken":26,"Bronze Scales":23,"Molten Egg 2":2,"Black Star":8,"FossilizedHelix":15,"Toy Ornithopter":26},{"Darkstone Periapt":55,"Gremlin Horn":49,"StoneCalendar":49,"Bag of Preparation":61,"Bottled Tornado":9,"Ancient Tea Set":2,"Smiling Mask":32,"Blood Vial":36,"Nunchaku":30,"Lizard Tail":32,"Strawberry":55,"Cracked Core":0,"NeowsBlessing":0,"PreservedInsect":9,"Pen Nib":30,"Omamori":32,"Cables":3,"Du-Vu Doll":15,"Busted Crown":44,"Shuriken":74,"Bronze Scales":61,"Molten Egg 2":2,"Black Star":21,"FossilizedHelix":36,"Toy Ornithopter":74}],"Toy Ornithopter":5},"card_choices":[{"not_picked":["Leap","Beam Cell"],"picked":"Cold Snap","floor":1.0},{"not_picked":["BootSequence","Reprogram"],"picked":"Self Repair","floor":2.0},{"not_picked":["Go for the Eyes+1","Redo"],"picked":"Loop","floor":6.0},{"not_picked":["Rebound+1","BootSequence"],"picked":"Biased Cognition","floor":7.0},{"not_picked":["Aggregate","Coolheaded"],"picked":"Compile Driver+1","floor":8.0},{"not_picked":["Leap","Rebound+1"],"picked":"Storm","floor":12.0},{"not_picked":["Darkness","Turbo"],"picked":"Storm","floor":14.0},{"not_picked":["Machine Learning","Creative AI"],"picked":"Core Surge+1","floor":16.0},{"not_picked":["Leap","Rip and Tear+1"],"picked":"Sweeping Beam+1","floor":18.0},{"not_picked":["Go for the Eyes+1","Compile Driver+1","Beam Cell+1"],"picked":"SKIP","floor":20.0},{"not_picked":["Rebound+1","Leap","Redo"],"picked":"SKIP","floor":21.0},{"not_picked":["Genetic Algorithm","Cold Snap+1","Compile Driver+1"],"picked":"SKIP","floor":23.0},{"not_picked":["Blizzard+1","Undo","Auto Shields"],"picked":"SKIP","floor":25.0},{"not_picked":["Reinforced Body","Gash+1"],"picked":"Defragment","floor":28.0},{"not_picked":["Compile Driver+1","Turbo","Gash+1"],"picked":"SKIP","floor":30.0},{"not_picked":["Hyperbeam+1","Streamline+1"],"picked":"Undo","floor":31.0},{"not_picked":["Electrodynamics","Multi-Cast"],"picked":"Amplify","floor":33.0},{"not_picked":["Conserve Battery+1"],"picked":"SKIP","floor":35.0},{"not_picked":[],"picked":"Ball Lightning+1","floor":36.0},{"not_picked":["Blizzard+1"],"picked":"SKIP","floor":39.0},{"not_picked":[],"picked":"Defragment+1","floor":41.0},{"not_picked":["Steam"],"picked":"SKIP","floor":46.0},{"not_picked":["Ball Lightning+1"],"picked":"SKIP","floor":48.0},{"not_picked":["Consume"],"picked":"SKIP","floor":55.0}],"player_experience":1504313,"relics_obtained":[{"floor":5.0,"key":"Ancient Tea Set"},{"floor":6.0,"key":"Cables"},{"floor":9.0,"key":"PreservedInsect"},{"floor":11.0,"key":"Bottled Tornado"},{"floor":14.0,"key":"Du-Vu Doll"},{"floor":23.0,"key":"Nunchaku"},{"floor":23.0,"key":"Pen Nib"},{"floor":25.0,"key":"Lizard Tail"},{"floor":25.0,"key":"Omamori"},{"floor":26.0,"key":"Smiling Mask"},{"floor":30.0,"key":"FossilizedHelix"},{"floor":30.0,"key":"Blood Vial"},{"floor":36.0,"key":"StoneCalendar"},{"floor":41.0,"key":"Darkstone Periapt"},{"floor":41.0,"key":"Strawberry"},{"floor":48.0,"key":"Bronze Scales"},{"floor":48.0,"key":"Bag of Preparation"},{"floor":55.0,"key":"Toy Ornithopter"},{"floor":55.0,"key":"Shuriken"}],"event_choices":[{"damage_healed":0.0,"max_hp_gain":0.0,"max_hp_loss":0.0,"gold_gain":0.0,"event_name":"Living Wall","player_choice":"Grow","floor":3.0,"gold_loss":0.0,"damage_taken":0.0,"cards_upgraded":["Zap"]},{"damage_healed":0.0,"max_hp_gain":0.0,"max_hp_loss":0.0,"gold_gain":0.0,"event_name":"Scrap Ooze","player_choice":"Success","floor":4.0,"gold_loss":0.0,"damage_taken":5.0,"relics_obtained":["Molten Egg 2"]},{"damage_healed":0.0,"max_hp_gain":0.0,"max_hp_loss":0.0,"gold_gain":0.0,"event_name":"Dead Adventurer","player_choice":"Searched \u00272\u0027 times","floor":14.0,"gold_loss":0.0,"damage_taken":0.0},{"damage_healed":0.0,"max_hp_gain":0.0,"max_hp_loss":0.0,"gold_gain":0.0,"event_name":"The Woman in Blue","player_choice":"Bought 1 Potion","floor":19.0,"gold_loss":0.0,"damage_taken":0.0},{"damage_healed":0.0,"max_hp_gain":0.0,"max_hp_loss":0.0,"gold_gain":0.0,"event_name":"Mysterious Sphere","player_choice":"Fight","floor":36.0,"gold_loss":0.0,"damage_taken":0.0},{"damage_healed":0.0,"max_hp_gain":0.0,"max_hp_loss":0.0,"gold_gain":0.0,"event_name":"SensoryStone","player_choice":"Memory 1","floor":37.0,"gold_loss":0.0,"damage_taken":0.0},{"cards_removed":["Strike_B"],"damage_healed":0.0,"max_hp_gain":0.0,"max_hp_loss":0.0,"gold_gain":0.0,"event_name":"Purifier","player_choice":"Purged","floor":45.0,"gold_loss":0.0,"damage_taken":0.0},{"cards_removed":["Zap"],"damage_healed":0.0,"max_hp_gain":0.0,"max_hp_loss":0.0,"gold_gain":0.0,"event_name":"Falling","player_choice":"Removed Skill","floor":47.0,"gold_loss":0.0,"damage_taken":0.0}],"is_beta":false,"boss_relics":[{"not_picked":["Tiny House","SlaversCollar"],"picked":"Black Star"},{"not_picked":["FrozenCore","Snecko Eye"],"picked":"Busted Crown"}],"items_purged_floors":[22,38],"is_endless":false,"potions_floor_spawned":[2,12,14,16,20,21,25,35,41,46,55],"killed_by":"The Heart","ascension_level":20}}