{"host":"du3j2mdkciet31iv","time":1613819615,"event":{"mods":["BaseMod","Minty Spire (QoL Compilation)","Relic Stats","StSLib"],"gold_per_floor":[112,123,142,158,178,178,190,217,217,217,232,232,14,14,14,145,145,160,85,37,37,52,85,110,130,130,130,151,186,202,221,221,340,340,360,383,27,50,65,98,157,191,215,215,228,271,271,119,119,119,119],"floor_reached":50,"language":"ENG","playtime":5524,"items_purged":["Neutralize","Strike_G"],"score":603,"play_id":"ae4b4531-284f-4755-9030-604d8e1c2cd9","local_time":"20210220131335","is_ascension_mode":false,"campfire_choices":[{"data":"Choke","floor":6,"key":"SMITH"},{"data":"Underhanded Strike","floor":10,"key":"SMITH"},{"data":"Underhanded Strike","floor":12,"key":"SMITH"},{"data":"Riddle With Holes","floor":15,"key":"SMITH"},{"data":"Reflex","floor":27,"key":"SMITH"},{"data":"Underhanded Strike","floor":32,"key":"SMITH"},{"data":"Choke","floor":47,"key":"SMITH"},{"data":"Prepared","floor":49,"key":"SMITH"}],"circlet_count":0,"master_deck":["Strike_G","Strike_G","Strike_G","Defend_G","Defend_G","Defend_G","Defend_G","Defend_G","Survivor","Choke+1","Underhanded Strike+1","Dash","All Out Attack","Underhanded Strike+1","Prepared+1","Backflip","Riddle With Holes+1","Dash","Night Terror","Reflex+1","Underhanded Strike+1","Choke+1","Crippling Poison","A Thousand Cuts","Leg Sweep+1","Bouncing Flask+1","Prepared+1","Corpse Explosion"],"relics":["Snecko Eye","Potion Belt","Ornamental Fan","Golden Idol","Lizard Tail","TungstenRod","Paper Crane","SlaversCollar","Question Card","CaptainsWheel","Happy Flower","Orichalcum","Gremlin Horn","Cauldron"],"acts_visited":["Exordium","TheCity","TheBeyond"],"potions_floor_usage":[7,16,23,23,31,31,33,33,33,39,40,42,46,50,50,50,50],"damage_taken":[{"damage":0,"enemies":"Cultist","floor":1,"turns":4},{"damage":0,"enemies":"Jaw Worm","floor":2,"turns":2},{"damage":0,"enemies":"2 Louse","floor":3,"turns":2},{"damage":0,"enemies":"Large Slime","floor":4,"turns":4},{"damage":0,"enemies":"Blue Slaver","floor":5,"turns":2},{"damage":0,"enemies":"Gremlin Gang","floor":7,"turns":1},{"damage":13,"enemies":"Lagavulin","floor":8,"turns":7},{"damage":0,"enemies":"2 Fungi Beasts","floor":11,"turns":1},{"damage":30,"enemies":"The Guardian","floor":16,"turns":11},{"damage":5,"enemies":"Spheric Guardian","floor":18,"turns":3},{"damage":7,"enemies":"Shell Parasite","floor":22,"turns":4},{"damage":4,"enemies":"Slavers","floor":23,"turns":4},{"damage":0,"enemies":"Centurion and Healer","floor":24,"turns":3},{"damage":20,"enemies":"Cultist and Chosen","floor":25,"turns":7},{"damage":6,"enemies":"3 Cultists","floor":28,"turns":4},{"damage":16,"enemies":"Gremlin Leader","floor":29,"turns":6},{"damage":0,"enemies":"Snecko","floor":30,"turns":3},{"damage":2,"enemies":"Snake Plant","floor":31,"turns":3},{"damage":39,"enemies":"Automaton","floor":33,"turns":9},{"damage":17,"enemies":"Orb Walker","floor":35,"turns":4},{"damage":9,"enemies":"3 Shapes","floor":36,"turns":5},{"damage":9,"enemies":"3 Darklings","floor":38,"turns":3},{"damage":0,"enemies":"Transient","floor":39,"turns":5},{"damage":1,"enemies":"Nemesis","floor":40,"turns":9},{"damage":0,"enemies":"2 Orb Walkers","floor":41,"turns":3},{"damage":7,"enemies":"Giant Head","floor":42,"turns":7},{"damage":0,"enemies":"Spire Growth","floor":45,"turns":5},{"damage":0,"enemies":"Reptomancer","floor":46,"turns":6},{"damage":22,"enemies":"Donu and Deca","floor":50,"turns":5}],"seed_played":"-8710225733292282221","potions_obtained":[{"floor":2,"key":"SpeedPotion"},{"floor":3,"key":"AttackPotion"},{"floor":11,"key":"Block Potion"},{"floor":16,"key":"Poison Potion"},{"floor":22,"key":"AttackPotion"},{"floor":29,"key":"PowerPotion"},{"floor":30,"key":"SteroidPotion"},{"floor":31,"key":"Block Potion"},{"floor":33,"key":"Regen Potion"},{"floor":35,"key":"GamblersBrew"},{"floor":36,"key":"SkillPotion"},{"floor":40,"key":"LiquidMemories"},{"floor":42,"key":"Weak Potion"},{"floor":48,"key":"SteroidPotion"},{"floor":48,"key":"CultistPotion"},{"floor":48,"key":"ColorlessPotion"},{"floor":48,"key":"DistilledChaos"},{"floor":48,"key":"CultistPotion"}],"is_trial":false,"path_per_floor":["M","M","M","M","M","R","M","E","T","R","M","R","$","?","R","B",null,"M","?","$","?","M","E","M","M","T","R","M","E","M","M","R","B",null,"M","M","$","M","M","E","?","E","T","?","M","E","R","$","R","B"],"character_chosen":"THE_SILENT","items_purchased":["Riddle With Holes","Dash","Strength Potion","Choke","Crippling Poison","A Thousand Cuts","Cauldron"],"campfire_rested":0,"item_purchase_floors":[13,13,20,37,37,37,48],"current_hp_per_floor":[70,70,70,70,70,70,70,57,57,57,57,57,57,57,57,27,65,60,60,60,60,53,49,49,29,29,29,23,7,7,5,5,22,65,48,39,39,30,30,29,29,22,22,22,22,22,22,22,22,0,0],"gold":119,"neow_bonus":"BOSS_RELIC","is_daily":false,"chose_seed":false,"campfire_upgraded":8,"win_rate":0.0,"timestamp":1613819615,"path_taken":["M","M","M","M","M","R","M","E","T","R","M","R","$","?","R","BOSS","M","?","$","?","M","E","M","M","T","R","M","E","M","M","R","BOSS","M","M","$","M","M","E","?","E","T","?","M","E","R","$","R","BOSS"],"items_purchased_type":["Card","Card","Potion","Card","Card","Card","Relic"],"build_version":"2020-12-22","purchased_purges":2,"victory":false,"max_hp_per_floor":[70,70,70,70,70,70,70,70,70,70,70,70,70,65,65,65,65,65,65,65,65,65,65,65,65,65,65,65,65,65,65,65,65,65,65,65,65,65,65,65,65,65,65,65,65,65,65,65,65,65,65],"relic_stats":{"Lizard Tail":32,"Happy Flower":[5],"Gremlin Horn":[0,0],"counters":[29,132],"Ornamental Fan":[228],"Golden Idol":145,"Snecko Eye":[267,227,249,277],"Orichalcum":[6],"Question Card":5,"obtain_stats":[{"Potion Belt":8,"Happy Flower":42,"Gremlin Horn":46,"Golden Idol":14,"Paper Crane":29,"Orichalcum":43,"Question Card":40,"SlaversCollar":34,"Cauldron":48,"Lizard Tail":23,"CaptainsWheel":41,"Ornamental Fan":9,"Snecko Eye":0,"TungstenRod":26,"Ring of the Snake":0},{"Potion Belt":7,"Happy Flower":26,"Gremlin Horn":28,"Golden Idol":8,"Paper Crane":16,"Orichalcum":26,"Question Card":24,"SlaversCollar":19,"Cauldron":28,"Lizard Tail":12,"CaptainsWheel":25,"Ornamental Fan":7,"Snecko Eye":0,"TungstenRod":14,"Ring of the Snake":0},{"Potion Belt":22,"Happy Flower":116,"Gremlin Horn":127,"Golden Idol":23,"Paper Crane":65,"Orichalcum":116,"Question Card":106,"SlaversCollar":80,"Cauldron":127,"Lizard Tail":45,"CaptainsWheel":109,"Ornamental Fan":22,"Snecko Eye":0,"TungstenRod":55,"Ring of the Snake":0}],"TungstenRod":20},"card_choices":[{"not_picked":["Prepared","Acrobatics"],"picked":"Choke","floor":1},{"not_picked":["Sucker Punch","Dagger Throw"],"picked":"Underhanded Strike","floor":2},{"not_picked":["Masterful Stab","Prepared"],"picked":"Dash","floor":3},{"not_picked":["Escape Plan","Flechettes"],"picked":"All Out Attack","floor":4},{"not_picked":["Escape Plan","Dodge and Roll"],"picked":"Underhanded Strike","floor":5},{"not_picked":["Flechettes","Well Laid Plans"],"picked":"Prepared","floor":7},{"not_picked":["Doppelganger","Flying Knee","Dagger Throw"],"picked":"SKIP","floor":8},{"not_picked":["PiercingWail","Calculated Gamble"],"picked":"Backflip","floor":11},{"not_picked":["Tools of the Trade","Adrenaline"],"picked":"Night Terror","floor":16},{"not_picked":["Infinite Blades","Slice","Blade Dance"],"picked":"SKIP","floor":18},{"not_picked":["Acrobatics","Blade Dance","Dagger Throw"],"picked":"SKIP","floor":22},{"not_picked":["Acrobatics","Blade Dance","Dagger Throw"],"picked":"SKIP","floor":22},{"not_picked":["Acrobatics","Blade Dance","Dagger Throw"],"picked":"SKIP","floor":22},{"not_picked":["Acrobatics","Blade Dance","Dagger Throw"],"picked":"SKIP","floor":22},{"not_picked":["Poisoned Stab","Deflect","Terror"],"picked":"SKIP","floor":23},{"not_picked":["Poisoned Stab","Quick Slash+1","Skewer"],"picked":"SKIP","floor":24},{"not_picked":["Poisoned Stab","Backflip"],"picked":"Reflex","floor":25},{"not_picked":["Blade Dance","Unload","Expertise"],"picked":"SKIP","floor":28},{"not_picked":["Infinite Blades+1","Blade Dance+1","Heel Hook"],"picked":"SKIP","floor":29},{"not_picked":["Infinite Blades","Poisoned Stab","Deadly Poison"],"picked":"SKIP","floor":30},{"not_picked":["Prepared","Slice+1"],"picked":"Underhanded Strike","floor":31},{"not_picked":["Poisoned Stab","Sucker Punch","Expertise+1"],"picked":"SKIP","floor":35},{"not_picked":["Backstab","Outmaneuver+1","Sucker Punch+1"],"picked":"SKIP","floor":36},{"not_picked":["Dagger Throw+1","Poisoned Stab","Calculated Gamble+1"],"picked":"SKIP","floor":38},{"not_picked":["Footwork+1","Backflip"],"picked":"Leg Sweep+1","floor":39},{"not_picked":["PiercingWail+1","Outmaneuver"],"picked":"Bouncing Flask+1","floor":40},{"not_picked":["Catalyst+1","Deadly Poison","PiercingWail+1"],"picked":"Prepared","floor":41},{"not_picked":["Dodge and Roll+1","Poisoned Stab","Dagger Throw","Outmaneuver"],"picked":"SKIP","floor":42},{"not_picked":["Terror+1","Acrobatics+1","Dagger Spray+1"],"picked":"Corpse Explosion","floor":45},{"not_picked":["Expertise","Skewer+1","Catalyst+1","Dagger Spray"],"picked":"SKIP","floor":46}],"player_experience":18931,"relics_obtained":[{"floor":8,"key":"Potion Belt"},{"floor":9,"key":"Ornamental Fan"},{"floor":23,"key":"Lizard Tail"},{"floor":26,"key":"TungstenRod"},{"floor":29,"key":"Paper Crane"},{"floor":40,"key":"Question Card"},{"floor":41,"key":"CaptainsWheel"},{"floor":42,"key":"Happy Flower"},{"floor":43,"key":"Orichalcum"},{"floor":46,"key":"Gremlin Horn"}],"event_choices":[{"damage_healed":0,"gold_gain":0,"player_choice":"Lose Max HP","damage_taken":0,"relics_obtained":["Golden Idol"],"max_hp_gain":0,"max_hp_loss":5,"event_name":"Golden Idol","floor":14,"gold_loss":0},{"cards_removed":["Strike_G"],"damage_healed":0,"gold_gain":0,"player_choice":"Gave Gold","damage_taken":0,"max_hp_gain":0,"max_hp_loss":0,"event_name":"Beggar","floor":19,"gold_loss":75},{"damage_healed":0,"gold_gain":0,"player_choice":"Ignored","damage_taken":0,"max_hp_gain":0,"max_hp_loss":0,"event_name":"Vampires","floor":21,"gold_loss":0},{"damage_healed":0,"gold_gain":0,"player_choice":"Fight","damage_taken":0,"max_hp_gain":0,"max_hp_loss":0,"event_name":"Mysterious Sphere","floor":41,"gold_loss":0},{"damage_healed":0,"gold_gain":0,"player_choice":"Upgraded","damage_taken":0,"max_hp_gain":0,"max_hp_loss":0,"event_name":"Upgrade Shrine","floor":44,"gold_loss":0,"cards_upgraded":["Prepared"]}],"is_beta":false,"boss_relics":[{"not_picked":["Runic Pyramid","Fusion Hammer","WristBlade"]},{"not_picked":["Black Star","Empty Cage"],"picked":"SlaversCollar"}],"items_purged_floors":[13,37],"is_endless":false,"potions_floor_spawned":[2,3,11,16,22,29,30,31,33,35,36,40,42],"killed_by":"Donu and Deca","ascension_level":0}}