{"host":"hfxahm4y1ssattqc","time":1613862448,"event":{"mods":["2.2 Compatiblity","Act Like it!","Aspiration","BaseMod","Beaked The Cultist","Better Third Choice","BetterRewards","Colored Map","Colored Powertips","Custom Start","Downfall","Googly Eyes","Halation","Hallownest","Hermit","Highlight Path","Hubris","Infinite Spire","Mimic Mod","Minty Spire (QoL Compilation)","Reorder Act Four","Replay The Spire","Shop Mod","Spikes Relics","StSLib","The Bug Knight","The IronCluck","The Jungle","Unknown Chances","slay the spire mod where everything is the same but ironclad has a cowboy hat"],"gold_per_floor":[99,118,130,130,130,140,222,222,257,274,308,308,342,374,389,489,489,489,503,503,503,189,203,240,240,268,268,268,268,297,346,382,508,508,508,525,560,481,481,481,481,539,339,368,368,416,440,113,135,161],"floor_reached":51,"language":"ENG","playtime":3115,"items_purged":[],"score":865,"play_id":"03ea4d65-0084-4bb1-8e53-18fdee43b754","local_time":"20210220150728","is_ascension_mode":false,"campfire_choices":[{"data":"Replay:Sssssssssshield","floor":1.0,"key":"SMITH"},{"data":"champ:GladiatorStyle","floor":8.0,"key":"SMITH"},{"data":"champ:Duel","floor":12.0,"key":"SMITH"},{"data":"champ:GladiatorForm","floor":18.0,"key":"SMITH"},{"data":"infinitespire:Starlight","floor":29.0,"key":"SMITH"},{"data":"Demon Form","floor":35,"key":"SMITH"},{"floor":43,"key":"RECALL"}],"circlet_count":0,"master_deck":["champ:Strike","champ:Strike","champ:Defend","champ:Defend","champ:Defend","champ:Defend","champ:Execute","champ:Taunt+1","Replay:Sssssssssshield+1","champ:GutPunch","champ:RisingSlash","champ:GladiatorStyle+1","champ:EnragedBash+1","champ:Duel+1","champ:IronFortress","champ:SwordThrow","champ:GladiatorForm+1","champ:BerserkerStyle","champ:HeartStrike","champ:BerserkerStyle","champ:AdrenalArmor","champ:ShieldWall","infinitespire:Starlight+1","champ:Improvising","champ:FaceSlap","champ:MurderStrike","Demon Form+1","champ:ShieldWall+1","champ:FocusedBerserking+1","champ:CalledShot+1","champ:FanOfKnives+1","Apotheosis"],"relics":["champ:ChampionCrown","hubris:Towel","RetroEgg","Vajra","aspiration:HummingbirdHeart","Replay:Rubber Ducky","aspiration:Lifesprig","ReplayTheSpireMod:Shallot","Empty Cage","Replay:Baseball","infinitespire:Midas Blood","SpikesRelics:ToyHorsey","hubris:EvacipatedBox","Cauldron","infinitespire:Satchel","beaked:SacredDeck","hubris:CuriousFeather","FossilizedHelix","halation:VictoryRuler","downfall:HeartBlessingGreen","downfall:HeartBlessingBlue","Happy Flower","ClockworkSouvenir"],"acts_visited":["Exordium","TheCity","TheBeyond"],"potions_floor_usage":[],"damage_taken":[{"damage":10.0,"enemies":"2 Louse","floor":2.0,"turns":4.0},{"damage":5.0,"enemies":"Cultist","floor":3.0,"turns":4.0},{"damage":29.0,"enemies":"Jaw Worm","floor":6.0,"turns":4.0},{"damage":44.0,"enemies":"Replay:BlueRogue","floor":9.0,"turns":7.0},{"damage":21.0,"enemies":"2 Fungi Beasts","floor":10.0,"turns":3.0},{"damage":63.0,"enemies":"3 Sentries","floor":11.0,"turns":7.0},{"damage":35.0,"enemies":"Large Slime","floor":13.0,"turns":5.0},{"damage":10.0,"enemies":"Replay:BlueRogue","floor":14.0,"turns":5.0},{"damage":26.0,"enemies":"Large Slime","floor":15.0,"turns":4.0},{"damage":31.0,"enemies":"SI_SHIV_ARCHETYPE","floor":16.0,"turns":7.0},{"damage":49.0,"enemies":"3 Byrds","floor":19.0,"turns":6.0},{"damage":30.0,"enemies":"downfall:FleeingMerchant","floor":22.0,"turns":4.0},{"damage":46.0,"enemies":"Shell Parasite","floor":23.0,"turns":5.0},{"damage":28.0,"enemies":"Snake Plant","floor":24.0,"turns":5.0},{"damage":54.0,"enemies":"Snake Plant","floor":26.0,"turns":6.0},{"damage":47,"enemies":"Shelled Parasite and Fungi","floor":30,"turns":4},{"damage":77,"enemies":"Replay:Snechameleon","floor":31,"turns":7},{"damage":68,"enemies":"Centurion and Healer","floor":32,"turns":6},{"damage":103,"enemies":"DF_ARCHETYPE_CLAW","floor":33,"turns":6},{"damage":17,"enemies":"Orb Walker","floor":36,"turns":4},{"damage":70,"enemies":"3 Shapes","floor":37,"turns":8},{"damage":12,"enemies":"downfall:FleeingMerchant","floor":38,"turns":4},{"damage":67,"enemies":"Jaw Worm Horde","floor":42,"turns":7},{"damage":41,"enemies":"Jaw Worm Horde","floor":44,"turns":4},{"damage":64,"enemies":"Giant Head","floor":46,"turns":7},{"damage":50,"enemies":"Transient","floor":47,"turns":5},{"damage":32,"enemies":"downfall:FleeingMerchant","floor":48,"turns":4},{"damage":33,"enemies":"3 Darklings","floor":49,"turns":4},{"damage":99,"enemies":"WA_ARCHETYPE_DIVINITY","floor":50,"turns":7}],"seed_played":"-2389004926223909034","potions_obtained":[{"floor":3.0,"key":"LiquidMemories"},{"floor":6.0,"key":"BlessingOfTheForge"},{"floor":10.0,"key":"ColorlessPotion"},{"floor":27.0,"key":"champ:UltimateStancePotion"},{"floor":28.0,"key":"Guardian:BlockOnCardUsePotion"}],"is_trial":false,"path_per_floor":["R","M","M","?","?","M","T","R","E","M","E","R","MIM","E","M","B",null,"R","M","?","?","$","M","MIM","$","M","?","AVR","R","M","E","M","B",null,"R","M","M","$","?","?","T","MIM","R","M","?","E","M","$","M","B",null],"character_chosen":"THE_CHAMP","items_purchased":["Replay:Baseball","champ:BerserkerStyle","champ:HeartStrike","hubris:EvacipatedBox","champ:FocusedBerserking","Apotheosis","ClockworkSouvenir"],"campfire_rested":0,"item_purchase_floors":[22,22,22,25,38,48,48],"current_hp_per_floor":[90,90,90,90,90,81,81,81,67,66,43,43,33,33,32,32,90,90,86,86,86,86,78,78,59,59,59,59,59,74,89,89,60,90,90,87,87,90,90,90,90,90,100,94,94,100,100,100,100,53],"gold":161,"neow_bonus":"RANDOM_COLORLESS","is_daily":false,"chose_seed":false,"campfire_upgraded":6,"win_rate":0.0,"timestamp":1613862448,"path_taken":["R","M","M","?","?","?","T","R","E","M","E","R","?","E","M","BOSS","R","M","?","?","$","M","MIM","?","M","?","AVR","R","?","E","M","BOSS","R","M","?","$","?","?","T","?","R","?","?","E","M","?","M","BOSS"],"items_purchased_type":["Relic","Card","Card","Relic","Card","Card","Relic"],"build_version":"2020-12-22","purchased_purges":0,"victory":true,"max_hp_per_floor":[90,90,90,90,90,90,90,90,90,90,90,90,90,90,90,90,90,90,90,90,90,90,90,90,90,90,90,90,90,90,90,90,90,90,90,90,90,90,90,90,90,90,100,100,100,100,100,100,100,100],"card_choices":[{"not_picked":["PanicButton","Replay:Bootleg Shield Generator"],"picked":"Replay:Sssssssssshield","floor":0.0},{"not_picked":["champ:DefensiveShout","champ:BladeFlurry"],"picked":"champ:GutPunch","floor":2.0},{"not_picked":["champ:Backstep","champ:Shatter"],"picked":"champ:RisingSlash","floor":3.0},{"not_picked":["champ:BladeFlurry","champ:DefensiveShout"],"picked":"champ:GladiatorStyle","floor":6.0},{"not_picked":["champ:RapidStrikes","champ:Parry","champ:Circumvent"],"picked":"SKIP","floor":9.0},{"not_picked":["champ:Haymaker","champ:FalseCounter"],"picked":"champ:EnragedBash","floor":10.0},{"not_picked":["champ:RapidStrikes","champ:SetATrap"],"picked":"champ:Duel","floor":11.0},{"not_picked":["champ:Haymaker","champ:Endure"],"picked":"champ:IronFortress","floor":13.0},{"not_picked":["champ:FlashCut","champ:PreciseThrust"],"picked":"champ:SwordThrow","floor":14.0},{"not_picked":["champ:SkillfulDodge","champ:Backstep","champ:ShieldSlam"],"picked":"SKIP","floor":15.0},{"not_picked":["champ:VampiricStrike","champ:HoldFirm"],"picked":"champ:GladiatorForm","floor":16.0},{"not_picked":["champ:EnragedBash","champ:DefensiveShout+1","champ:Circumvent+1"],"picked":"SKIP","floor":19.0},{"not_picked":["champ:IgnorePain","champ:Circumvent","champ:SwordThrow"],"picked":"SKIP","floor":22.0},{"not_picked":["champ:DeathBlow","champ:DefensiveStyle"],"picked":"champ:BerserkerStyle","floor":23.0},{"not_picked":["champ:IronFortress","champ:BringItOn"],"picked":"champ:AdrenalArmor","floor":24.0},{"not_picked":["champ:MurderStrike","champ:Shatter"],"picked":"champ:ShieldWall","floor":26.0},{"not_picked":["champ:GutPunch","champ:DefensiveShout","champ:Endure"],"picked":"SKIP","floor":30},{"not_picked":["champ:AdrenalArmor","champ:Improvising","champ:FalseCounter"],"picked":"SKIP","floor":31},{"not_picked":["champ:AdrenalArmor","champ:FalseCounter"],"picked":"champ:Improvising","floor":31},{"not_picked":["champ:ArenaPreparation","champ:Shatter"],"picked":"champ:FaceSlap","floor":32},{"not_picked":["champ:TripleStrike","champ:DancingMaster"],"picked":"champ:MurderStrike","floor":33},{"not_picked":["champ:DefensiveStyle","champ:TornadoPunch"],"picked":"champ:ShieldWall+1","floor":36},{"not_picked":["champ:TripleStrike","champ:BerserkersShout+1","champ:Shatter"],"picked":"SKIP","floor":37},{"not_picked":["champ:ShieldSlam","champ:DeathBlow+1","champ:FlashCut+1"],"picked":"SKIP","floor":38},{"not_picked":["champ:PreciseThrust+1","champ:AdrenalArmor+1"],"picked":"champ:CalledShot+1","floor":44},{"not_picked":["champ:GutPunch","champ:Shatter","champ:Haymaker+1"],"picked":"SKIP","floor":46},{"not_picked":["champ:BladeFlurry+1","champ:SkillfulDodge+1"],"picked":"champ:FanOfKnives+1","floor":47},{"not_picked":["champ:TornadoPunch","champ:Haymaker+1","champ:CrookedStrike+1"],"picked":"SKIP","floor":48},{"not_picked":["champ:Haymaker","champ:PreciseThrust+1","champ:DefensiveStyle+1"],"picked":"SKIP","floor":49}],"player_experience":967320,"relics_obtained":[{"floor":7.0,"key":"RetroEgg"},{"floor":9.0,"key":"Vajra"},{"floor":11.0,"key":"aspiration:HummingbirdHeart"},{"floor":13.0,"key":"Replay:Rubber Ducky"},{"floor":13.0,"key":"aspiration:Lifesprig"},{"floor":14.0,"key":"ReplayTheSpireMod:Shallot"},{"floor":24.0,"key":"infinitespire:Midas Blood"},{"floor":24.0,"key":"SpikesRelics:ToyHorsey"},{"floor":31,"key":"infinitespire:Satchel"},{"floor":41,"key":"hubris:CuriousFeather"},{"floor":42,"key":"FossilizedHelix"},{"floor":42,"key":"halation:VictoryRuler"},{"floor":46,"key":"Happy Flower"}],"event_choices":[{"damage_healed":0.0,"max_hp_gain":0.0,"max_hp_loss":0.0,"gold_gain":0.0,"event_name":"Accursed Blacksmith","player_choice":"Forge","floor":5.0,"gold_loss":0.0,"damage_taken":0.0,"cards_upgraded":["champ:Taunt"]},{"damage_healed":0.0,"max_hp_gain":0.0,"max_hp_loss":0.0,"gold_gain":0.0,"event_name":"Lab","player_choice":"Got Potions","floor":27.0,"gold_loss":0.0,"damage_taken":0.0}],"is_beta":false,"boss_relics":[{"not_picked":["hubris:VirtuousBlindfold","Snecko Eye"],"picked":"Empty Cage"},{"not_picked":["aspiration:FutureDiary","Replay:Ancient Bell","hubris:CrackedHourglass"],"picked":"beaked:SacredDeck"}],"items_purged_floors":[],"is_endless":false,"potions_floor_spawned":[3,6,10,15,16,23,26,31,44,46],"ascension_level":0}}