{"host":"fea6kdxvty5fzy91","time":1613794138,"event":{"mods":["A Magickal Journey","AchievementEnabler","BaseMod","Better Third Choice","BetterRewards","Colored Map","Colored Powertips","Custom Start","DeckTracker","Googly Eyes","Highlight Path","Minty Spire (QoL Compilation)","Quick Restart","Rare Cards Sparkle","StSLib","The IronCluck","everything is the same but u backflip on backflip","slay the spire mod where everything is the same but ironclad has a cowboy hat"],"gold_per_floor":[116,136,147,160,173,208,208,236,311,311,324,343,355,280,280,375,375,386,398,410,425,425,443,443,443,443,455,482,240,240,251,251,251,251],"floor_reached":33,"language":"ENG","playtime":2267,"items_purged":["Defend_P"],"score":310,"play_id":"c600715f-a38f-4f1f-9bed-30319b676a4e","local_time":"20210219210858","is_ascension_mode":false,"campfire_choices":[{"data":"Eruption","floor":7,"key":"SMITH"},{"data":"Scrawl","floor":10,"key":"SMITH"},{"data":"CrushJoints","floor":15,"key":"SMITH"},{"floor":25,"key":"REST"},{"data":"Blasphemy","floor":30,"key":"SMITH"},{"data":"WindmillStrike","floor":32,"key":"SMITH"}],"circlet_count":0,"master_deck":["Strike_P","Strike_P","Strike_P","Defend_P","Defend_P","Defend_P","Eruption+1","Vigilance","Tantrum","WindmillStrike+1","ThirdEye","EmptyBody","SashWhip","Consecrate","Scrawl+1","FlurryOfBlows","CrushJoints+1","Blasphemy+1","MentalFortress+1","Sanctity+1","EmptyMind","FearNoEvil","ThirdEye"],"relics":["PureWater","NeowsBlessing","WingedGreaves","Omamori","Letter Opener","Sozu","Thread and Needle","Ice Cream","Frozen Eye"],"acts_visited":["Exordium","TheCity"],"potions_floor_usage":[6,16,16,16],"damage_taken":[{"damage":0,"enemies":"Cultist","floor":1,"turns":1},{"damage":0,"enemies":"Small Slimes","floor":2,"turns":1},{"damage":0,"enemies":"Jaw Worm","floor":3,"turns":1},{"damage":0,"enemies":"Exordium Thugs","floor":4,"turns":3},{"damage":0,"enemies":"Exordium Wildlife","floor":5,"turns":2},{"damage":35,"enemies":"3 Sentries","floor":6,"turns":9},{"damage":12,"enemies":"Gremlin Nob","floor":8,"turns":3},{"damage":5,"enemies":"Blue Slaver","floor":11,"turns":2},{"damage":0,"enemies":"Gremlin Gang","floor":12,"turns":2},{"damage":0,"enemies":"Exordium Thugs","floor":13,"turns":2},{"damage":14,"enemies":"The Guardian","floor":16,"turns":5},{"damage":10,"enemies":"Shell Parasite","floor":18,"turns":4},{"damage":0,"enemies":"Chosen","floor":19,"turns":3},{"damage":10,"enemies":"Sentry and Sphere","floor":20,"turns":3},{"damage":27,"enemies":"Snake Plant","floor":21,"turns":3},{"damage":0,"enemies":"Centurion and Healer","floor":23,"turns":2},{"damage":0,"enemies":"3 Cultists","floor":27,"turns":4},{"damage":0,"enemies":"Gremlin Leader","floor":28,"turns":4},{"damage":0,"enemies":"Cultist and Chosen","floor":31,"turns":4},{"damage":100011,"enemies":"Automaton","floor":33,"turns":7}],"seed_played":"-6137744427921624578","potions_obtained":[{"floor":4,"key":"PowerPotion"},{"floor":6,"key":"PowerPotion"},{"floor":8,"key":"StancePotion"},{"floor":11,"key":"ColorlessPotion"}],"is_trial":false,"path_per_floor":["M","M","M","M","M","E","R","E","T","R","M","M","M","$","R","B",null,"M","M","M","M","?","M","?","R","T","M","E","$","R","M","R","B"],"character_chosen":"WATCHER","items_purchased":["Frozen Eye","FearNoEvil","ThirdEye"],"campfire_rested":1,"item_purchase_floors":[29,29,29],"current_hp_per_floor":[72,72,72,72,72,37,37,25,25,25,20,20,20,20,20,6,72,62,62,52,25,25,25,19,40,40,40,40,40,40,40,40,0,0],"gold":251,"neow_bonus":"THREE_ENEMY_KILL","is_daily":false,"chose_seed":false,"campfire_upgraded":5,"win_rate":0.0,"timestamp":1613794138,"path_taken":["M","M","M","M","M","E","R","E","T","R","M","M","M","$","R","BOSS","M","M","M","?","?","?","?","R","T","M","E","$","R","M","R","BOSS"],"items_purchased_type":["Relic","Card","Card"],"build_version":"2020-12-22","purchased_purges":1,"victory":false,"max_hp_per_floor":[72,72,72,72,72,72,72,72,72,72,72,72,72,72,72,72,72,72,72,72,72,72,72,72,72,72,72,72,72,72,72,72,72,72],"card_choices":[{"not_picked":["JustLucky","Consecrate"],"picked":"Tantrum","floor":1},{"not_picked":["Vengeance","CutThroughFate"],"picked":"WindmillStrike","floor":2},{"not_picked":["CutThroughFate","WheelKick"],"picked":"ThirdEye","floor":3},{"not_picked":["Consecrate","BowlingBash"],"picked":"EmptyBody","floor":4},{"not_picked":["BowlingBash","MasterReality"],"picked":"SashWhip","floor":5},{"not_picked":["EmptyFist","Vengeance"],"picked":"Consecrate","floor":6},{"not_picked":["BattleHymn","Adaptation"],"picked":"Scrawl","floor":8},{"not_picked":["Nirvana","Conclude","EmptyMind"],"picked":"SKIP","floor":11},{"not_picked":["EmptyMind","EmptyBody"],"picked":"FlurryOfBlows","floor":12},{"not_picked":["Wireheading","Evaluate"],"picked":"CrushJoints","floor":13},{"not_picked":["Ragnarok","Wish"],"picked":"Blasphemy","floor":16},{"not_picked":["JustLucky","PathToVictory","ClearTheMind"],"picked":"SKIP","floor":18},{"not_picked":["SignatureMove","CrushJoints","SandsOfTime"],"picked":"SKIP","floor":19},{"not_picked":["FollowUp+1","Protect+1"],"picked":"MentalFortress+1","floor":20},{"not_picked":["Wireheading","JustLucky"],"picked":"Sanctity+1","floor":21},{"not_picked":["Consecrate+1","Swivel","ReachHeaven"],"picked":"SKIP","floor":23},{"not_picked":["CutThroughFate","Sanctity","Devotion"],"picked":"SKIP","floor":27},{"not_picked":["ForeignInfluence","Tantrum","ClearTheMind"],"picked":"SKIP","floor":28},{"not_picked":["FlyingSleeves","Fasting2","Worship+1"],"picked":"SKIP","floor":31}],"player_experience":282497,"relics_obtained":[{"floor":6,"key":"WingedGreaves"},{"floor":8,"key":"Omamori"},{"floor":9,"key":"Letter Opener"},{"floor":26,"key":"Thread and Needle"},{"floor":28,"key":"Ice Cream"}],"event_choices":[{"damage_healed":0,"gold_gain":0,"cards_transformed":["Strike_P"],"player_choice":"Transformed","damage_taken":0,"max_hp_gain":0,"max_hp_loss":0,"event_name":"Transmorgrifier","floor":22,"gold_loss":0,"cards_obtained":["EmptyMind"]},{"damage_healed":0,"gold_gain":0,"player_choice":"","damage_taken":6,"max_hp_gain":0,"max_hp_loss":0,"event_name":"Knowing Skull","floor":24,"potions_obtained":[],"gold_loss":0,"cards_obtained":[]}],"is_beta":false,"boss_relics":[{"not_picked":["Snecko Eye","HolyWater"],"picked":"Sozu"}],"items_purged_floors":[14],"is_endless":false,"potions_floor_spawned":[4,6,8,11,13,18,21,27,31],"killed_by":"Automaton","ascension_level":0}}