{"host":"f76wcztdlwlduum6","time":1613864757,"event":{"mods":["BaseMod","BetterRewards","Colored Powertips","Minty Spire (QoL Compilation)","Quick Restart","Rare Cards Sparkle","Relic Stats","StSLib","SuperFastMode","everything is the same but u backflip on backflip"],"gold_per_floor":[118,129,129,149,149,149,183,207,207,241,241,241,260,283,283,283,283],"floor_reached":16,"language":"ENG","playtime":306,"items_purged":[],"score":224,"play_id":"1e525366-03de-492a-99a3-c16c6380f395","local_time":"20210220174557","is_ascension_mode":true,"campfire_choices":[{"data":"Perfected Strike","floor":6,"key":"SMITH"},{"floor":12,"key":"REST"},{"floor":15,"key":"REST"}],"circlet_count":0,"master_deck":["AscendersBane","Strike_R","Strike_R","Strike_R","Strike_R","Defend_R","Defend_R","Defend_R","Defend_R","Bash","Perfected Strike+1","Perfected Strike","Iron Wave","Thunderclap+1","Ghostly Armor"],"relics":["Busted Crown","Golden Idol","Toy Ornithopter","Molten Egg 2","Magic Flower"],"acts_visited":["Exordium"],"potions_floor_usage":[8,10,16,16],"damage_taken":[{"damage":11,"enemies":"Cultist","floor":1,"turns":4},{"damage":0,"enemies":"2 Louse","floor":2,"turns":2},{"damage":8,"enemies":"Small Slimes","floor":4,"turns":2},{"damage":8,"enemies":"Gremlin Nob","floor":7,"turns":3},{"damage":21,"enemies":"Exordium Wildlife","floor":8,"turns":3},{"damage":25,"enemies":"Lagavulin","floor":10,"turns":6},{"damage":1,"enemies":"2 Fungi Beasts","floor":13,"turns":3},{"damage":10,"enemies":"Lots of Slimes","floor":14,"turns":4},{"damage":56,"enemies":"The Guardian","floor":16,"turns":11}],"seed_played":"6751587957381068170","potions_obtained":[{"floor":7,"key":"Energy Potion"},{"floor":8,"key":"Fruit Juice"},{"floor":13,"key":"DuplicationPotion"},{"floor":14,"key":"EssenceOfSteel"}],"is_trial":false,"path_per_floor":["M","M","?","M","?","R","E","M","T","E","?","R","M","M","R","B"],"character_chosen":"IRONCLAD","items_purchased":[],"campfire_rested":2,"item_purchase_floors":[],"current_hp_per_floor":[57,57,57,49,42,42,34,23,23,3,3,24,23,13,34,0,0],"gold":283,"neow_bonus":"BOSS_RELIC","is_daily":false,"chose_seed":false,"campfire_upgraded":1,"win_rate":0.0,"timestamp":1613864757,"path_taken":["M","?","?","M","?","R","E","M","T","E","?","R","M","M","R","BOSS"],"items_purchased_type":[],"build_version":"2020-12-22","purchased_purges":0,"victory":false,"max_hp_per_floor":[75,75,68,68,68,68,68,73,73,73,73,73,73,73,73,73,73],"relic_stats":{"Busted Crown":16,"counters":[9,38],"Golden Idol":32,"Magic Flower":[6],"obtain_stats":[{"Busted Crown":0,"Golden Idol":3,"Magic Flower":10,"Molten Egg 2":9,"Burning Blood":0,"Toy Ornithopter":7},{"Busted Crown":0,"Golden Idol":2,"Magic Flower":6,"Molten Egg 2":5,"Burning Blood":0,"Toy Ornithopter":4},{"Busted Crown":0,"Golden Idol":6,"Magic Flower":20,"Molten Egg 2":14,"Burning Blood":0,"Toy Ornithopter":11}],"Toy Ornithopter":26},"card_choices":[{"not_picked":[],"picked":"Perfected Strike","floor":1},{"not_picked":[],"picked":"Perfected Strike","floor":2},{"not_picked":[],"picked":"Iron Wave","floor":4},{"not_picked":["Combust"],"picked":"SKIP","floor":7},{"not_picked":["Wild Strike"],"picked":"SKIP","floor":8},{"not_picked":[],"picked":"Thunderclap+1","floor":10},{"not_picked":["Cleave+1"],"picked":"SKIP","floor":13},{"not_picked":[],"picked":"Ghostly Armor","floor":14}],"player_experience":365141,"relics_obtained":[{"floor":7,"key":"Toy Ornithopter"},{"floor":9,"key":"Molten Egg 2"},{"floor":10,"key":"Magic Flower"}],"event_choices":[{"damage_healed":0,"gold_gain":0,"player_choice":"Lose Max HP","damage_taken":0,"relics_obtained":["Golden Idol"],"max_hp_gain":0,"max_hp_loss":7,"event_name":"Golden Idol","floor":3,"gold_loss":0},{"cards_removed":["Strike_R"],"damage_healed":0,"gold_gain":0,"player_choice":"Card Removal","damage_taken":7,"max_hp_gain":0,"max_hp_loss":0,"event_name":"Golden Wing","floor":5,"gold_loss":0},{"damage_healed":0,"gold_gain":0,"player_choice":"Ignored","damage_taken":0,"max_hp_gain":0,"max_hp_loss":0,"event_name":"Shining Light","floor":11,"gold_loss":0}],"is_beta":false,"boss_relics":[],"items_purged_floors":[],"is_endless":false,"potions_floor_spawned":[7,8,13,14],"killed_by":"The Guardian","ascension_level":20}}