{"host":"tod","time":1613823987,"event":{"mods":["ATMod(∞¢Ë™Mod)","AchievementEnabler","Act Like it!","BaseMod","CapriCore","Energized Spire","Highlight Path","Lobotomy","Marisa£®ÏF”Í°°ƒß¿Ì…≥£©","Minty Spire (QoL Compilation)","Quick Restart","Reimu£®≤©¿ˆ¡È√Œ£©","Relic Filter Mod","Relic Stats","Remilia£®¿Ÿ√◊¿Ú—«£©","Replay The Spire","Shop Mod","StSLib","The Cursed","The Immortal","Yakumo Yukari mod","Youmu£®ªÍ∆«—˝√Œ£©"],"gold_per_floor":[109,127,137,20,36,36,36,66,90,90,105,133,133,33,33,110,110,123,123,205,42,42,42,42],"floor_reached":23,"language":"ZHS","playtime":1150,"items_purged":["Strike_R","Strike_R"],"score":394,"play_id":"1dde34e6-aed8-4396-bae3-0c22ef0d48b7","local_time":"20210220202627","is_ascension_mode":true,"campfire_choices":[{"data":"Shockwave","floor":6.0,"key":"SMITH"},{"floor":10.0,"key":"REST"},{"floor":15.0,"key":"REST"}],"circlet_count":0,"master_deck":["AscendersBane","Strike_R","Strike_R","Strike_R","Defend_R","Defend_R","Defend_R+1","Defend_R+1","Bash","AT_WindFlip","Dropkick","Shockwave+1","Pommel Strike","Corruption","Shrug It Off","Pommel Strike","AT_DrawKnifeCut","Parasite","Reaper","Shrug It Off","Sever Soul","Havoc+1"],"relics":["Burning Blood","AT_ATBox","Prayer Wheel","Nunchaku","Replay:Mystery Machine","ReplayTheSpireMod:TigerMarble","energizedSpire:MagnifyingGlass","Simple Rune","Strange Spoon"],"acts_visited":["Exordium","TheCity"],"potions_floor_usage":[23],"damage_taken":[{"damage":9.0,"enemies":"Jaw Worm","floor":1.0,"turns":3.0},{"damage":2.0,"enemies":"2 Louse","floor":2.0,"turns":2.0},{"damage":4.0,"enemies":"Small Slimes","floor":3.0,"turns":4.0},{"damage":22.0,"enemies":"2 Fungi Beasts","floor":5.0,"turns":3.0},{"damage":20.0,"enemies":"Lagavulin","floor":8.0,"turns":6.0},{"damage":22.0,"enemies":"Blue Slaver","floor":11.0,"turns":5.0},{"damage":29.0,"enemies":"Gremlin Nob","floor":12.0,"turns":4.0},{"damage":15.0,"enemies":"Hexaghost","floor":16.0,"turns":7.0},{"damage":22.0,"enemies":"Spheric Guardian","floor":18.0,"turns":4.0},{"damage":32,"enemies":"Replay:Snechameleon","floor":23,"turns":6}],"seed_played":"1417702162808626637","potions_obtained":[{"floor":8.0,"key":"SpeedPotion"},{"floor":11.0,"key":"Swift Potion"},{"floor":18.0,"key":"DuplicationPotion"}],"is_trial":false,"path_per_floor":["M","M","M","$","M","R","?","E","T","R","M","E","?","$","R","B",null,"M","?","?","$","?","E"],"character_chosen":"IRONCLAD","items_purchased":["Dropkick","Strange Spoon"],"campfire_rested":2,"item_purchase_floors":[4,21],"current_hp_per_floor":[65,68,68,68,52,52,52,38,38,58,42,19,36,36,56,47,63,47,47,20,20,20,3,3],"gold":42,"neow_bonus":"ONE_RARE_RELIC","is_daily":false,"chose_seed":false,"campfire_upgraded":1,"win_rate":0.0,"timestamp":1613823987,"path_taken":["M","M","M","$","M","R","?","E","T","R","M","E","?","?","R","BOSS","M","?","?","$","?","E"],"items_purchased_type":["Card","Relic"],"build_version":"2020-12-18","purchased_purges":2,"victory":false,"max_hp_per_floor":[68,68,68,68,68,68,68,68,68,68,68,68,68,68,68,68,68,68,68,68,68,68,68,68],"relic_stats":{"Strange Spoon":[5],"Nunchaku":[6],"counters":[10,44],"Prayer Wheel":6,"obtain_stats":[{"Strange Spoon":21,"Nunchaku":8,"AT_ATBox":0,"Prayer Wheel":0,"Simple Rune":20,"ReplayTheSpireMod:TigerMarble":12,"energizedSpire:MagnifyingGlass":17,"Replay:Mystery Machine":9,"Burning Blood":0},{"Strange Spoon":9,"Nunchaku":5,"AT_ATBox":0,"Prayer Wheel":0,"Simple Rune":9,"ReplayTheSpireMod:TigerMarble":7,"energizedSpire:MagnifyingGlass":8,"Replay:Mystery Machine":5,"Burning Blood":0},{"Strange Spoon":38,"Nunchaku":18,"AT_ATBox":0,"Prayer Wheel":0,"Simple Rune":38,"ReplayTheSpireMod:TigerMarble":27,"energizedSpire:MagnifyingGlass":34,"Replay:Mystery Machine":18,"Burning Blood":0}],"Burning Blood":51},"card_choices":[{"not_picked":["Headbutt","Thunderclap","Heavy Blade"],"picked":"SKIP","floor":1.0},{"not_picked":["AT_BodySlamDance","Whirlwind","Infernal Blade"],"picked":"SKIP","floor":1.0},{"not_picked":["Shrug It Off","Thunderclap","Wild Strike"],"picked":"SKIP","floor":2.0},{"not_picked":["Sword Boomerang","Corruption","True Grit"],"picked":"SKIP","floor":2.0},{"not_picked":["Headbutt","Replay:Undeath\u0027s Touch","Rage"],"picked":"SKIP","floor":3.0},{"not_picked":["Combust","Clash","Sword Boomerang"],"picked":"SKIP","floor":3.0},{"not_picked":["Shrug It Off","Blood for Blood"],"picked":"Shockwave","floor":5.0},{"not_picked":["Ghostly Armor","Dual Wield"],"picked":"Pommel Strike","floor":5.0},{"not_picked":["Massacre","Intimidate"],"picked":"Corruption","floor":8.0},{"not_picked":["Body Slam","Twin Strike"],"picked":"Shrug It Off","floor":11.0},{"not_picked":["Heavy Blade","ReplayTheSpireMod:LeadingStrike"],"picked":"Pommel Strike","floor":11.0},{"not_picked":["Flame Barrier","Infernal Blade"],"picked":"AT_DrawKnifeCut","floor":12.0},{"not_picked":["Feed","Demonic Infusion"],"picked":"Reaper","floor":16.0},{"not_picked":["Cleave","Iron Wave"],"picked":"Shrug It Off","floor":18.0},{"not_picked":["Clash","Second Wind+1","Armaments"],"picked":"SKIP","floor":18.0},{"not_picked":["Hemokinesis","Disarm"],"picked":"Sever Soul","floor":20},{"not_picked":["Anger","Clothesline"],"picked":"Havoc+1","floor":20}],"player_experience":414583,"relics_obtained":[{"floor":8.0,"key":"Nunchaku"},{"floor":9.0,"key":"Replay:Mystery Machine"},{"floor":12.0,"key":"ReplayTheSpireMod:TigerMarble"},{"floor":20,"key":"Simple Rune"}],"event_choices":[{"damage_healed":17.0,"max_hp_gain":0.0,"max_hp_loss":0.0,"gold_gain":0.0,"event_name":"Mushrooms","player_choice":"Healed and dodged fight","floor":13.0,"gold_loss":0.0,"damage_taken":0.0,"cards_obtained":["Parasite"]},{"damage_healed":0,"gold_gain":0,"player_choice":"Ignored","damage_taken":0,"max_hp_gain":0,"max_hp_loss":0,"event_name":"Cursed Tome","floor":22,"gold_loss":0}],"is_beta":true,"boss_relics":[{"not_picked":["energizedSpire:NeverEndingSparkler","Kintsugi"],"picked":"energizedSpire:MagnifyingGlass"}],"items_purged_floors":[4,14],"is_endless":false,"potions_floor_spawned":[8,11,12,18],"killed_by":"Replay:Snechameleon","ascension_level":20}}