{"host":"i0m6ffz3lpe3z1ky","time":1613813832,"event":{"mods":["Aspiration","BaseMod","Bestiary","BetterRewards","Colored Map","Conspire","Energized Spire","Highlight Path","Hubris","Ironclad Rager","Minty Spire (QoL Compilation)","Quick Restart","Reliquary","Shop Mod","Spicy Shops","StSLib","Thieving Mod"],"gold_per_floor":[118,68,80,96,96,139,153,196,196,236,236,256,276,22,22,147,210,235,235,185,203,203,242,242,258,282,114,114,128,128,161,161,292,292,306,1,26,40,3,3,44,44,70,91,109,109,136,179,179,179,179,179,130,164,164],"floor_reached":56,"language":"KOR","playtime":2755,"items_purged":["Strike_R","Strike_R","Strike_R"],"score":2441,"play_id":"b2d3b871-5f6a-40e5-ad6d-f02d694a3b46","local_time":"20210220183712","is_ascension_mode":true,"campfire_choices":[{"data":"Apotheosis","floor":15,"key":"SMITH"},{"floor":24,"key":"RECALL"},{"data":"Sentinel","floor":42,"key":"SMITH"},{"data":"Shrug It Off","floor":49,"key":"SMITH"},{"floor":52,"key":"REST"}],"circlet_count":0,"master_deck":["AscendersBane","Fiend Fire+1","Apotheosis+1","Jack Of All Trades+1","Fiend Fire+1","Shrug It Off+1","Sentinel+1","conspire:Purge+1","Metallicize+1","Capacitor+1","Loop+1","Master of Strategy"],"relics":["Burning Blood","Membership Card","Bag of Preparation","Pantograph","hubris:DisguiseKit","conspire:TopHat","reliquary:BrokenClock","Singing Bowl","Happy Flower","Letter Opener","Toy Ornithopter","hubris:Reverence","hubris:CuriousFeather","Pear","hubris:Teleporter","reliquary:CitrusReamer","hubris:ChampionShield","Calipers","Tiny Chest","reliquary:BallBearing","conspire:TreasureMap","reliquary:Tamtam","Lee\u0027s Waffle","ClockworkSouvenir","Centennial Puzzle","reliquary:Spinner","Magic Flower","reliquary:Sideboard","Boot","Omamori","Blue Candle","reliquary:PartyBalloon","Sling","aspiration:Nostalgia","Ring of the Snake","hubris:CrystalStatue","Blood Vial","reliquary:BoilingFlask","OrangePellets","Unceasing Top","InkBottle","reliquary:HotPoker","Frozen Egg 2","aspiration:Lifesprig","Ancient Tea Set","Juzu Bracelet","reliquary:Bookmark","Chemical X","hubris:Potato","hubris:SphereOfDissonance","Pen Nib","reliquary:FingerTrap","aspiration:HatOfInfinitePower","aspiration:ArtOfWarUpgrade","reliquary:SharkskinSheath","Ice Cream","reliquary:Firecrackers","Dead Branch","Dream Catcher","reliquary:TridentHead","Vajra","HandDrill","hubris:Metronome","Orichalcum","PrismaticShard","hubris:EmptyBottle","hubris:DeckOfHolding","Oddly Smooth Stone","reliquary:Boomerang","hubris:ToyBattleship","reliquary:Crutches","reliquary:Knoch","reliquary:JackalopeAntler","reliquary:TuningFork","conspire:DeflatedDodgeball","reliquary:Stiletto","White Beast Statue","MealTicket","TheAbacus","conspire:GlowingRock","Anchor","aspiration:StickyExplosives_weak","Medical Kit","Cauldron","Potion Belt","Frozen Eye","reliquary:SilkGlove","Kunai","Paper Frog","Golden Idol","War Paint","Self Forming Clay","hubris:FunFungus","Lantern","Mercury Hourglass","Matryoshka","Tiny House","reliquary:NewFriend","aspiration:HummingbirdHeart","reliquary:IridiumChain","reliquary:WeakTea","Whetstone","DollysMirror","aspiration:RitualStick","hubris:SlimyHat","PreservedInsect","aspiration:ChemicalBlood","CultistMask","Strawberry","Regal Pillow","reliquary:Buckler","aspiration:SeaSaltIceCream","Kunai","reliquary:QuartzCube","aspiration:DefectSkillbook","Mummified Hand","hubris:IronBody","FossilizedHelix","Molten Egg 2","Pocketwatch","aspiration:FaultyCoupler","reliquary:GummyVitamins","Shuriken","Gremlin Horn"],"acts_visited":["Exordium","TheCity","TheBeyond","TheEnding"],"potions_floor_usage":[3,3,20,30,32,32,53,53],"damage_taken":[{"damage":0,"enemies":"Cultist","floor":1,"turns":1},{"damage":0,"enemies":"2 Louse","floor":4,"turns":1},{"damage":0,"enemies":"3 Sentries","floor":6,"turns":1},{"damage":0,"enemies":"Small Slimes","floor":7,"turns":1},{"damage":0,"enemies":"Lagavulin","floor":8,"turns":1},{"damage":0,"enemies":"3 Sentries","floor":10,"turns":1},{"damage":0,"enemies":"Gremlin Gang","floor":12,"turns":1},{"damage":0,"enemies":"Exordium Thugs","floor":13,"turns":1},{"damage":0,"enemies":"Hexaghost","floor":16,"turns":1},{"damage":0,"enemies":"conspire:FuzzyDice","floor":18,"turns":1},{"damage":0,"enemies":"2 Thieves","floor":21,"turns":1},{"damage":0,"enemies":"Book of Stabbing","floor":23,"turns":1},{"damage":0,"enemies":"3 Cultists","floor":25,"turns":1},{"damage":0,"enemies":"Snecko","floor":29,"turns":1},{"damage":0,"enemies":"Slavers","floor":31,"turns":1},{"damage":0,"enemies":"Champ","floor":33,"turns":1},{"damage":0,"enemies":"Orb Walker","floor":35,"turns":1},{"damage":0,"enemies":"3 Darklings","floor":37,"turns":3},{"damage":0,"enemies":"Spire Growth","floor":38,"turns":1},{"damage":0,"enemies":"Reptomancer","floor":41,"turns":1},{"damage":0,"enemies":"Maw","floor":44,"turns":1},{"damage":0,"enemies":"Jaw Worm Horde","floor":45,"turns":3},{"damage":0,"enemies":"conspire:MimicChest","floor":48,"turns":1},{"damage":0,"enemies":"Donu and Deca","floor":50,"turns":2},{"damage":0,"enemies":"Shield and Spear","floor":54,"turns":1},{"damage":0,"enemies":"The Heart","floor":55,"turns":4}],"seed_played":"-7698798875099724675","potions_obtained":[{"floor":0,"key":"ThievingMod:ThievingPotion"},{"floor":4,"key":"BlessingOfTheForge"},{"floor":8,"key":"Fire Potion"},{"floor":10,"key":"LiquidMemories"},{"floor":13,"key":"LiquidMemories"},{"floor":21,"key":"FairyPotion"},{"floor":29,"key":"Energy Potion"},{"floor":33,"key":"Ancient Potion"}],"is_trial":false,"path_per_floor":["M","?","$","M","?","E","M","E","T","E","?","M","M","$","R","B",null,"M","T","$","M","?","E","R","M","T","$","?","M","$","E","R","B",null,"M","$","M","M","$","R","E","R","T","M","M","$","T","?","R","B",null,"R","$","E","B",null],"character_chosen":"IRONCLAD","items_purchased":["Mercury Hourglass","Matryoshka","Sentinel","conspire:Purge","Mummified Hand","hubris:IronBody","Metallicize+1","Capacitor+1","ThievingMod:ThievingPotion"],"campfire_rested":1,"item_purchase_floors":[14,14,27,27,36,36,36,39,53],"current_hp_per_floor":[97,97,97,99,75,98,103,105,105,105,105,105,105,105,105,105,112,114,114,114,116,93,107,107,120,120,120,120,122,129,131,145,145,145,147,147,149,151,151,151,153,153,153,155,157,157,157,159,159,159,159,161,161,163,163],"gold":164,"neow_bonus":"","is_daily":false,"chose_seed":false,"campfire_upgraded":3,"win_rate":0.0,"timestamp":1613813832,"path_taken":["M","?","$","M","?","E","M","E","T","E","?","M","M","$","R","BOSS","M","?","?","M","?","E","R","M","T","$","?","M","$","E","R","BOSS","M","$","M","M","$","R","E","R","T","M","M","$","?","?","R","BOSS","R","$","E","BOSS"],"items_purchased_type":["Relic","Relic","Card","Card","Relic","Relic","Card","Card","Potion"],"build_version":"2020-12-22","purchased_purges":3,"victory":true,"max_hp_per_floor":[97,97,97,99,99,101,103,105,105,105,105,105,105,105,105,105,112,114,114,114,116,116,118,118,120,120,120,120,122,129,131,145,145,145,147,147,149,151,151,151,153,153,153,155,157,157,157,159,159,159,159,161,161,163,163],"card_choices":[{"not_picked":["CutThroughFate","Deep Breath","Blade Dance"],"picked":"Infinite Blades+1","floor":1},{"not_picked":["Swift Strike","Tactician","Conserve Battery","Blur"],"picked":"Singing Bowl","floor":4},{"not_picked":["hubris:TrickCloak","hubris:SlightOfHand","Leap","Finisher"],"picked":"Singing Bowl","floor":6},{"not_picked":["ClearTheMind","Finesse","Iron Wave","hubris:SlightOfHand"],"picked":"Singing Bowl","floor":7},{"not_picked":["Predator","Study+1","Ball Lightning","conspire:DoublingDagger"],"picked":"Singing Bowl","floor":8},{"not_picked":["Flying Knee","PiercingWail","Rebound"],"picked":"Adrenaline","floor":10},{"not_picked":["Calculated Gamble","EmptyBody","Cloak And Dagger"],"picked":"PiercingWail","floor":12},{"not_picked":["Dramatic Entrance","Halt","hubris:TrickCloak"],"picked":"Study+1","floor":13},{"not_picked":["Tools of the Trade+1","Hyperbeam","Tools of the Trade"],"picked":"Judgement","floor":16},{"not_picked":["Beam Cell","Battle Trance","Evaluate","Deflect"],"picked":"Singing Bowl","floor":17},{"not_picked":["Whirlwind","EmptyMind","Turbo","Bane"],"picked":"Singing Bowl","floor":18},{"not_picked":["Reprogram","Crescendo","Halt+1","Bouncing Flask"],"picked":"Singing Bowl","floor":21},{"not_picked":["EmptyFist","hubris:Counter+1","Deadly Poison","Flying Knee"],"picked":"Singing Bowl","floor":23},{"not_picked":["Adaptation+1","Go for the Eyes","Coolheaded+1","Outmaneuver"],"picked":"Singing Bowl","floor":25},{"not_picked":["FollowUp+1","ThirdEye","Cloak And Dagger","Flying Knee"],"picked":"Singing Bowl","floor":29},{"not_picked":["Stack","Turbo+1","Crescendo","Blur"],"picked":"Singing Bowl","floor":31},{"not_picked":["HandOfGreed","Die Die Die","Adrenaline"],"picked":"Wraith Form v2+1","floor":33},{"not_picked":["Dagger Throw+1","Poisoned Stab","FlyingSleeves","Rage+1","Prepared"],"picked":"Singing Bowl","floor":35},{"not_picked":["Body Slam","WreathOfFlame","Lockon","Iron Wave","hubris:SlightOfHand"],"picked":"Singing Bowl","floor":37},{"not_picked":["hubris:Sniper+1","Dagger Throw","hubris:ReadiedAction","Halt+1","Deadly Poison"],"picked":"Singing Bowl","floor":38},{"not_picked":["Gash+1","Darkness","Melter","Calculated Gamble","Bane"],"picked":"Singing Bowl","floor":41},{"not_picked":["Consume+1","Madness","Cold Snap+1","Die Die Die","Blur"],"picked":"Singing Bowl","floor":44},{"not_picked":["Melter","conspire:SharedLibrary+1","Cleave+1","Glacier+1","Prepared"],"picked":"Singing Bowl","floor":45},{"not_picked":["Anger+1","Backflip","conspire:Banana","ReachHeaven+1","Calculated Gamble"],"picked":"Singing Bowl","floor":48},{"not_picked":["FlyingSleeves+1","Cloak And Dagger+1","Deep Breath+1","PanicButton","Underhanded Strike"],"picked":"Singing Bowl","floor":52},{"not_picked":["Infinite Blades+1","Darkness+1","Power Through","ClearTheMind","Finisher"],"picked":"Singing Bowl","floor":54}],"player_experience":445722,"relics_obtained":[{"floor":6,"key":"War Paint"},{"floor":8,"key":"Self Forming Clay"},{"floor":9,"key":"hubris:FunFungus"},{"floor":10,"key":"Lantern"},{"floor":19,"key":"reliquary:NewFriend"},{"floor":23,"key":"hubris:SlimyHat"},{"floor":26,"key":"PreservedInsect"},{"floor":26,"key":"aspiration:ChemicalBlood"},{"floor":31,"key":"reliquary:QuartzCube"},{"floor":41,"key":"FossilizedHelix"},{"floor":47,"key":"Molten Egg 2"},{"floor":48,"key":"Pocketwatch"},{"floor":54,"key":"Gremlin Horn"}],"event_choices":[{"cards_removed":["Strike_R"],"damage_healed":0,"gold_gain":0,"player_choice":"Card Removal","damage_taken":0,"max_hp_gain":0,"max_hp_loss":0,"event_name":"The Cleric","floor":2,"gold_loss":50},{"damage_healed":0,"gold_gain":0,"player_choice":"Take Damage","damage_taken":24,"relics_obtained":["Golden Idol"],"max_hp_gain":0,"max_hp_loss":0,"event_name":"Golden Idol","floor":5,"gold_loss":0},{"cards_removed":["Bash"],"damage_healed":0,"gold_gain":0,"player_choice":"Offered Basic","damage_taken":0,"max_hp_gain":0,"max_hp_loss":0,"event_name":"Bonfire Elementals","floor":11,"gold_loss":0},{"damage_healed":0,"gold_gain":0,"player_choice":"Trade","damage_taken":0,"relics_obtained":["CultistMask"],"max_hp_gain":0,"max_hp_loss":0,"event_name":"FaceTrader","floor":28,"gold_loss":0}],"is_beta":false,"boss_relics":[{"not_picked":["energizedSpire:RedRose","Sozu"],"picked":"Tiny House"},{"not_picked":["aspiration:PoetsPen_weak","hubris:HollowSoul"],"picked":"aspiration:DefectSkillbook"}],"items_purged_floors":[3,20,27],"is_endless":false,"potions_floor_spawned":[1,4,6,7,8,10,12,13,16,18,21,23,25,29,31,33,35,37,38,41,44,45,48,54],"ascension_level":11}}