{"host":"o9lehcdjc4u6j9un","time":1613854921,"event":{"mods":["Aspiration","BaseMod","Better-Laid Plans","Bossed Relics","Colored Map","Downfall","Gremlin Mod","Hermit","Koishi","Marisa£®ÏF”Í°°ƒß¿Ì…≥£©","Minty Spire (QoL Compilation)","Reimu£®≤©¿ˆ¡È√Œ£©","Remilia£®¿Ÿ√◊¿Ú—«£©","Robot Space Explorer","StSLib","The Alterego","The Hierophant","The Jungle","The Marked","The Runesmith","The Senshi","The Servant 0.9.4","Yakumo Yukari mod","Youmu£®ªÍ∆«—˝√Œ£©","≤–¡Ù÷ÆŒÔ"],"gold_per_floor":[119,136,136,136,21,21,347,347,347,347,376,376,376,393,393,498,498,508,520,531,544,564,564,564],"floor_reached":23,"language":"ZHS","playtime":985,"items_purged":["Defend_G"],"score":211,"play_id":"4e36872d-8b04-436c-b626-97b481b34cae","local_time":"20210221050201","is_ascension_mode":true,"campfire_choices":[{"data":"Noxious Fumes","floor":6,"key":"SMITH"},{"data":"Sucker Punch","floor":8,"key":"SMITH"},{"data":"Neutralize","floor":10,"key":"SMITH"},{"data":"Crippling Poison","floor":15,"key":"SMITH"}],"circlet_count":0,"master_deck":["Strike_G","Strike_G","Strike_G","Strike_G","Defend_G","Defend_G","Defend_G","Defend_G","Survivor","Neutralize+1","Sucker Punch+1","Bane","CurseOfTheBell","CurseOfTheBell","Noxious Fumes+1","aspiration:Lunge","Crippling Poison+1","Footwork","Envenom","Poisoned Stab","Sucker Punch+1","Finisher+1","Predator"],"relics":["Ring of the Snake","downfall:ExtraCursedBell","Dream Catcher","aspiration:StickyExplosives_weak","Ginger","Old Coin","Happy Flower","Nunchaku","Astrolabe"],"acts_visited":["Exordium","TheCity"],"potions_floor_usage":[16,19,20,22],"damage_taken":[{"damage":0,"enemies":"Jaw Worm","floor":1,"turns":7},{"damage":0,"enemies":"2 Louse","floor":2,"turns":3},{"damage":27,"enemies":"3 Sentries","floor":7,"turns":6},{"damage":19,"enemies":"Gremlin Nob","floor":11,"turns":5},{"damage":0,"enemies":"Small Slimes","floor":14,"turns":2},{"damage":8,"enemies":"Hexaghost","floor":16,"turns":9},{"damage":0,"enemies":"3 Byrds","floor":18,"turns":2},{"damage":3,"enemies":"2 Thieves","floor":19,"turns":3},{"damage":16,"enemies":"Snake Plant","floor":20,"turns":3},{"damage":12,"enemies":"Snecko","floor":21,"turns":5},{"damage":21,"enemies":"Centurion and Healer","floor":22,"turns":5},{"damage":29,"enemies":"Gremlin Leader","floor":23,"turns":5}],"seed_played":"-6076018711848132836","potions_obtained":[{"floor":7,"key":"DistilledChaos"},{"floor":11,"key":"Energy Potion"},{"floor":13,"key":"DistilledChaos"},{"floor":19,"key":"MagicPotion:ReiMu"},{"floor":21,"key":"Slimebound:ThreeZeroPotion"},{"floor":22,"key":"SteroidPotion"}],"is_trial":false,"path_per_floor":["M","M","?","?","$","R","E","R","T","R","E","?","?","M","R","B",null,"M","M","M","M","M","E"],"character_chosen":"THE_SILENT","items_purchased":["Noxious Fumes"],"campfire_rested":0,"item_purchase_floors":[5],"current_hp_per_floor":[77,77,70,70,70,70,43,43,43,43,24,12,12,12,12,4,77,77,74,58,46,25,0,0],"gold":564,"neow_bonus":"TEN_PERCENT_HP_BONUS","is_daily":false,"chose_seed":false,"campfire_upgraded":4,"win_rate":0.0,"timestamp":1613854921,"path_taken":["M","M","?","?","?","R","E","R","T","R","E","?","?","M","R","BOSS","M","M","?","M","M","E"],"items_purchased_type":["Card"],"build_version":"2020-12-22","purchased_purges":1,"victory":false,"max_hp_per_floor":[77,77,77,77,77,77,77,77,77,77,77,77,77,77,77,77,77,77,77,77,77,77,77,77],"card_choices":[{"not_picked":["Blur","Bane"],"picked":"Sucker Punch","floor":1},{"not_picked":["Calculated Gamble","Cloak And Dagger"],"picked":"Bane","floor":2},{"not_picked":["Backflip","Acrobatics"],"picked":"aspiration:Lunge","floor":7},{"not_picked":["Cloak And Dagger","Dagger Throw"],"picked":"Crippling Poison","floor":11},{"not_picked":["Backflip","Underhanded Strike"],"picked":"Footwork","floor":14},{"not_picked":["Adrenaline","Doppelganger"],"picked":"Envenom","floor":16},{"not_picked":["Slice","Underhanded Strike"],"picked":"Poisoned Stab","floor":18},{"not_picked":["Dagger Throw","Calculated Gamble"],"picked":"Sucker Punch+1","floor":19},{"not_picked":["Blade Dance+1","Outmaneuver"],"picked":"Finisher+1","floor":20},{"not_picked":["Finisher","Prepared","Choke"],"picked":"SKIP","floor":21},{"not_picked":["Prepared","Dash"],"picked":"Predator","floor":22}],"player_experience":403759,"relics_obtained":[{"floor":4,"key":"Dream Catcher"},{"floor":4,"key":"aspiration:StickyExplosives_weak"},{"floor":4,"key":"Ginger"},{"floor":7,"key":"Old Coin"},{"floor":11,"key":"Happy Flower"}],"event_choices":[{"cards_removed":["Strike_G"],"damage_healed":0,"gold_gain":0,"player_choice":"Card Removal","damage_taken":7,"max_hp_gain":0,"max_hp_loss":0,"event_name":"Golden Wing","floor":3,"gold_loss":0},{"damage_healed":0,"gold_gain":0,"player_choice":"Success","damage_taken":12,"relics_obtained":["Nunchaku"],"max_hp_gain":0,"max_hp_loss":0,"event_name":"Scrap Ooze","floor":12,"gold_loss":0},{"damage_healed":0,"gold_gain":0,"player_choice":"Got Potions","damage_taken":0,"max_hp_gain":0,"max_hp_loss":0,"event_name":"Lab","floor":13,"gold_loss":0}],"is_beta":false,"boss_relics":[{"not_picked":["sneckomod:SneckoTalon","Coffee Dripper"],"picked":"Astrolabe"}],"items_purged_floors":[5],"is_endless":false,"potions_floor_spawned":[7,11,19,21,22],"killed_by":"Gremlin Leader","ascension_level":1}}