{"host":"7sni158j623xchr2","time":1613801876,"event":{"mods":["BaseMod","Colored Map","Highlight Path","Minty Spire (QoL Compilation)","Permanent Neow","Potion Indicator Mod","Rare Cards Sparkle","Relic Sorter","Relic Stats","StSLib","everything is the same but u backflip on backflip"],"gold_per_floor":[110,110,110,127,142,142,173,173,198,217,243,256,331,348,348,448,498,512,512,528,528,548,573,586,586,586,364,364,394,407,507,507,610,610,620,590,607,607,620,620,322,354,354,389,19,38,38,56,56,56,56,56,2,35,35],"floor_reached":56,"language":"ENG","playtime":1682,"items_purged":["Defend_P","Strike_P"],"score":1461,"play_id":"a7296ca2-341c-4ba9-aa43-48dd3b88dc4e","local_time":"20210220001756","is_ascension_mode":true,"campfire_choices":[{"data":"Adaptation","floor":6,"key":"SMITH"},{"data":"Consecrate","floor":8,"key":"SMITH"},{"data":"EmptyFist","floor":15,"key":"SMITH"},{"data":"Fasting2","floor":25,"key":"SMITH"},{"data":"WaveOfTheHand","floor":32,"key":"SMITH"},{"floor":40,"key":"RECALL"},{"data":"Prostrate","floor":47,"key":"SMITH"},{"data":"Vault","floor":49,"key":"SMITH"},{"data":"Wireheading","floor":52,"key":"SMITH"}],"circlet_count":0,"master_deck":["Strike_P","Strike_P+1","Defend_P","Eruption+1","Vigilance","JustLucky","FollowUp","CutThroughFate","Consecrate+1","Adaptation+1","EmptyFist+1","ThirdEye","CutThroughFate+1","FearNoEvil+1","Ghostly","Ghostly","Ghostly","Ghostly","Ghostly","WaveOfTheHand+1","Vault+1","Fasting2+1","Prostrate+1","Crescendo+1","Tantrum+1","Halt+1","Prostrate+1","ThirdEye+1","Parasite","Wireheading+1","Prostrate+1","FlurryOfBlows","EmptyMind"],"relics":["PureWater","Vajra","Orichalcum","Potion Belt","Tiny House","TeardropLocket","Gremlin Horn","Whetstone","Letter Opener","Prayer Wheel","Shuriken","Cursed Key","Nunchaku","Bottled Tornado","Bronze Scales","Incense Burner","Calipers"],"acts_visited":["Exordium","TheCity","TheBeyond","TheEnding"],"potions_floor_usage":[7,29,33,33,41,55,55,55,55,55,55,55],"damage_taken":[{"damage":0,"enemies":"2 Louse","floor":1,"turns":2},{"damage":0,"enemies":"Small Slimes","floor":4,"turns":2},{"damage":0,"enemies":"Jaw Worm","floor":5,"turns":2},{"damage":14,"enemies":"Lagavulin","floor":7,"turns":4},{"damage":3,"enemies":"Red Slaver","floor":10,"turns":3},{"damage":1,"enemies":"3 Sentries","floor":11,"turns":4},{"damage":0,"enemies":"Blue Slaver","floor":12,"turns":2},{"damage":0,"enemies":"Large Slime","floor":14,"turns":1},{"damage":25,"enemies":"Slime Boss","floor":16,"turns":5},{"damage":21,"enemies":"2 Thieves","floor":18,"turns":3},{"damage":0,"enemies":"Shell Parasite","floor":20,"turns":4},{"damage":0,"enemies":"Chosen and Byrds","floor":22,"turns":5},{"damage":0,"enemies":"Slavers","floor":23,"turns":5},{"damage":0,"enemies":"Centurion and Healer","floor":24,"turns":5},{"damage":12,"enemies":"Book of Stabbing","floor":29,"turns":4},{"damage":0,"enemies":"Snecko","floor":30,"turns":6},{"damage":0,"enemies":"Colosseum Slavers","floor":31,"turns":2},{"damage":0,"enemies":"Colosseum Nobs","floor":31,"turns":3},{"damage":21,"enemies":"Champ","floor":33,"turns":9},{"damage":0,"enemies":"Orb Walker","floor":35,"turns":4},{"damage":6,"enemies":"3 Shapes","floor":37,"turns":2},{"damage":0,"enemies":"Spire Growth","floor":39,"turns":5},{"damage":0,"enemies":"Nemesis","floor":42,"turns":7},{"damage":0,"enemies":"Reptomancer","floor":44,"turns":3},{"damage":0,"enemies":"Sphere and 2 Shapes","floor":46,"turns":4},{"damage":4,"enemies":"4 Shapes","floor":48,"turns":3},{"damage":0,"enemies":"Donu and Deca","floor":50,"turns":5},{"damage":0,"enemies":"Shield and Spear","floor":54,"turns":4},{"damage":9,"enemies":"The Heart","floor":55,"turns":8}],"seed_played":"-2523314155407531871","potions_obtained":[{"floor":1,"key":"SpeedPotion"},{"floor":5,"key":"AttackPotion"},{"floor":10,"key":"EntropicBrew"},{"floor":17,"key":"Fruit Juice"},{"floor":18,"key":"SneckoOil"},{"floor":23,"key":"Regen Potion"},{"floor":31,"key":"Swift Potion"},{"floor":36,"key":"SneckoOil"},{"floor":36,"key":"EssenceOfSteel"},{"floor":48,"key":"FairyPotion"}],"is_trial":false,"path_per_floor":["M","?","?","M","M","R","E","R","T","M","E","M","?","M","R","B",null,"M","?","M","?","M","E","M","R","T","$","?","E","M","?","R","B",null,"M","?","M","?","M","R","$","E","T","E","$","M","R","M","R","B",null,"R","$","E","B",null],"character_chosen":"WATCHER","items_purchased":["Whetstone","Nunchaku","Fire Potion","Incense Burner","StancePotion","FlurryOfBlows"],"campfire_rested":0,"item_purchase_floors":[27,41,41,45,45,53],"current_hp_per_floor":[65,70,70,70,70,70,56,56,56,53,52,52,41,41,41,16,75,54,37,37,37,37,37,37,37,37,37,33,21,21,21,21,14,42,42,42,36,36,36,36,41,41,41,41,41,41,41,37,37,37,47,47,47,47,38],"gold":35,"neow_bonus":"TRANSFORM_TWO_CARDS","is_daily":false,"chose_seed":false,"campfire_upgraded":8,"win_rate":0.0,"timestamp":1613801876,"path_taken":["M","?","?","M","M","R","E","R","T","M","E","M","?","M","R","BOSS","M","?","M","?","?","E","M","R","T","$","?","E","M","?","R","BOSS","M","?","?","?","M","R","?","E","T","E","$","M","R","?","R","BOSS","R","$","E","BOSS"],"items_purchased_type":["Relic","Relic","Potion","Relic","Potion","Card"],"build_version":"2020-12-22","purchased_purges":2,"victory":true,"max_hp_per_floor":[65,70,70,70,70,70,70,70,70,70,70,70,70,70,70,70,75,75,37,37,37,37,37,37,37,37,37,42,42,42,42,42,42,42,42,42,42,42,42,42,47,47,47,47,47,47,47,47,47,47,47,47,47,47,47],"relic_stats":{"Nunchaku":[7],"Gremlin Horn":[14,14],"counters":[29,116],"Shuriken":[22],"Bronze Scales":[120],"Prayer Wheel":5,"Whetstone":["FearNoEvil","CutThroughFate"],"Letter Opener":[161],"Orichalcum":[144],"Cursed Key":1,"obtain_stats":[{"Potion Belt":11,"Tiny House":17,"Calipers":54,"Gremlin Horn":26,"Vajra":7,"Incense Burner":45,"TeardropLocket":23,"Whetstone":27,"Letter Opener":29,"Orichalcum":9,"Bottled Tornado":42,"Cursed Key":34,"Nunchaku":41,"Shuriken":31,"Bronze Scales":44,"Prayer Wheel":31,"PureWater":0},{"Potion Belt":6,"Tiny House":9,"Calipers":28,"Gremlin Horn":14,"Vajra":4,"Incense Burner":24,"TeardropLocket":13,"Whetstone":14,"Letter Opener":15,"Orichalcum":4,"Bottled Tornado":23,"Cursed Key":19,"Nunchaku":22,"Shuriken":18,"Bronze Scales":24,"Prayer Wheel":18,"PureWater":0},{"Potion Belt":17,"Tiny House":25,"Calipers":108,"Gremlin Horn":47,"Vajra":10,"Incense Burner":92,"TeardropLocket":42,"Whetstone":47,"Letter Opener":51,"Orichalcum":10,"Bottled Tornado":89,"Cursed Key":71,"Nunchaku":82,"Shuriken":62,"Bronze Scales":92,"Prayer Wheel":62,"PureWater":0}]},"card_choices":[{"not_picked":["Collect","FlurryOfBlows"],"picked":"CutThroughFate","floor":1},{"not_picked":["BowlingBash","SashWhip"],"picked":"Consecrate","floor":4},{"not_picked":["Indignation","Prostrate"],"picked":"Adaptation","floor":5},{"not_picked":["BowlingBash","EmptyBody"],"picked":"EmptyFist","floor":7},{"not_picked":["PathToVictory","Protect","FollowUp"],"picked":"SKIP","floor":10},{"not_picked":["Prostrate","LikeWater"],"picked":"ThirdEye","floor":11},{"not_picked":["Worship","MasterReality"],"picked":"CutThroughFate","floor":12},{"not_picked":["Protect","BowlingBash","ThirdEye"],"picked":"SKIP","floor":14},{"not_picked":["ThirdEye","Protect"],"picked":"FearNoEvil","floor":18},{"not_picked":["Prostrate+1","FlurryOfBlows","WindmillStrike+1"],"picked":"SKIP","floor":20},{"not_picked":["FlyingSleeves+1","WheelKick","Study"],"picked":"SKIP","floor":22},{"not_picked":["ForeignInfluence","Prostrate+1"],"picked":"Fasting2","floor":23},{"not_picked":["SashWhip","Omniscience","Evaluate"],"picked":"SKIP","floor":24},{"not_picked":["BowlingBash+1","Evaluate"],"picked":"Prostrate","floor":29},{"not_picked":["Evaluate","Meditate"],"picked":"Crescendo+1","floor":30},{"not_picked":["CrushJoints+1","Weave"],"picked":"Tantrum+1","floor":35},{"not_picked":["FlyingSleeves","EmptyFist+1"],"picked":"Halt+1","floor":35},{"not_picked":["BowlingBash+1","Weave"],"picked":"Prostrate+1","floor":37},{"not_picked":["CrushJoints+1","FlurryOfBlows","Fasting2+1"],"picked":"SKIP","floor":37},{"not_picked":["Consecrate","CutThroughFate","JustLucky+1"],"picked":"SKIP","floor":39},{"not_picked":["Nirvana","Consecrate+1","EmptyBody"],"picked":"SKIP","floor":39},{"not_picked":["LessonLearned","SpiritShield"],"picked":"ThirdEye+1","floor":42},{"not_picked":["CutThroughFate+1","Evaluate+1"],"picked":"Wireheading","floor":44},{"not_picked":["Nirvana","JustLucky+1","SandsOfTime"],"picked":"SKIP","floor":46},{"not_picked":["Prostrate","ReachHeaven","InnerPeace"],"picked":"SKIP","floor":46},{"not_picked":["CrushJoints","WreathOfFlame"],"picked":"Prostrate+1","floor":48},{"not_picked":["WreathOfFlame+1","FearNoEvil","Adaptation"],"picked":"SKIP","floor":48},{"not_picked":["FlyingSleeves","Protect"],"picked":"EmptyMind","floor":54}],"player_experience":1829540,"relics_obtained":[{"floor":7,"key":"Vajra"},{"floor":9,"key":"Orichalcum"},{"floor":11,"key":"Potion Belt"},{"floor":23,"key":"TeardropLocket"},{"floor":26,"key":"Gremlin Horn"},{"floor":29,"key":"Letter Opener"},{"floor":31,"key":"Prayer Wheel"},{"floor":31,"key":"Shuriken"},{"floor":42,"key":"Bottled Tornado"},{"floor":44,"key":"Bronze Scales"},{"floor":54,"key":"Calipers"}],"event_choices":[{"damage_healed":0,"gold_gain":0,"player_choice":"Donut","damage_taken":0,"max_hp_gain":5,"max_hp_loss":0,"event_name":"Big Fish","floor":2,"gold_loss":0},{"damage_healed":0,"gold_gain":0,"player_choice":"Grow","damage_taken":0,"max_hp_gain":0,"max_hp_loss":0,"event_name":"Living Wall","floor":3,"gold_loss":0,"cards_upgraded":["Eruption"]},{"damage_healed":0,"gold_gain":75,"player_choice":"Gather Gold","damage_taken":11,"max_hp_gain":0,"max_hp_loss":0,"event_name":"World of Goop","floor":13,"gold_loss":0},{"damage_healed":0,"gold_gain":0,"player_choice":"Became a Ghost","damage_taken":0,"max_hp_gain":0,"max_hp_loss":38,"event_name":"Ghosts","floor":19,"gold_loss":0,"cards_obtained":["Ghostly","Ghostly","Ghostly","Ghostly","Ghostly"]},{"damage_healed":0,"gold_gain":0,"player_choice":"2 cards matched","damage_taken":0,"max_hp_gain":0,"max_hp_loss":0,"event_name":"Match and Keep!","floor":21,"gold_loss":0,"cards_obtained":["WaveOfTheHand","Vault"]},{"damage_healed":0,"gold_gain":0,"player_choice":"Shed Blood","damage_taken":9,"max_hp_gain":5,"max_hp_loss":0,"event_name":"Forgotten Altar","floor":28,"gold_loss":0},{"damage_healed":0,"gold_gain":0,"player_choice":"Fight","damage_taken":0,"max_hp_gain":0,"max_hp_loss":0,"event_name":"Colosseum","floor":31,"gold_loss":0},{"damage_healed":0,"gold_gain":0,"player_choice":"Fought Nobs","damage_taken":0,"max_hp_gain":0,"max_hp_loss":0,"event_name":"Colosseum","floor":31,"gold_loss":0},{"damage_healed":0,"gold_gain":0,"player_choice":"Bought 2 Potions","damage_taken":0,"max_hp_gain":0,"max_hp_loss":0,"event_name":"The Woman in Blue","floor":36,"gold_loss":0},{"cards_removed":["Defend_P"],"damage_healed":0,"gold_gain":0,"player_choice":"Removed Skill","damage_taken":0,"max_hp_gain":0,"max_hp_loss":0,"event_name":"Falling","floor":38,"gold_loss":0}],"is_beta":false,"boss_relics":[{"not_picked":["Snecko Eye","Fusion Hammer"],"picked":"Tiny House"},{"not_picked":["Sozu","Pandora\u0027s Box"],"picked":"Cursed Key"}],"items_purged_floors":[27,41],"is_endless":false,"potions_floor_spawned":[1,5,10,18,23,31,37,42,48,54],"ascension_level":1}}