{"host":"z4nt7tdd4gjrinn7","time":1613846655,"event":{"mods":["100% Spire Juice","BaseMod","Minty Spire (QoL Compilation)","StS++","StSLib","The Hierophant"],"gold_per_floor":[213,288,304,6,6,37,212,212,212,212,14,14,64,74,74,171,171,189,207,207,130,141,141,141,141,168,97,127,127,48,82,82,182,182,194,194,194,41,41,41,72,72,72,72,97,97,97],"floor_reached":46,"language":"ENG","playtime":2201,"items_purged":[],"score":504,"play_id":"2ae2adcc-4784-41f2-b746-f325c2f8a611","local_time":"20210220134415","is_ascension_mode":false,"campfire_choices":[{"floor":8,"key":"REST"},{"floor":10,"key":"DIG"},{"floor":15,"key":"REST"},{"floor":23,"key":"REST"},{"floor":29,"key":"REST"},{"floor":32,"key":"REST"},{"floor":40,"key":"REST"},{"floor":42,"key":"REST"}],"circlet_count":0,"master_deck":["Strike_B","Strike_B","Strike_B","Strike_B","Defend_B","Defend_B","Defend_B","Zap","Dualcast","Cold Snap","Rebound","Melter","Doubt","Leap","Creative AI+1","CurseOfTheBell","Gash","Defragment+1","Storm+1","Barrage","Static Discharge+1","StSpp:Igniter+1","Recycle+1","Defragment+1","Echo Form+1","Gash","Self Repair+1"],"relics":["Cracked Core","Lee\u0027s Waffle","Bronze Scales","Frozen Egg 2","Shovel","Happy Flower","Toy Ornithopter","Art of War","MealTicket","Calling Bell","Boot","Meat on the Bone","TungstenRod","MutagenicStrength","PreservedInsect","Ancient Tea Set","Singing Bowl","Inserter","Juzu Bracelet","Sling","Bag of Preparation","Question Card","StSpp:BackupBattery"],"acts_visited":["Exordium","TheCity","TheBeyond"],"potions_floor_usage":[16,16,19,19,33],"damage_taken":[{"damage":0,"enemies":"Small Slimes","floor":1,"turns":2},{"damage":9,"enemies":"2 Louse","floor":3,"turns":2},{"damage":17,"enemies":"3 Sentries","floor":6,"turns":6},{"damage":1,"enemies":"Jaw Worm","floor":14,"turns":2},{"damage":37,"enemies":"The Guardian","floor":16,"turns":10},{"damage":23,"enemies":"3 Byrds","floor":18,"turns":4},{"damage":25,"enemies":"2 Thieves","floor":19,"turns":5},{"damage":15,"enemies":"Centurion and Healer","floor":22,"turns":4},{"damage":35,"enemies":"Gremlin Leader","floor":28,"turns":4},{"damage":12,"enemies":"Book of Stabbing","floor":31,"turns":3},{"damage":71,"enemies":"Automaton","floor":33,"turns":6},{"damage":38,"enemies":"3 Darklings","floor":35,"turns":4},{"damage":46,"enemies":"Giant Head","floor":41,"turns":6},{"damage":57,"enemies":"Reptomancer","floor":45,"turns":5},{"damage":39,"enemies":"Orb Walker","floor":46,"turns":4}],"seed_played":"-6346111420710334259","potions_obtained":[{"floor":14,"key":"LiquidBronze"},{"floor":16,"key":"ColorlessPotion"},{"floor":19,"key":"Fruit Juice"},{"floor":28,"key":"EssenceOfSteel"},{"floor":35,"key":"StSpp:ScatteredWeakPotion"}],"is_trial":false,"path_per_floor":["M","?","M","$","?","E","?","R","T","R","$","?","T","M","R","B",null,"M","M","?","$","M","R","?","?","T","$","E","R","$","E","R","B",null,"M","?","?","$","?","R","E","R","T","?","E","M"],"character_chosen":"DEFECT","items_purchased":["Lee\u0027s Waffle","Bronze Scales","Toy Ornithopter","Explosive Potion","Storm+1","StSpp:Igniter+1","Defragment+1","Sling"],"campfire_rested":7,"item_purchase_floors":[4,4,11,11,21,27,30,38],"current_hp_per_floor":[75,64,55,82,82,65,65,82,82,82,82,64,64,63,82,45,82,59,61,61,76,61,87,87,87,87,87,52,78,87,77,89,30,89,51,51,51,66,66,89,55,81,81,81,38,0,0],"gold":97,"neow_bonus":"HUNDRED_GOLD","is_daily":false,"chose_seed":false,"campfire_upgraded":0,"win_rate":0.0,"timestamp":1613846655,"path_taken":["M","?","M","$","?","E","?","R","T","R","?","?","?","M","R","BOSS","M","M","?","$","M","R","?","?","T","?","E","R","$","E","R","BOSS","M","?","?","$","?","R","E","R","T","?","E","M"],"items_purchased_type":["Relic","Relic","Relic","Potion","Card","Card","Card","Relic"],"build_version":"2020-12-22","purchased_purges":0,"victory":false,"max_hp_per_floor":[75,75,75,82,82,82,82,82,82,82,82,82,82,82,82,82,82,82,87,87,87,87,87,87,87,87,87,87,87,87,89,89,89,89,89,89,89,89,89,89,89,89,89,85,87,87,87],"card_choices":[{"not_picked":["Reinforced Body","Rebound"],"picked":"Cold Snap","floor":1},{"not_picked":["Blizzard","Hologram"],"picked":"Rebound","floor":3},{"not_picked":["Barrage","Stack"],"picked":"Melter","floor":6},{"not_picked":["Rebound","Amplify"],"picked":"Leap","floor":14},{"not_picked":["Meteor Strike","Biased Cognition+1"],"picked":"Creative AI+1","floor":16},{"not_picked":["Undo","Sweeping Beam"],"picked":"Gash","floor":18},{"not_picked":["Skim","Redo"],"picked":"Defragment+1","floor":19},{"not_picked":["Blizzard","Consume"],"picked":"Barrage","floor":22},{"not_picked":["Streamline+1","Tempest"],"picked":"Recycle+1","floor":28},{"not_picked":["Steam Power","Storm+1","Hologram+1"],"picked":"Singing Bowl","floor":31},{"not_picked":["Biased Cognition+1","Reboot"],"picked":"Echo Form+1","floor":33},{"not_picked":["Defragment+1","Redo+1"],"picked":"Gash","floor":35},{"not_picked":["Steam+1","Streamline+1"],"picked":"Self Repair+1","floor":41},{"not_picked":["Conserve Battery","Go for the Eyes+1","Beam Cell","Gash+1"],"picked":"Singing Bowl","floor":45}],"player_experience":217118,"relics_obtained":[{"floor":6,"key":"Frozen Egg 2"},{"floor":9,"key":"Shovel"},{"floor":10,"key":"Happy Flower"},{"floor":13,"key":"MealTicket"},{"floor":17,"key":"Boot"},{"floor":17,"key":"Meat on the Bone"},{"floor":17,"key":"TungstenRod"},{"floor":26,"key":"PreservedInsect"},{"floor":28,"key":"Ancient Tea Set"},{"floor":31,"key":"Singing Bowl"},{"floor":41,"key":"Bag of Preparation"},{"floor":43,"key":"Question Card"},{"floor":45,"key":"StSpp:BackupBattery"}],"event_choices":[{"damage_healed":0,"gold_gain":75,"player_choice":"Gather Gold","damage_taken":11,"max_hp_gain":0,"max_hp_loss":0,"event_name":"World of Goop","floor":2,"gold_loss":0},{"damage_healed":0,"gold_gain":0,"player_choice":"Ignored","damage_taken":0,"max_hp_gain":0,"max_hp_loss":0,"event_name":"Shining Light","floor":5,"gold_loss":0},{"damage_healed":0,"gold_gain":175,"player_choice":"AGREE","damage_taken":0,"max_hp_gain":0,"max_hp_loss":0,"event_name":"Liars Game","floor":7,"gold_loss":0,"cards_obtained":["Doubt"]},{"damage_healed":0,"gold_gain":0,"player_choice":"Success","damage_taken":18,"relics_obtained":["Art of War"],"max_hp_gain":0,"max_hp_loss":0,"event_name":"Scrap Ooze","floor":12,"gold_loss":0},{"damage_healed":0,"gold_gain":0,"player_choice":"Inject Mutagens","damage_taken":0,"relics_obtained":["MutagenicStrength"],"max_hp_gain":0,"max_hp_loss":0,"event_name":"Drug Dealer","floor":20,"gold_loss":0},{"damage_healed":0,"gold_gain":0,"player_choice":"Read","damage_taken":0,"max_hp_gain":0,"max_hp_loss":0,"event_name":"The Library","floor":24,"gold_loss":0,"cards_obtained":["Static Discharge"]},{"damage_healed":0,"gold_gain":0,"player_choice":"Ignored","damage_taken":0,"max_hp_gain":0,"max_hp_loss":0,"event_name":"Cursed Tome","floor":25,"gold_loss":0},{"cards_removed":["Defend_B"],"damage_healed":0,"gold_gain":0,"player_choice":"Removed Skill","damage_taken":0,"max_hp_gain":0,"max_hp_loss":0,"event_name":"Falling","floor":36,"gold_loss":0},{"damage_healed":0,"gold_gain":0,"player_choice":"Gave Potion","damage_taken":0,"relics_obtained":["Juzu Bracelet"],"max_hp_gain":0,"max_hp_loss":0,"event_name":"WeMeetAgain","floor":37,"gold_loss":0},{"damage_healed":0,"gold_gain":0,"player_choice":"Ignored","damage_taken":0,"max_hp_gain":0,"max_hp_loss":0,"event_name":"Mysterious Sphere","floor":39,"gold_loss":0},{"damage_healed":0,"gold_gain":0,"player_choice":"Max HP","damage_taken":0,"max_hp_gain":0,"max_hp_loss":4,"event_name":"Winding Halls","floor":44,"gold_loss":0}],"is_beta":false,"boss_relics":[{"not_picked":["Velvet Choker","Astrolabe"],"picked":"Calling Bell"},{"not_picked":["StSpp:CrystalBall","Philosopher\u0027s Stone"],"picked":"Inserter"}],"items_purged_floors":[],"is_endless":false,"potions_floor_spawned":[14,16,19,28,35],"killed_by":"Orb Walker","ascension_level":0}}