{"host":"ut3q8wc68upnfjmc","time":1613791259,"event":{"mods":["BaseMod","Colored Map","Colored Powertips","Downfall","Minty Spire (QoL Compilation)","StSLib","Unceasing Turn Reminder"],"gold_per_floor":[109,41,41,60,35,67,67,81,81,96,130,130,24,24,24],"floor_reached":14,"language":"ENG","playtime":500,"items_purged":[],"score":141,"play_id":"5ac656ab-d879-413a-9bf9-41383a1f3583","local_time":"20210219212059","is_ascension_mode":true,"campfire_choices":[{"data":"Footwork","floor":7,"key":"SMITH"}],"circlet_count":0,"master_deck":["Strike_G","Strike_G+1","Strike_G","Strike_G","Strike_G","Defend_G+1","Defend_G","Defend_G","Defend_G","Defend_G","Survivor","Neutralize","Well Laid Plans","Footwork+1","Slice","Flying Knee","Poisoned Stab","Flying Knee","Catalyst","Flash of Steel","Prepared"],"relics":["Ring of the Snake","NeowsBlessing","Matryoshka","Omamori","Unceasing Top","Eternal Feather"],"acts_visited":["Exordium"],"potions_floor_usage":[8,10,11,11],"damage_taken":[{"damage":0,"enemies":"Small Slimes","floor":1,"turns":1},{"damage":0,"enemies":"2 Louse","floor":4,"turns":1},{"damage":0,"enemies":"Gremlin Nob","floor":6,"turns":1},{"damage":0,"enemies":"Jaw Worm","floor":8,"turns":3},{"damage":5,"enemies":"Lots of Slimes","floor":10,"turns":3},{"damage":47,"enemies":"Lagavulin","floor":11,"turns":6},{"damage":33,"enemies":"Gremlin Nob","floor":14,"turns":3}],"seed_played":"-4091891393525732968","potions_obtained":[{"floor":1,"key":"SneckoOil"},{"floor":6,"key":"FearPotion"},{"floor":8,"key":"Fire Potion"},{"floor":10,"key":"LiquidMemories"}],"is_trial":false,"path_per_floor":["M","$","?","M","$","E","R","M","T","M","E","?","$","E"],"character_chosen":"THE_SILENT","items_purchased":["Footwork","Flying Knee","Flash of Steel","Prepared"],"campfire_rested":0,"item_purchase_floors":[2,5,13,13],"current_hp_per_floor":[70,70,56,56,56,56,56,56,56,51,4,4,4,0,0],"gold":24,"neow_bonus":"THREE_ENEMY_KILL","is_daily":false,"chose_seed":false,"campfire_upgraded":1,"win_rate":0.0,"timestamp":1613791259,"path_taken":["M","$","?","M","$","E","R","M","T","M","E","?","$","E"],"items_purchased_type":["Card","Card","Card","Card"],"build_version":"2020-12-22","purchased_purges":0,"victory":false,"max_hp_per_floor":[70,70,70,70,70,70,70,70,70,70,70,70,70,70,70],"card_choices":[{"not_picked":["Tactician","Dodge and Roll"],"picked":"Well Laid Plans","floor":1},{"not_picked":["Escape Plan","Backflip"],"picked":"Slice","floor":4},{"not_picked":["Riddle With Holes","Dagger Spray","Finisher"],"picked":"SKIP","floor":6},{"not_picked":["Reflex","Outmaneuver"],"picked":"Poisoned Stab","floor":8},{"not_picked":["Acrobatics","Quick Slash"],"picked":"Flying Knee","floor":10},{"not_picked":["Infinite Blades","Dagger Throw"],"picked":"Catalyst","floor":11}],"player_experience":62068,"relics_obtained":[{"floor":6,"key":"Matryoshka"},{"floor":9,"key":"Omamori"},{"floor":9,"key":"Unceasing Top"},{"floor":11,"key":"Eternal Feather"}],"event_choices":[{"damage_healed":0,"gold_gain":0,"player_choice":"Entered Light","damage_taken":14,"max_hp_gain":0,"max_hp_loss":0,"event_name":"Shining Light","floor":3,"gold_loss":0,"cards_upgraded":["Strike_G","Defend_G"]},{"damage_healed":0,"gold_gain":0,"player_choice":"Ignored","damage_taken":0,"max_hp_gain":0,"max_hp_loss":0,"event_name":"Liars Game","floor":12,"gold_loss":0}],"is_beta":false,"boss_relics":[],"items_purged_floors":[],"is_endless":false,"potions_floor_spawned":[1,6,8,10],"killed_by":"Gremlin Nob","ascension_level":3}}