{"host":"2se5dq1do2gp0x9k","time":1613797948,"event":{"mods":["AchievementEnabler","BaseMod","Block Reminder","Colored Map","Colored Powertips","Minty Spire (QoL Compilation)","Relic Stats","StSLib","SuperFastMode"],"gold_per_floor":[114,132,151,151,162,162,182,182,182,212,212,228,247,247,247],"floor_reached":14,"language":"ENG","playtime":360,"items_purged":[],"score":188,"play_id":"a4a934be-f87b-4d03-bef9-7b5c276346fe","local_time":"20210219211228","is_ascension_mode":true,"campfire_choices":[{"data":"Hologram","floor":6,"key":"SMITH"},{"data":"Zap","floor":8,"key":"SMITH"},{"data":"Conserve Battery","floor":11,"key":"SMITH"}],"circlet_count":0,"master_deck":["AscendersBane","Strike_B","Strike_B","Strike_B","Strike_B","Defend_B","Defend_B","Defend_B","Defend_B","Zap+1","Dualcast","Gash","Conserve Battery+1","Ball Lightning","Hologram+1","Cold Snap","Glacier","Coolheaded","Hello World+1"],"relics":["Cracked Core","NeowsBlessing","Frozen Egg 2","Mercury Hourglass"],"acts_visited":["Exordium"],"potions_floor_usage":[10],"damage_taken":[{"damage":0,"enemies":"2 Louse","floor":1,"turns":1},{"damage":0,"enemies":"Cultist","floor":2,"turns":1},{"damage":0,"enemies":"Jaw Worm","floor":3,"turns":1},{"damage":0,"enemies":"2 Fungi Beasts","floor":5,"turns":4},{"damage":8,"enemies":"Blue Slaver","floor":7,"turns":4},{"damage":25,"enemies":"Lagavulin","floor":10,"turns":8},{"damage":7,"enemies":"Looter","floor":12,"turns":3},{"damage":10,"enemies":"Lots of Slimes","floor":13,"turns":3},{"damage":23,"enemies":"Gremlin Nob","floor":14,"turns":3}],"seed_played":"5981510918741605755","potions_obtained":[{"floor":4,"key":"AttackPotion"},{"floor":4,"key":"LiquidBronze"},{"floor":10,"key":"SteroidPotion"}],"is_trial":false,"path_per_floor":["M","M","M","?","M","R","M","R","T","E","R","M","M","E"],"character_chosen":"DEFECT","items_purchased":[],"campfire_rested":0,"item_purchase_floors":[],"current_hp_per_floor":[64,64,64,64,64,64,56,56,56,31,31,24,14,0,0],"gold":247,"neow_bonus":"THREE_ENEMY_KILL","is_daily":false,"chose_seed":false,"campfire_upgraded":3,"win_rate":0.0,"timestamp":1613797948,"path_taken":["M","M","M","?","M","R","M","R","T","E","R","?","M","E"],"items_purchased_type":[],"build_version":"2020-12-22","purchased_purges":0,"victory":false,"max_hp_per_floor":[71,71,71,71,71,71,71,71,71,71,71,71,71,71,71],"relic_stats":{"counters":[9,28],"obtain_stats":[{"NeowsBlessing":0,"Frozen Egg 2":9,"Cracked Core":0,"Mercury Hourglass":10},{"NeowsBlessing":0,"Frozen Egg 2":5,"Cracked Core":0,"Mercury Hourglass":6},{"NeowsBlessing":0,"Frozen Egg 2":11,"Cracked Core":0,"Mercury Hourglass":19}],"Mercury Hourglass":[51]},"card_choices":[{"not_picked":["Steam","Conserve Battery"],"picked":"Gash","floor":1},{"not_picked":["Steam","Fusion"],"picked":"Conserve Battery","floor":2},{"not_picked":["Cold Snap","Barrage"],"picked":"Ball Lightning","floor":3},{"not_picked":["Hello World","Rip and Tear"],"picked":"Hologram","floor":5},{"not_picked":["Go for the Eyes","Chaos"],"picked":"Cold Snap","floor":7},{"not_picked":["Meteor Strike","Barrage"],"picked":"Glacier","floor":10},{"not_picked":["White Noise","Tempest"],"picked":"Coolheaded","floor":12},{"not_picked":["Redo","Sunder"],"picked":"Hello World+1","floor":13}],"player_experience":4082492,"relics_obtained":[{"floor":9,"key":"Frozen Egg 2"},{"floor":10,"key":"Mercury Hourglass"}],"event_choices":[{"damage_healed":0,"gold_gain":0,"player_choice":"Got Potions","damage_taken":0,"max_hp_gain":0,"max_hp_loss":0,"event_name":"Lab","floor":4,"gold_loss":0}],"is_beta":false,"boss_relics":[],"items_purged_floors":[],"is_endless":false,"potions_floor_spawned":[7,10,13],"killed_by":"Gremlin Nob","ascension_level":20}}