{"host":"36zn1fhase90d3ns","time":1613812444,"event":{"mods":["100% Spire Juice","2.2 Compatiblity","AchievementEnabler","Act Like it!","Aspiration","BaseMod","BetterRewards","Block Reminder","Colored Map","Colored Powertips","Conspire","Curses Come First","Custom Start","Dark Map","Energized Spire","Friendly Minions","Halation","Hermit","Hubris","Lobotomy","Minty Spire (QoL Compilation)","Prisma Mod","Quick Restart","Reimu??????","Relic Sorter","Reliquary","Remilia??????","Replay The Spire","Spicy Shops","StSLib","The Necromancer","Unceasing Turn Reminder","Yohane!","??????REMEMod"],"gold_per_floor":[116,116,16,16,29,29,29,29,55,85,98,98,98,173,173,274,274,293,41,41,59,77,77,95,95,95],"floor_reached":25,"language":"ENG","playtime":1520,"items_purged":["SandsOfTime","Strike_Lin:ReiMu","Strike_Lin:ReiMu"],"score":199,"play_id":"b8cdc17d-8be6-4dec-bbdc-5caeca33bf2f","local_time":"20210220031404","is_ascension_mode":false,"campfire_choices":[{"data":"NineCharacters:ReiMu","floor":6,"key":"SMITH"},{"data":"NineCharacters:ReiMu","floor":8,"key":"SMITH"},{"floor":12,"key":"REST"},{"floor":15,"key":"REST"},{"floor":23,"key":"REST"}],"circlet_count":0,"master_deck":["Strike_Lin:ReiMu+1","Strike_Lin:ReiMu+1","Defend_Lin:ReiMu","Defend_Lin:ReiMu","Defend_Lin:ReiMu","Defend_Lin:ReiMu","NB:ReiMu","Stagnation:ReiMu","YinYangSange:ReiMu","DoubleButterfly:ReiMu","NineCharacters:ReiMu+1","NineCharacters:ReiMu+1","OctopathBindingBorder2:ReiMu","SealNeedle:ReiMu","Revelation:ReiMu","Defend_Lin:ReiMu","DependentForm:ReiMu","PhosphorusFlame:ReiMu","TightArray:ReiMu","NineCharacters:ReiMu"],"relics":["FlyPower:ReiMu","REME_ComplimentaryCards","Whetstone","Sling","Boot","Potion Belt","halation:BlackBeret","halation:PrussianBluePaint","The Courier","RedLine:ReiMu","Lizard Tail","Vajra"],"acts_visited":["Exordium","TheCity"],"potions_floor_usage":[16,21,21],"damage_taken":[{"damage":0,"enemies":"Small Slimes","floor":1,"turns":4},{"damage":0,"enemies":"2 Louse","floor":5,"turns":3},{"damage":9,"enemies":"Gremlin Nob","floor":10,"turns":6},{"damage":0,"enemies":"Jaw Worm","floor":11,"turns":5},{"damage":26,"enemies":"Slime Boss","floor":16,"turns":16},{"damage":15,"enemies":"Spheric Guardian","floor":18,"turns":10},{"damage":31,"enemies":"2 Thieves","floor":21,"turns":5},{"damage":11,"enemies":"Centurion and Healer","floor":22,"turns":12},{"damage":32,"enemies":"Cultist and Chosen","floor":24,"turns":9},{"damage":36,"enemies":"Gremlin Leader","floor":25,"turns":4}],"seed_played":"-5181450380883763810","potions_obtained":[{"floor":1,"key":"SteroidPotion"},{"floor":5,"key":"SneckoOil"},{"floor":18,"key":"FearPotion"}],"is_trial":false,"path_per_floor":["M","?","$","?","M","R","$","R","T","E","M","R","?","?","R","B",null,"M","$","?","M","M","R","M","E"],"character_chosen":"REIMU","items_purchased":["YinYangSange:ReiMu","DoubleButterfly:ReiMu","Whetstone","Sling","NineCharacters:ReiMu","Boot","Potion Belt","Lizard Tail","Vajra","TightArray:ReiMu"],"campfire_rested":3,"item_purchase_floors":[0,0,0,0,0,0,0,19,19,19],"current_hp_per_floor":[34,34,34,27,27,27,27,27,27,18,18,37,37,26,45,19,65,50,50,50,19,8,27,32,0,0],"gold":95,"neow_bonus":"","is_daily":false,"chose_seed":false,"campfire_upgraded":2,"win_rate":0.0,"timestamp":1613812444,"path_taken":["M","?","$","?","M","R","$","R","T","E","M","R","?","?","R","BOSS","M","$","?","M","M","R","M","E"],"items_purchased_type":["Card","Card","Relic","Relic","Card","Relic","Relic","Relic","Relic","Card"],"build_version":"2020-12-22","purchased_purges":3,"victory":false,"max_hp_per_floor":[65,65,65,65,65,65,65,65,65,65,65,65,65,65,65,65,65,65,65,65,65,65,65,65,65,65],"card_choices":[{"not_picked":["YinYangSange:ReiMu","SpreadBorder2:ReiMu"],"picked":"OctopathBindingBorder2:ReiMu","floor":1},{"not_picked":["AlertArray:ReiMu","Amulet:ReiMu"],"picked":"SealNeedle:ReiMu","floor":5},{"not_picked":["CollectionFlower2:ReiMu","FineLineFantasy:ReiMu"],"picked":"Revelation:ReiMu","floor":10},{"not_picked":["WonderfulDomain:ReiMu","AlertArray:ReiMu","AirStrike:ReiMu"],"picked":"SKIP","floor":11},{"not_picked":["KamiRite:ReiMu","CleanRite:ReiMu"],"picked":"DependentForm:ReiMu","floor":16},{"not_picked":["ShadowOfCrow2:ReiMu","AlertArray:ReiMu+1"],"picked":"PhosphorusFlame:ReiMu","floor":18},{"not_picked":["MountainWay:ReiMu+1","SpringWay:ReiMu"],"picked":"NineCharacters:ReiMu","floor":21},{"not_picked":["BarrageOfMoneybags:ReiMu+1","AlertArray:ReiMu","TightArray:ReiMu"],"picked":"SKIP","floor":22},{"not_picked":["DoubleButterfly:ReiMu","PrepareRite:ReiMu+1","PhosphorusFlame:ReiMu"],"picked":"SKIP","floor":24}],"player_experience":544098,"relics_obtained":[{"floor":9,"key":"halation:PrussianBluePaint"},{"floor":10,"key":"The Courier"}],"event_choices":[{"damage_healed":0,"gold_gain":0,"player_choice":"Success","damage_taken":7,"relics_obtained":["halation:BlackBeret"],"max_hp_gain":0,"max_hp_loss":0,"event_name":"Scrap Ooze","floor":4,"gold_loss":0},{"damage_healed":0,"gold_gain":75,"player_choice":"Gather Gold","damage_taken":11,"max_hp_gain":0,"max_hp_loss":0,"event_name":"World of Goop","floor":14,"gold_loss":0},{"damage_healed":0,"gold_gain":0,"player_choice":"Ignored","damage_taken":0,"max_hp_gain":0,"max_hp_loss":0,"event_name":"Vampires","floor":20,"gold_loss":0}],"is_beta":false,"boss_relics":[{"not_picked":["conspire:SlowCooker","SlaversCollar"],"picked":"RedLine:ReiMu"}],"items_purged_floors":[0,3,19],"is_endless":false,"potions_floor_spawned":[1,5,18],"killed_by":"Gremlin Leader","ascension_level":0}}