{"host":"g7uq9uzahx9e0kti","time":1613792838,"event":{"mods":["100% Spire Juice","AchievementEnabler","Act Like it!","Arknights","BaseMod","CapriCore","Hermit","Koishi","Minty Spire (QoL Compilation)","Quick Restart","StSLib","SuperFastMode","The Bug Knight","The Cursed","The Hierophant","The Poker Player","Together in Spire","WarShipGirlsR/??á´Ò³R mod"],"gold_per_floor":[119,119,136,136,7,7,32,42,92,14,28,54,72,87,87,192,192,209,221,234,48,48,78,78,112,112,112,128,203,238,255,255,357,357,370,390,408,426,426,454,454,484,509,509,522,522,522,553,553,553,553,553,32,62,62,62],"floor_reached":55,"language":"KOR","playtime":3116,"items_purged":["rmod:strick"],"score":997,"play_id":"a825edaf-4b97-4fae-bb23-709d8fd0a95a","local_time":"20210220124718","is_ascension_mode":true,"campfire_choices":[{"data":"Mind Blast","floor":6,"key":"SMITH"},{"floor":15,"key":"REST"},{"data":"rmod:maintain","floor":24,"key":"SMITH"},{"data":"rmod:diamondstrike","floor":27,"key":"SMITH"},{"data":"rmod:lonelyqueen","floor":32,"key":"SMITH"},{"floor":41,"key":"REST"},{"floor":44,"key":"REST"},{"data":"Madness","floor":47,"key":"SMITH"},{"floor":49,"key":"RECALL"},{"data":"rmod:ammunitionsupply","floor":52,"key":"SMITH"}],"circlet_count":0,"master_deck":["rmod:strick","rmod:strick","rmod:defend","rmod:defend","rmod:defend","rmod:basicallowance+1","rmod:maingunfire","rmod:fletcherpendant+1","rmod:fletcherpendant","rmod:firesupport","Mind Blast+1","rmod:aggressivemary","rmod:supportescort","rmod:launchingtorpedo","rmod:ammunitionsupply+1","rmod:lonelyqueen+1","rmod:unsinkable","rmod:highspeedmaneuver","rmod:tearstotiara","rmod:intelligenceanalysis","rmod:ridicule","rmod:mineteam","rmod:maintain+1","rmod:royalracing","rmod:combined","rmod:diamondstrike+1","rmod:openingtorpedo+1","rmod:fletcherpendant","rmod:diamondstrike+1","rmod:firesupport+1","rmod:aviationdawn+1","rmod:firesupport+1","rmod:selfconfidence+1","Madness+1","Madness","rmod:fletcherpendant+1","Panache","rmod:steelsupply+1","rmod:supportescort+1"],"relics":["rmod:firstchargereward","Omamori","PreservedInsect","Vajra","Cursed Key","Ornamental Fan","Pen Nib","MealTicket","Ginger","Runic Pyramid","Singing Bowl","Gremlin Horn","Bronze Scales","Bag of Preparation","rmod:extraamm","Lee\u0027s Waffle","Toy Ornithopter"],"acts_visited":["Exordium","TheCity","TheBeyond","TheEnding"],"potions_floor_usage":[7,13,13,33,33,40,40,50,55,55],"damage_taken":[{"damage":0,"enemies":"Jaw Worm","floor":1,"turns":3},{"damage":0,"enemies":"2 Louse","floor":3,"turns":2},{"damage":8,"enemies":"Gremlin Nob","floor":7,"turns":3},{"damage":0,"enemies":"Cultist","floor":8,"turns":2},{"damage":13,"enemies":"Red Slaver","floor":11,"turns":2},{"damage":14,"enemies":"3 Sentries","floor":12,"turns":6},{"damage":5,"enemies":"Lots of Slimes","floor":13,"turns":3},{"damage":0,"enemies":"Looter","floor":14,"turns":2},{"damage":30,"enemies":"The Guardian","floor":16,"turns":6},{"damage":7,"enemies":"2 Thieves","floor":18,"turns":4},{"damage":0,"enemies":"Chosen","floor":19,"turns":3},{"damage":10,"enemies":"3 Cultists","floor":20,"turns":5},{"damage":17,"enemies":"Book of Stabbing","floor":23,"turns":4},{"damage":0,"enemies":"Slavers","floor":25,"turns":3},{"damage":0,"enemies":"Sentry and Sphere","floor":28,"turns":2},{"damage":0,"enemies":"Gremlin Leader","floor":30,"turns":1},{"damage":2,"enemies":"Centurion and Healer","floor":31,"turns":3},{"damage":29,"enemies":"Automaton","floor":33,"turns":7},{"damage":0,"enemies":"3 Darklings","floor":35,"turns":2},{"damage":3,"enemies":"3 Shapes","floor":36,"turns":1},{"damage":0,"enemies":"Transient","floor":37,"turns":5},{"damage":5,"enemies":"4 Shapes","floor":38,"turns":3},{"damage":54,"enemies":"Nemesis","floor":40,"turns":5},{"damage":22,"enemies":"Giant Head","floor":42,"turns":3},{"damage":0,"enemies":"Transient","floor":45,"turns":5},{"damage":0,"enemies":"Nemesis","floor":48,"turns":1},{"damage":25,"enemies":"Time Eater","floor":50,"turns":7},{"damage":0,"enemies":"Shield and Spear","floor":54,"turns":3},{"damage":129,"enemies":"The Heart","floor":55,"turns":6}],"seed_played":"-1206993053367373177","potions_obtained":[{"floor":3,"key":"ColorlessPotion"},{"floor":8,"key":"ColorlessPotion"},{"floor":11,"key":"Energy Potion"},{"floor":16,"key":"FairyPotion"},{"floor":18,"key":"ColorlessPotion"},{"floor":25,"key":"PowerPotion"},{"floor":30,"key":"LiquidMemories"},{"floor":36,"key":"EssenceOfSteel"},{"floor":37,"key":"EssenceOfSteel"},{"floor":45,"key":"BlessingOfTheForge"}],"is_trial":false,"path_per_floor":["M","?","M","?","$","R","E","M","T","$","M","E","M","M","R","B",null,"M","M","M","$","?","E","R","E","T","R","M","?","E","M","R","B",null,"M","M","M","M","?","E","R","E","T","R","M","?","R","E","R","B",null,"R","$","E","B"],"character_chosen":"PRAEFECT","items_purchased":["rmod:firesupport","Mind Blast","rmod:goodsister","rmod:mineteam","rmod:maintain","rmod:royalracing","rmod:extraamm","Lee\u0027s Waffle","SneckoOil","AttackPotion"],"campfire_rested":3,"item_purchase_floors":[5,5,10,21,21,21,53,53,53,53],"current_hp_per_floor":[75,60,60,53,53,53,45,45,45,45,32,18,13,13,35,5,75,68,68,58,58,58,41,41,41,41,41,41,34,34,32,32,3,75,75,72,72,67,58,6,29,9,9,32,32,29,29,29,29,4,81,81,88,88,0,0],"gold":62,"neow_bonus":"REMOVE_CARD","is_daily":false,"chose_seed":false,"campfire_upgraded":6,"win_rate":0.0,"timestamp":1613792838,"path_taken":["M","?","M","?","$","R","E","M","T","?","M","E","M","M","R","BOSS","M","?","M","$","?","E","R","E","T","R","?","?","E","M","R","BOSS","M","?","?","M","?","E","R","E","T","R","M","?","R","E","R","BOSS","R","$","E","BOSS"],"items_purchased_type":["Card","Card","Card","Card","Card","Card","Relic","Relic","Potion","Potion"],"build_version":"2020-12-22","purchased_purges":1,"victory":false,"max_hp_per_floor":[75,75,75,75,75,75,75,75,75,75,75,75,75,75,75,75,75,75,75,75,75,75,75,75,75,75,75,75,75,75,75,75,75,75,75,75,75,75,75,77,77,79,79,79,79,81,81,81,81,81,81,81,88,88,88,88],"card_choices":[{"not_picked":["rmod:combined","rmod:bulid"],"picked":"rmod:fletcherpendant","floor":1},{"not_picked":["rmod:fuelsupply","rmod:tearstotiara"],"picked":"rmod:fletcherpendant","floor":3},{"not_picked":["rmod:tearstotiara","rmod:robin"],"picked":"rmod:aggressivemary","floor":7},{"not_picked":["rmod:aluminumsupply","rmod:unsinkable"],"picked":"rmod:supportescort","floor":8},{"not_picked":["rmod:wife","rmod:victimresponsibility"],"picked":"rmod:launchingtorpedo","floor":11},{"not_picked":["rmod:saltedfish","rmod:capitalist"],"picked":"rmod:ammunitionsupply","floor":12},{"not_picked":["rmod:unsinkable","rmod:victimresponsibility"],"picked":"rmod:lonelyqueen","floor":13},{"not_picked":["rmod:overbreakdown","rmod:ammunitionsupply"],"picked":"rmod:unsinkable","floor":14},{"not_picked":["rmod:supriseattacks","rmod:saltedfish"],"picked":"rmod:highspeedmaneuver","floor":16},{"not_picked":["rmod:fuelsupply","rmod:wife+1"],"picked":"rmod:tearstotiara","floor":18},{"not_picked":["rmod:unsinkable+1","rmod:circuitoustactics+1"],"picked":"rmod:intelligenceanalysis","floor":19},{"not_picked":["rmod:steelsupply","rmod:victimresponsibility+1"],"picked":"rmod:ridicule","floor":20},{"not_picked":["rmod:victimresponsibility","rmod:luckystar"],"picked":"rmod:combined","floor":23},{"not_picked":["rmod:firesupport","rmod:advancebysurprise"],"picked":"rmod:diamondstrike","floor":25},{"not_picked":["rmod:aviationdawn+1","rmod:advancebysurprise"],"picked":"rmod:openingtorpedo+1","floor":28},{"not_picked":["rmod:gendarmerie+1","rmod:supportescort+1"],"picked":"rmod:fletcherpendant","floor":30},{"not_picked":["rmod:victimresponsibility","rmod:fuelsupply"],"picked":"rmod:diamondstrike+1","floor":31},{"not_picked":["rmod:capitalist","rmod:ammunitionsupply+1"],"picked":"rmod:firesupport+1","floor":35},{"not_picked":["rmod:unsinkable+1","rmod:diamondstrike"],"picked":"rmod:aviationdawn+1","floor":36},{"not_picked":["rmod:overbreakdown","rmod:victimresponsibility"],"picked":"rmod:firesupport+1","floor":37},{"not_picked":["rmod:salvage","rmod:aviationdawn"],"picked":"rmod:selfconfidence+1","floor":38},{"not_picked":["rmod:fletcherpendant","rmod:shuttlebombing","rmod:robin+1"],"picked":"Singing Bowl","floor":40},{"not_picked":["rmod:bulid","rmod:lonelyqueen","rmod:diamondstrike+1"],"picked":"Singing Bowl","floor":42},{"not_picked":["rmod:maintain","rmod:ammunitionsupply+1"],"picked":"rmod:fletcherpendant+1","floor":45},{"not_picked":["Enlightenment","Thinking Ahead","Transmutation"],"picked":"Singing Bowl","floor":46},{"not_picked":["Trip","Impatience"],"picked":"Panache","floor":46},{"not_picked":["rmod:aluminumsupply","rmod:circuitoustactics+1"],"picked":"rmod:steelsupply+1","floor":48},{"not_picked":["rmod:supportaircraftcarrier","rmod:aluminumsupply"],"picked":"rmod:supportescort+1","floor":54}],"player_experience":136767,"relics_obtained":[{"floor":7,"key":"Omamori"},{"floor":9,"key":"PreservedInsect"},{"floor":12,"key":"Vajra"},{"floor":23,"key":"Pen Nib"},{"floor":25,"key":"MealTicket"},{"floor":30,"key":"Ginger"},{"floor":40,"key":"Singing Bowl"},{"floor":42,"key":"Gremlin Horn"},{"floor":43,"key":"Bronze Scales"},{"floor":48,"key":"Bag of Preparation"},{"floor":54,"key":"Toy Ornithopter"}],"event_choices":[{"damage_healed":0,"gold_gain":0,"player_choice":"Entered Light","damage_taken":15,"max_hp_gain":0,"max_hp_loss":0,"event_name":"Shining Light","floor":2,"gold_loss":0,"cards_upgraded":["rmod:fletcherpendant","rmod:basicallowance"]},{"cards_removed":["rmod:strick"],"damage_healed":0,"gold_gain":0,"player_choice":"Card Removal","damage_taken":7,"max_hp_gain":0,"max_hp_loss":0,"event_name":"Golden Wing","floor":4,"gold_loss":0},{"cards_removed":["rmod:goodsister"],"damage_healed":0,"gold_gain":0,"player_choice":"Gave Card","damage_taken":0,"relics_obtained":["Ornamental Fan"],"max_hp_gain":0,"max_hp_loss":0,"event_name":"WeMeetAgain","floor":22,"gold_loss":0},{"damage_healed":0,"gold_gain":75,"player_choice":"Touch","damage_taken":7,"max_hp_gain":0,"max_hp_loss":0,"event_name":"FaceTrader","floor":29,"gold_loss":0},{"damage_healed":0,"gold_gain":0,"player_choice":"Embrace Madness","damage_taken":9,"max_hp_gain":0,"max_hp_loss":0,"event_name":"Winding Halls","floor":39,"gold_loss":0,"cards_obtained":["Madness","Madness"]},{"damage_healed":0,"gold_gain":0,"player_choice":"Memory 2","damage_taken":5,"max_hp_gain":0,"max_hp_loss":0,"event_name":"SensoryStone","floor":46,"gold_loss":0}],"is_beta":false,"boss_relics":[{"not_picked":["Busted Crown","Velvet Choker"],"picked":"Cursed Key"},{"not_picked":["Philosopher\u0027s Stone","Empty Cage"],"picked":"Runic Pyramid"}],"items_purged_floors":[53],"is_endless":false,"potions_floor_spawned":[3,8,11,16,18,25,30,36,37,45],"killed_by":"The Heart","ascension_level":1}}