{"host":"bxn2em57qlx5u4i0","time":1613780126,"event":{"mods":["BaseMod","Colored Map","Colored Powertips","Highlight Path","Minty Spire (QoL Compilation)","Random Character Button","Relic Sorter","Relic Stats","StSLib","SuperFastMode"],"gold_per_floor":[111,126,126,201,201,201,201],"floor_reached":6,"language":"ENG","playtime":124,"items_purged":[],"score":68,"play_id":"da392f5f-d841-4b15-9e9b-9df18d7e4611","local_time":"20210219191526","daily_mods":["SealedDeck","Flight","DeadlyEvents"],"is_ascension_mode":true,"campfire_choices":[],"circlet_count":0,"master_deck":["AscendersBane","Deflect","Accuracy+1","Cloak And Dagger","Blur","Slice","Slice","Endless Agony+1","Footwork","Deflect","Deflect"],"relics":["Ring of the Snake","Golden Idol"],"acts_visited":["Exordium"],"potions_floor_usage":[],"damage_taken":[{"damage":0,"enemies":"Cultist","floor":1,"turns":4},{"damage":0,"enemies":"Jaw Worm","floor":2,"turns":4},{"damage":30,"enemies":"3 Sentries","floor":6,"turns":7}],"seed_played":"-4513768673732131522","potions_obtained":[{"floor":2,"key":"Energy Potion"}],"is_trial":true,"path_per_floor":["M","M","?","?","?","E"],"character_chosen":"THE_SILENT","items_purchased":[],"campfire_rested":0,"item_purchase_floors":[],"current_hp_per_floor":[59,59,39,28,28,0,0],"gold":201,"neow_bonus":"","is_daily":false,"chose_seed":false,"campfire_upgraded":0,"win_rate":0.0,"timestamp":1613780126,"path_taken":["M","?","?","?","?","E"],"items_purchased_type":[],"build_version":"2020-12-22","purchased_purges":0,"victory":false,"max_hp_per_floor":[66,66,66,66,60,60,60],"relic_stats":{"counters":[3,15],"Golden Idol":0,"obtain_stats":[{"Golden Idol":5,"Ring of the Snake":0},{"Golden Idol":2,"Ring of the Snake":0},{"Golden Idol":8,"Ring of the Snake":0}],"Ring of the Snake":[6]},"card_choices":[{"not_picked":["Deflect","Flying Knee","Bane"],"picked":"SKIP","floor":1},{"not_picked":["Flechettes","Masterful Stab","Leg Sweep"],"picked":"SKIP","floor":2}],"player_experience":3048186,"relics_obtained":[],"event_choices":[{"damage_healed":0,"gold_gain":0,"player_choice":"Entered Light","damage_taken":20,"max_hp_gain":0,"max_hp_loss":0,"event_name":"Shining Light","floor":3,"gold_loss":0,"cards_upgraded":["Endless Agony","Accuracy"]},{"damage_healed":0,"gold_gain":75,"player_choice":"Gather Gold","damage_taken":11,"max_hp_gain":0,"max_hp_loss":0,"event_name":"World of Goop","floor":4,"gold_loss":0},{"damage_healed":0,"gold_gain":0,"player_choice":"Lose Max HP","damage_taken":0,"relics_obtained":["Golden Idol"],"max_hp_gain":0,"max_hp_loss":6,"event_name":"Golden Idol","floor":5,"gold_loss":0}],"is_beta":false,"boss_relics":[],"items_purged_floors":[],"is_endless":false,"potions_floor_spawned":[2],"killed_by":"3 Sentries","ascension_level":20}}