{"host":"9pqy5lt7vda52ebm","time":1613855044,"event":{"mods":["BaseMod","Minty Spire (QoL Compilation)","Optimize The Spire","Quick Restart","StSLib","The Evolution"],"gold_per_floor":[114,114,129,144,144,171,171,186,186,186,204,204,2,2,2,102,102,112,122,136,61,73,73,73,103,103,130,130,130,130,144,144,248,248,259,272,272,272],"floor_reached":39,"language":"ENG","playtime":8321,"items_purged":["Regret"],"score":929,"play_id":"16f56f14-8224-4c3c-beb1-85797040c81a","local_time":"20210220160404","is_ascension_mode":true,"campfire_choices":[{"data":"evolutionmod:Adaptation","floor":7.0,"key":"SMITH"},{"data":"evolutionmod:ClawSlash","floor":10.0,"key":"SMITH"},{"data":"evolutionmod:ClawSlash","floor":12.0,"key":"SMITH"},{"floor":15.0,"key":"REST"},{"data":"evolutionmod:DrainMana","floor":23.0,"key":"SMITH"},{"data":"evolutionmod:Photosynthesis","floor":30.0,"key":"SMITH"},{"data":"evolutionmod:LoyalWarrior","floor":32.0,"key":"SMITH"}],"circlet_count":0,"master_deck":["AscendersBane","evolutionmod:LoyalWarrior+1","evolutionmod:StrikeEvo+1","evolutionmod:StrikeEvo","evolutionmod:LoyalCompanion","evolutionmod:DefendEvo+1","evolutionmod:DefendEvo","evolutionmod:DefendEvo","evolutionmod:Photosynthesis+1","evolutionmod:ClawSlash+1","evolutionmod:Adaptation+1","evolutionmod:CrystalDust","evolutionmod:Dive","evolutionmod:CrystalShard","evolutionmod:ClawSlash+1","evolutionmod:TalonStrike","evolutionmod:Photosynthesis+1","evolutionmod:Phoenix+1","evolutionmod:NightMare+1","evolutionmod:ChimeraDefense+1","evolutionmod:DrainMana+1","evolutionmod:Antidote+1","evolutionmod:Ritual","evolutionmod:DrainMana+1"],"relics":["evolutionmod:TorisGift","Gambling Chip","Mercury Hourglass","Strawberry","Chemical X","Astrolabe","Mummified Hand","Art of War","Sozu"],"acts_visited":["Exordium","TheCity","TheBeyond"],"potions_floor_usage":[38],"damage_taken":[{"damage":3.0,"enemies":"Cultist","floor":1.0,"turns":4.0},{"damage":3.0,"enemies":"2 Louse","floor":3.0,"turns":2.0},{"damage":5.0,"enemies":"Jaw Worm","floor":4.0,"turns":4.0},{"damage":26.0,"enemies":"3 Sentries","floor":6.0,"turns":13.0},{"damage":5.0,"enemies":"Blue Slaver","floor":8.0,"turns":4.0},{"damage":0.0,"enemies":"2 Fungi Beasts","floor":11.0,"turns":3.0},{"damage":9.0,"enemies":"The Guardian","floor":16.0,"turns":9.0},{"damage":0.0,"enemies":"2 Thieves","floor":18.0,"turns":3.0},{"damage":7.0,"enemies":"Chosen","floor":19.0,"turns":4.0},{"damage":0.0,"enemies":"3 Cultists","floor":20.0,"turns":4.0},{"damage":0.0,"enemies":"Chosen and Byrds","floor":22.0,"turns":3.0},{"damage":4.0,"enemies":"Gremlin Leader","floor":25.0,"turns":5.0},{"damage":0.0,"enemies":"Book of Stabbing","floor":27.0,"turns":4.0},{"damage":3.0,"enemies":"Snake Plant","floor":31.0,"turns":4.0},{"damage":6.0,"enemies":"Automaton","floor":33.0,"turns":10.0},{"damage":0,"enemies":"3 Shapes","floor":35,"turns":3},{"damage":0,"enemies":"Orb Walker","floor":36,"turns":3},{"damage":9,"enemies":"Awakened One","floor":38,"turns":10}],"seed_played":"-4436532263909806268","potions_obtained":[{"floor":6.0,"key":"Explosive Potion"},{"floor":8.0,"key":"SteroidPotion"},{"floor":16.0,"key":"Block Potion"},{"floor":19.0,"key":"GamblersBrew"},{"floor":22.0,"key":"EssenceOfSteel"}],"is_trial":false,"path_per_floor":["M","T","M","M","?","E","R","M","T","R","M","R","$","$","R","B",null,"M","M","M","$","M","R","$","E","T","E","?","?","R","M","R","B",null,"M","M","?","B",null],"character_chosen":"EVOLUTION_CLASS","items_purchased":["Chemical X","evolutionmod:TalonStrike"],"campfire_rested":1,"item_purchase_floors":[13,13],"current_hp_per_floor":[66,66,63,58,43,17,17,12,19,19,19,19,19,19,44,35,72,72,65,65,65,65,65,65,61,61,61,61,61,61,58,58,52,76,76,76,76,67],"gold":272,"neow_bonus":"THREE_RARE_CARDS","is_daily":false,"chose_seed":false,"campfire_upgraded":6,"win_rate":0.0,"timestamp":1613855044,"path_taken":["M","?","M","M","?","E","R","M","T","R","M","R","?","$","R","BOSS","M","M","M","$","M","R","$","E","T","E","?","?","R","M","R","BOSS","M","M","?","BOSS"],"items_purchased_type":["Relic","Card"],"build_version":"2020-12-22","purchased_purges":1,"victory":true,"max_hp_per_floor":[77,77,77,77,77,77,77,77,84,84,84,84,84,84,84,84,84,84,84,84,84,84,84,84,84,84,84,84,84,84,84,84,84,84,84,84,84,84],"card_choices":[{"not_picked":["evolutionmod:TheNight","evolutionmod:Drown"],"picked":"evolutionmod:Photosynthesis","floor":0.0},{"not_picked":["evolutionmod:SeaWolf","evolutionmod:ShiftingGuard"],"picked":"evolutionmod:ClawSlash","floor":1.0},{"not_picked":["evolutionmod:Mutate","evolutionmod:DrainMana"],"picked":"evolutionmod:Adaptation","floor":3.0},{"not_picked":["evolutionmod:TalonStrike","evolutionmod:FireAnts"],"picked":"evolutionmod:CrystalDust","floor":4.0},{"not_picked":["evolutionmod:CrystalShard","evolutionmod:ChimeraStrike"],"picked":"evolutionmod:Dive","floor":6.0},{"not_picked":["evolutionmod:CrystalStone","evolutionmod:FlameStrike"],"picked":"evolutionmod:CrystalShard","floor":8.0},{"not_picked":["evolutionmod:ChimeraStrike","evolutionmod:Shadowbolt"],"picked":"evolutionmod:ClawSlash","floor":11.0},{"not_picked":["evolutionmod:Aegis2","evolutionmod:Eruption"],"picked":"evolutionmod:Photosynthesis","floor":16.0},{"not_picked":["evolutionmod:Barkskin","evolutionmod:Charm"],"picked":"evolutionmod:DrainMana","floor":18.0},{"not_picked":["evolutionmod:DepthsLurker","evolutionmod:ShiftingStrike","evolutionmod:PlayingRough"],"picked":"SKIP","floor":19.0},{"not_picked":["evolutionmod:FireAnts","evolutionmod:Dive","evolutionmod:Phoenix"],"picked":"SKIP","floor":20.0},{"not_picked":["evolutionmod:HeavyKick","evolutionmod:FlameStrike","evolutionmod:ShiftingPower"],"picked":"SKIP","floor":22.0},{"not_picked":["evolutionmod:PoisonFangs","evolutionmod:PlayingRough","evolutionmod:Shrink"],"picked":"SKIP","floor":25.0},{"not_picked":["evolutionmod:ChimeraStrike","evolutionmod:LeafBird+1"],"picked":"evolutionmod:Antidote+1","floor":27.0},{"not_picked":["evolutionmod:Dive","evolutionmod:DrainMana","evolutionmod:TalonStrike"],"picked":"SKIP","floor":31.0},{"not_picked":["evolutionmod:TheNight","evolutionmod:HumanForm"],"picked":"evolutionmod:Ritual","floor":33.0},{"not_picked":["evolutionmod:Firebloom+1","evolutionmod:CrystalShard"],"picked":"evolutionmod:DrainMana+1","floor":35},{"not_picked":["evolutionmod:Hatch+1","evolutionmod:ShiftingPower","evolutionmod:Pheromones"],"picked":"SKIP","floor":36}],"player_experience":846951,"relics_obtained":[{"floor":2.0,"key":"Gambling Chip"},{"floor":6.0,"key":"Mercury Hourglass"},{"floor":9.0,"key":"Strawberry"},{"floor":25.0,"key":"Mummified Hand"},{"floor":27.0,"key":"Art of War"}],"event_choices":[{"damage_healed":0.0,"max_hp_gain":0.0,"max_hp_loss":0.0,"gold_gain":0.0,"event_name":"Shining Light","player_choice":"Entered Light","floor":5.0,"gold_loss":0.0,"damage_taken":15.0,"cards_upgraded":["evolutionmod:StrikeEvo","evolutionmod:DefendEvo"]},{"damage_healed":0.0,"max_hp_gain":0.0,"max_hp_loss":0.0,"gold_gain":0.0,"event_name":"Ghosts","player_choice":"Ignored","floor":28.0,"gold_loss":0.0,"damage_taken":0.0},{"damage_healed":0.0,"max_hp_gain":0.0,"max_hp_loss":0.0,"gold_gain":0.0,"event_name":"Accursed Blacksmith","player_choice":"Forge","floor":29.0,"gold_loss":0.0,"damage_taken":0.0,"cards_upgraded":["evolutionmod:Photosynthesis"]},{"damage_healed":0,"gold_gain":0,"player_choice":"Took Portal","damage_taken":0,"max_hp_gain":0,"max_hp_loss":0,"event_name":"SecretPortal","floor":37,"gold_loss":0}],"is_beta":false,"boss_relics":[{"not_picked":["Runic Dome","Black Star"],"picked":"Astrolabe"},{"not_picked":["Philosopher\u0027s Stone","Fusion Hammer"],"picked":"Sozu"}],"items_purged_floors":[21],"is_endless":false,"potions_floor_spawned":[6,8,16,19,20,22,25,36],"ascension_level":10}}