{"host":"nsc6ozq3atyrdr3m","time":1613835787,"event":{"mods":["BaseMod","Colored Map","Minty Spire (QoL Compilation)"],"gold_per_floor":[117,130,141,141,141,141,154,173,196,141,141,156,156,156,156,250,250,269,269,269],"floor_reached":19,"language":"FRA","playtime":316,"items_purged":[],"score":318,"play_id":"0a47f534-7e7d-4a1b-abbd-28db495fdf9c","local_time":"20210220164307","is_ascension_mode":true,"campfire_choices":[{"data":"Bash","floor":6,"key":"SMITH"},{"data":"Flex","floor":15,"key":"SMITH"}],"circlet_count":0,"master_deck":["AscendersBane","Strike_R","Strike_R+1","Strike_R","Strike_R+1","Defend_R","Defend_R","Defend_R","Defend_R","Bash+1","Clash","Heavy Blade","Flame Barrier+1","Heavy Blade","Bloodletting+1","Flex+1","Combust+1","Feel No Pain","Corruption"],"relics":["Burning Blood","NeowsBlessing","Whetstone","Golden Idol","Mark of Pain"],"acts_visited":["Exordium","TheCity"],"potions_floor_usage":[16],"damage_taken":[{"damage":0,"enemies":"Cultist","floor":1,"turns":1},{"damage":0,"enemies":"Small Slimes","floor":2,"turns":1},{"damage":0,"enemies":"Jaw Worm","floor":3,"turns":1},{"damage":0,"enemies":"Looter","floor":7,"turns":4},{"damage":4,"enemies":"2 Fungi Beasts","floor":8,"turns":4},{"damage":6,"enemies":"Lots of Slimes","floor":12,"turns":4},{"damage":44,"enemies":"The Guardian","floor":16,"turns":10},{"damage":22,"enemies":"Shell Parasite","floor":18,"turns":5},{"damage":43,"enemies":"Chosen","floor":19,"turns":5}],"seed_played":"-3219068248651795544","potions_obtained":[{"floor":3,"key":"GamblersBrew"},{"floor":8,"key":"Dexterity Potion"},{"floor":12,"key":"BlessingOfTheForge"}],"is_trial":false,"path_per_floor":["M","M","M","$","?","R","M","M","T","$","?","M","?","?","R","B",null,"M","M"],"character_chosen":"IRONCLAD","items_purchased":["Flex"],"campfire_rested":0,"item_purchase_floors":[10],"current_hp_per_floor":[74,75,75,75,75,75,75,75,75,75,68,68,48,48,48,10,54,38,0,0],"gold":269,"neow_bonus":"THREE_ENEMY_KILL","is_daily":false,"chose_seed":false,"campfire_upgraded":2,"win_rate":0.0,"timestamp":1613835787,"path_taken":["M","?","M","$","?","R","?","M","T","?","?","M","?","?","R","BOSS","M","M"],"items_purchased_type":["Card"],"build_version":"2020-12-22","purchased_purges":0,"victory":false,"max_hp_per_floor":[75,75,75,75,75,75,75,75,75,75,68,68,68,68,68,68,68,68,68,68],"card_choices":[{"not_picked":["True Grit","Sentinel"],"picked":"Clash","floor":1},{"not_picked":["Cleave","Flame Barrier"],"picked":"Heavy Blade","floor":2},{"not_picked":["Shrug It Off","True Grit"],"picked":"Flame Barrier","floor":3},{"not_picked":["Perfected Strike","Headbutt"],"picked":"Heavy Blade","floor":7},{"not_picked":["Pummel","Perfected Strike"],"picked":"Bloodletting","floor":8},{"not_picked":["Body Slam","True Grit"],"picked":"Combust","floor":12},{"not_picked":["Berserk","Fiend Fire"],"picked":"Corruption","floor":16},{"not_picked":["Anger+1","Perfected Strike+1","Warcry"],"picked":"SKIP","floor":18}],"player_experience":435794,"relics_obtained":[{"floor":9,"key":"Whetstone"}],"event_choices":[{"damage_healed":0,"gold_gain":0,"player_choice":"Upgraded","damage_taken":0,"max_hp_gain":0,"max_hp_loss":0,"event_name":"Upgrade Shrine","floor":5,"gold_loss":0,"cards_upgraded":["Flame Barrier"]},{"damage_healed":0,"gold_gain":0,"player_choice":"Lose Max HP","damage_taken":0,"relics_obtained":["Golden Idol"],"max_hp_gain":0,"max_hp_loss":7,"event_name":"Golden Idol","floor":11,"gold_loss":0},{"damage_healed":0,"gold_gain":0,"player_choice":"Entered Light","damage_taken":20,"max_hp_gain":0,"max_hp_loss":0,"event_name":"Shining Light","floor":13,"gold_loss":0,"cards_upgraded":["Combust","Bloodletting"]},{"damage_healed":0,"gold_gain":0,"cards_transformed":["Strike_R"],"player_choice":"Transformed","damage_taken":0,"max_hp_gain":0,"max_hp_loss":0,"event_name":"Transmorgrifier","floor":14,"gold_loss":0,"cards_obtained":["Feel No Pain"]}],"is_beta":false,"boss_relics":[{"not_picked":["Black Blood","Cursed Key"],"picked":"Mark of Pain"}],"items_purged_floors":[],"is_endless":false,"potions_floor_spawned":[3,8,12],"killed_by":"Chosen","ascension_level":20}}