{"host":"3n5xmnb54n2y5mb4","time":1613840001,"event":{"mods":["BaseMod","Colored Map","Colored Powertips","Downfall","Minty Spire (QoL Compilation)","Permanent Neow","StSLib","Unceasing Turn Reminder","everything is the same but u backflip on backflip"],"gold_per_floor":[109,109,109,122,139,139,168,188,240,240,90,108,74,105,105,204,204,215,215,215,52,52,52,85,97,109,451,463,507,262,262,262,362,362,377,426,79,89,106,106,106],"floor_reached":40,"language":"ENG","playtime":1815,"items_purged":["Writhe","Strike_R"],"score":717,"play_id":"1ad5952d-e0d2-47ac-aced-d0b54f5c7506","local_time":"20210220115321","is_ascension_mode":true,"campfire_choices":[{"data":"Anger","floor":6.0,"key":"SMITH"},{"floor":15.0,"key":"REST"},{"data":"Trip","floor":23.0,"key":"SMITH"},{"floor":25.0,"key":"REST"},{"data":"Offering","floor":32.0,"key":"SMITH"}],"circlet_count":0,"master_deck":["AscendersBane","Strike_R","Strike_R","Strike_R","Strike_R","Defend_R","Defend_R","Defend_R","Defend_R","Bash","Offering+1","Anger+1","Flex","Whirlwind","Spot Weakness","Spot Weakness","Seeing Red","Disarm","Demon Form","Twin Strike+1","Trip+1","Battle Trance","Trip+1","Metallicize"],"relics":["Burning Blood","Letter Opener","Toy Ornithopter","StrikeDummy","Orichalcum","MealTicket","Busted Crown","Enchiridion","Anchor","MawBank","Pear","Old Coin","The Courier","Omamori","Runic Cube","Magic Flower","Kunai","DollysMirror"],"acts_visited":["Exordium","TheCity","TheBeyond"],"potions_floor_usage":[],"damage_taken":[{"damage":12.0,"enemies":"Cultist","floor":1.0,"turns":4.0},{"damage":9.0,"enemies":"Jaw Worm","floor":4.0,"turns":3.0},{"damage":0.0,"enemies":"Small Slimes","floor":5.0,"turns":3.0},{"damage":31.0,"enemies":"Lagavulin","floor":7.0,"turns":5.0},{"damage":1.0,"enemies":"2 Fungi Beasts","floor":8.0,"turns":2.0},{"damage":13.0,"enemies":"Blue Slaver","floor":12.0,"turns":2.0},{"damage":30.0,"enemies":"Gremlin Nob","floor":14.0,"turns":4.0},{"damage":14.0,"enemies":"Hexaghost","floor":16.0,"turns":7.0},{"damage":3.0,"enemies":"Chosen","floor":18.0,"turns":4.0},{"damage":22.0,"enemies":"Slavers","floor":24.0,"turns":4.0},{"damage":21.0,"enemies":"Gremlin Leader","floor":27.0,"turns":3.0},{"damage":24.0,"enemies":"Slavers","floor":29.0,"turns":3.0},{"damage":43.0,"enemies":"Champ","floor":33.0,"turns":6.0},{"damage":22.0,"enemies":"3 Darklings","floor":35.0,"turns":3.0},{"damage":17.0,"enemies":"2 Orb Walkers","floor":36.0,"turns":2.0},{"damage":9.0,"enemies":"3 Shapes","floor":38.0,"turns":5.0},{"damage":20.0,"enemies":"Transient","floor":39.0,"turns":5.0},{"damage":61,"enemies":"Giant Head","floor":40,"turns":6}],"seed_played":"-3755168414468088044","potions_obtained":[{"floor":3.0,"key":"EntropicBrew"},{"floor":3.0,"key":"CultistPotion"},{"floor":24.0,"key":"Slimebound:ThreeZeroPotion"},{"floor":27.0,"key":"champ:CounterPotion"},{"floor":33.0,"key":"SpeedPotion"}],"is_trial":false,"path_per_floor":["M","?","?","M","M","R","E","M","T","T","$","M","$","E","R","B",null,"M","?","?","$","?","R","E","R","T","E","$","E","$","?","R","B",null,"M","?","$","M","M","E"],"character_chosen":"IRONCLAD","items_purchased":["Orichalcum","Seeing Red","Trip","Battle Trance","Omamori","Kunai","DollysMirror","Metallicize"],"campfire_rested":2,"item_purchase_floors":[11,13,21,30,30,37,37,37],"current_hp_per_floor":[66,66,66,63,69,69,44,49,49,49,49,42,42,18,39,36,63,66,50,50,65,65,65,49,70,80,68,82,64,79,79,79,55,75,59,48,63,63,52,0,0],"gold":106,"neow_bonus":"THREE_RARE_CARDS","is_daily":false,"chose_seed":false,"campfire_upgraded":3,"win_rate":0.0,"timestamp":1613840001,"path_taken":["M","?","?","?","M","R","E","M","T","?","$","?","?","E","R","BOSS","M","?","?","$","?","R","E","R","T","E","$","E","?","?","R","BOSS","M","?","$","M","M","E"],"items_purchased_type":["Relic","Card","Card","Card","Relic","Relic","Relic","Card"],"build_version":"2020-12-22","purchased_purges":2,"victory":false,"max_hp_per_floor":[72,72,72,72,72,72,72,72,72,72,72,72,72,72,72,72,72,72,72,72,72,72,72,72,72,82,82,82,82,82,82,82,82,82,82,82,82,82,82,82,82],"card_choices":[{"not_picked":["Demon Form","Impervious"],"picked":"Offering","floor":0.0},{"not_picked":["Pommel Strike","Body Slam"],"picked":"Anger","floor":1.0},{"not_picked":["Armaments","Sentinel"],"picked":"Flex","floor":4.0},{"not_picked":["Pommel Strike","Ghostly Armor"],"picked":"Whirlwind","floor":5.0},{"not_picked":["Havoc","Warcry"],"picked":"Spot Weakness","floor":7.0},{"not_picked":["Wild Strike","Burning Pact"],"picked":"Spot Weakness","floor":8.0},{"not_picked":["Heavy Blade","Reaper","Armaments"],"picked":"SKIP","floor":12.0},{"not_picked":["Sever Soul","Body Slam"],"picked":"Disarm","floor":14.0},{"not_picked":["Berserk","Reaper"],"picked":"Demon Form","floor":16.0},{"not_picked":[],"picked":"Twin Strike+1","floor":18.0},{"not_picked":["Hemokinesis"],"picked":"SKIP","floor":24.0},{"not_picked":["Perfected Strike"],"picked":"SKIP","floor":27.0},{"not_picked":["Second Wind+1"],"picked":"SKIP","floor":29.0},{"not_picked":["True Grit+1"],"picked":"SKIP","floor":35.0},{"not_picked":["Carnage"],"picked":"SKIP","floor":38.0},{"not_picked":["Power Through"],"picked":"SKIP","floor":39.0}],"player_experience":1125649,"relics_obtained":[{"floor":7.0,"key":"Letter Opener"},{"floor":9.0,"key":"Toy Ornithopter"},{"floor":10.0,"key":"StrikeDummy"},{"floor":14.0,"key":"MealTicket"},{"floor":19.0,"key":"Enchiridion"},{"floor":24.0,"key":"MawBank"},{"floor":26.0,"key":"Pear"},{"floor":27.0,"key":"Old Coin"},{"floor":29.0,"key":"The Courier"},{"floor":36.0,"key":"Magic Flower"}],"event_choices":[{"damage_healed":0.0,"max_hp_gain":0.0,"max_hp_loss":0.0,"gold_gain":0.0,"event_name":"Liars Game","player_choice":"Ignored","floor":2.0,"gold_loss":0.0,"damage_taken":0.0},{"damage_healed":0.0,"max_hp_gain":0.0,"max_hp_loss":0.0,"gold_gain":0.0,"event_name":"Lab","player_choice":"Got Potions","floor":3.0,"gold_loss":0.0,"damage_taken":0.0},{"damage_healed":0.0,"max_hp_gain":0.0,"max_hp_loss":0.0,"gold_gain":0.0,"event_name":"Cursed Tome","player_choice":"Obtained Book","floor":19.0,"gold_loss":0.0,"damage_taken":16.0},{"damage_healed":0.0,"max_hp_gain":0.0,"max_hp_loss":0.0,"gold_gain":0.0,"event_name":"The Mausoleum","player_choice":"Opened","floor":20.0,"gold_loss":0.0,"damage_taken":0.0,"relics_obtained":["Anchor"],"cards_obtained":["Writhe"]},{"damage_healed":0.0,"max_hp_gain":0.0,"max_hp_loss":0.0,"gold_gain":0.0,"event_name":"Vampires","player_choice":"Ignored","floor":22.0,"gold_loss":0.0,"damage_taken":0.0},{"damage_healed":0.0,"max_hp_gain":0.0,"max_hp_loss":0.0,"gold_gain":0.0,"event_name":"Mysterious Sphere","player_choice":"Fight","floor":36.0,"gold_loss":0.0,"damage_taken":0.0}],"is_beta":false,"boss_relics":[{"not_picked":["SacredBark","Philosopher\u0027s Stone"],"picked":"Busted Crown"},{"not_picked":["Velvet Choker","Runic Pyramid"],"picked":"Runic Cube"}],"items_purged_floors":[21,30],"is_endless":false,"potions_floor_spawned":[5,7,8,14,24,27,29,33,38],"killed_by":"Giant Head","ascension_level":12}}