{"host":"lv7etzzgwahaenh9","time":1613792972,"event":{"mods":["AchievementEnabler","BaseMod","Colored Map","Colored Powertips","Highlight Path","Minty Spire (QoL Compilation)","Permanent Neow","Quick Restart","Random Character Button","StSLib"],"gold_per_floor":[113,113,113,127,138,138,166,166,166,178,195,195,214,243,243,343,343,363,381,400,94,107,107,107,107,162,173,173,192,225,236,236,236,236],"floor_reached":33,"language":"ENG","playtime":1439,"items_purged":["Defend_P"],"score":480,"play_id":"b8ce0731-4184-4f8f-9f3d-dbf2db645442","local_time":"20210219194932","is_ascension_mode":true,"campfire_choices":[{"data":"BattleHymn","floor":6,"key":"SMITH"},{"data":"Eruption","floor":8,"key":"SMITH"},{"data":"Establishment","floor":12,"key":"SMITH"},{"data":"FlyingSleeves","floor":15,"key":"SMITH"},{"data":"Perseverance","floor":23,"key":"SMITH"},{"data":"Blasphemy","floor":28,"key":"SMITH"},{"data":"WindmillStrike","floor":32,"key":"SMITH"}],"circlet_count":0,"master_deck":["Strike_P+1","Strike_P","Strike_P","Defend_P","Eruption+1","Vigilance+1","EmptyBody+1","BattleHymn+1","Sanctity+1","Prostrate","Consecrate+1","SandsOfTime","Establishment+1","ThirdEye+1","FlyingSleeves+1","LessonLearned+1","Perseverance+1","Halt","Swivel+1","WindmillStrike+1","Worship+1","Blasphemy+1","FlurryOfBlows+1"],"relics":["PureWater","Nunchaku","Meat on the Bone","Kunai","Black Star","Centennial Puzzle","Anchor","Blood Vial","War Paint"],"acts_visited":["Exordium","TheCity"],"potions_floor_usage":[16,18,19,19,27,29,30,30],"damage_taken":[{"damage":0.0,"enemies":"Small Slimes","floor":1.0,"turns":2.0},{"damage":7,"enemies":"Jaw Worm","floor":4,"turns":2},{"damage":1,"enemies":"2 Louse","floor":5,"turns":3},{"damage":29,"enemies":"Gremlin Nob","floor":7,"turns":4},{"damage":0,"enemies":"Large Slime","floor":10,"turns":3},{"damage":0,"enemies":"Red Slaver","floor":11,"turns":4},{"damage":17,"enemies":"Exordium Thugs","floor":13,"turns":2},{"damage":6,"enemies":"3 Sentries","floor":14,"turns":6},{"damage":0,"enemies":"Hexaghost","floor":16,"turns":7},{"damage":22,"enemies":"2 Thieves","floor":18,"turns":5},{"damage":7,"enemies":"Chosen","floor":19,"turns":3},{"damage":4,"enemies":"3 Cultists","floor":20,"turns":5},{"damage":11,"enemies":"Snake Plant","floor":22,"turns":5},{"damage":0,"enemies":"Snecko","floor":27,"turns":3},{"damage":0,"enemies":"3 Cultists","floor":29,"turns":4},{"damage":4,"enemies":"Slavers","floor":30,"turns":4},{"damage":0,"enemies":"Centurion and Healer","floor":31,"turns":3},{"damage":42,"enemies":"Collector","floor":33,"turns":7}],"seed_played":"-9041558253345844561","potions_obtained":[{"floor":4,"key":"PowerPotion"},{"floor":7,"key":"LiquidMemories"},{"floor":13,"key":"Fire Potion"},{"floor":16,"key":"Ancient Potion"},{"floor":18,"key":"Swift Potion"},{"floor":22,"key":"BlessingOfTheForge"},{"floor":27,"key":"LiquidMemories"},{"floor":30,"key":"SmokeBomb"}],"is_trial":false,"path_per_floor":["M","?","?","M","M","R","E","R","T","M","M","R","M","E","R","B",null,"M","M","M","$","M","R","?","?","T","M","R","M","E","M","R","B"],"character_chosen":"WATCHER","items_purchased":["Centennial Puzzle","DistilledChaos"],"campfire_rested":0,"item_purchase_floors":[21,21],"current_hp_per_floor":[65,58,58,51,50,50,21,21,21,33,45,45,40,46,46,46,66,44,37,45,45,46,46,46,46,46,46,46,46,42,44,44,4,4],"gold":236,"neow_bonus":"TRANSFORM_CARD","is_daily":false,"chose_seed":false,"campfire_upgraded":7,"win_rate":0.0,"timestamp":1613792972,"path_taken":["M","?","?","M","M","R","E","R","T","M","M","R","M","E","R","BOSS","M","M","M","$","M","R","?","?","T","M","R","M","E","M","R","BOSS"],"items_purchased_type":["Relic","Potion"],"build_version":"2020-12-22","purchased_purges":1,"victory":false,"max_hp_per_floor":[72,72,72,72,72,72,72,72,72,72,72,72,72,72,72,72,72,72,72,72,72,72,72,72,72,72,72,72,72,72,72,72,72,72],"card_choices":[{"not_picked":["CrushJoints","Protect"],"picked":"BattleHymn","floor":1.0},{"not_picked":["Crescendo","PathToVictory"],"picked":"Sanctity","floor":4},{"not_picked":["Study","Vengeance"],"picked":"Prostrate","floor":5},{"not_picked":["ThirdEye","Nirvana"],"picked":"Consecrate","floor":7},{"not_picked":["Crescendo","JustLucky"],"picked":"SandsOfTime","floor":10},{"not_picked":["Sanctity","Study"],"picked":"Establishment","floor":11},{"not_picked":["CutThroughFate","Evaluate"],"picked":"ThirdEye","floor":13},{"not_picked":["MentalFortress","PathToVictory"],"picked":"FlyingSleeves","floor":14},{"not_picked":["ConjureBlade","Judgement"],"picked":"LessonLearned","floor":16},{"not_picked":["PathToVictory","Prostrate"],"picked":"Perseverance","floor":18},{"not_picked":["Adaptation","FlyingSleeves"],"picked":"Halt","floor":19},{"not_picked":["CutThroughFate","Halt"],"picked":"Swivel+1","floor":20},{"not_picked":["EmptyFist","Meditate"],"picked":"WindmillStrike","floor":22},{"not_picked":["SashWhip","Vengeance"],"picked":"Blasphemy","floor":27},{"not_picked":["Study","ThirdEye"],"picked":"FlurryOfBlows+1","floor":29},{"not_picked":["FlyingSleeves","JustLucky","CarveReality"],"picked":"SKIP","floor":30},{"not_picked":["EmptyFist+1","JustLucky","EmptyBody+1"],"picked":"SKIP","floor":31}],"player_experience":466414,"relics_obtained":[{"floor":7,"key":"Nunchaku"},{"floor":9,"key":"Meat on the Bone"},{"floor":14,"key":"Kunai"},{"floor":26,"key":"Anchor"},{"floor":30,"key":"Blood Vial"},{"floor":30,"key":"War Paint"}],"event_choices":[{"cards_removed":["Defend_P"],"damage_healed":0.0,"max_hp_gain":0.0,"max_hp_loss":0.0,"gold_gain":0.0,"event_name":"Golden Wing","player_choice":"Card Removal","floor":2.0,"gold_loss":0.0,"damage_taken":7.0},{"damage_healed":0,"gold_gain":0,"player_choice":"Fled","damage_taken":0,"max_hp_gain":0,"max_hp_loss":0,"event_name":"Scrap Ooze","floor":3,"gold_loss":0},{"damage_healed":0,"gold_gain":0,"player_choice":"Read","damage_taken":0,"max_hp_gain":0,"max_hp_loss":0,"event_name":"The Library","floor":24,"gold_loss":0,"cards_obtained":["Worship"]},{"cards_removed":["Strike_P"],"damage_healed":0,"gold_gain":0,"player_choice":"Offered Basic","damage_taken":0,"max_hp_gain":0,"max_hp_loss":0,"event_name":"Bonfire Elementals","floor":25,"gold_loss":0}],"is_beta":false,"boss_relics":[{"not_picked":["HolyWater","Busted Crown"],"picked":"Black Star"}],"items_purged_floors":[21],"is_endless":false,"potions_floor_spawned":[4,7,13,16,18,22,27,30],"killed_by":"Collector","ascension_level":9}}