{"host":"wppa8gky53tnknhf","time":1613831539,"event":{"mods":["AchievementEnabler","Act Like it!","BaseMod","Better Third Choice","BetterRewards","Card Forge","Colored Powertips","Hubris","Infinite Spire","Marked Mod","Minty Spire (QoL Compilation)","Permanent Neow","Quick Restart","Rare Cards Sparkle","Relic Stats","Reliquary","Remove Card Discount Mod","Replay The Spire","Spikes Relics","Spire Birthday Party","StSLib","Wandering Minibosses"],"gold_per_floor":[115,115,126,145,164,198,198,230,302,319,345,345,327,362,362,460,460,478,478,233,251,271,271,239,239,262,273,298,298,332,444,444,549,549,563,576,626,626,643,643,643],"floor_reached":40,"language":"ENG","playtime":1237,"items_purged":[],"score":507,"play_id":"0c07e24f-5a52-4def-a192-86deb337f903","local_time":"20210220143219","is_ascension_mode":true,"campfire_choices":[{"floor":7,"key":"RECALL"},{"floor":12,"key":"REST"},{"floor":15,"key":"REST"},{"floor":23,"key":"REST"},{"floor":32,"key":"REST"}],"circlet_count":0,"master_deck":["Strike_P+1","Strike_P+1","Strike_P+1","Strike_P+1","Defend_P+1","Defend_P+1","Defend_P+1","Defend_P+1","Eruption+1","Vigilance+1","Replay:Vibes+1","EmptyFist+1","MentalFortress+1","Brilliance+1","FlyingSleeves+1","FlurryOfBlows+1","Prostrate+1","FlyingSleeves+1","Pray+1","infinitespire:DeathsTouch+1","infinitespire:FinalStrike+1","MentalFortress+1","Brilliance+1"],"relics":["PureWater","Hammer of Thor","infinitespire:Joker Card","reliquary:RedPaperclip","BrokenLever","Black Star","reliquary:FingerTrap","Golden Egg","Red Mask","Anvil of the Gods","Seething Fire","Shovel"],"acts_visited":["Exordium","TheCity","TheBeyond"],"potions_floor_usage":[11,13,14,30,31,39],"damage_taken":[{"damage":0,"enemies":"Jaw Worm","floor":1,"turns":2},{"damage":0,"enemies":"2 Louse","floor":3,"turns":2},{"damage":0,"enemies":"Small Slimes","floor":4,"turns":3},{"damage":0,"enemies":"Exordium Thugs","floor":5,"turns":4},{"damage":0,"enemies":"Gremlin Nob","floor":6,"turns":3},{"damage":18,"enemies":"Replay:BlueRogue","floor":8,"turns":3},{"damage":1,"enemies":"2 Fungi Beasts","floor":10,"turns":3},{"damage":14,"enemies":"Gremlin Nob","floor":11,"turns":3},{"damage":3,"enemies":"Red Slaver","floor":13,"turns":6},{"damage":6,"enemies":"3 Sentries","floor":14,"turns":7},{"damage":4,"enemies":"The Guardian","floor":16,"turns":10},{"damage":14,"enemies":"Shell Parasite","floor":18,"turns":5},{"damage":0,"enemies":"Spheric Guardian","floor":21,"turns":2},{"damage":18,"enemies":"Shelled Parasite and Fungi","floor":22,"turns":5},{"damage":2,"enemies":"3 Cultists","floor":24,"turns":7},{"damage":7,"enemies":"Snecko","floor":27,"turns":4},{"damage":19,"enemies":"Book of Stabbing","floor":28,"turns":6},{"damage":19,"enemies":"Gremlin Leader","floor":30,"turns":4},{"damage":0,"enemies":"Masked Bandits","floor":31,"turns":5},{"damage":10,"enemies":"Collector","floor":33,"turns":4},{"damage":22,"enemies":"3 Shapes","floor":35,"turns":4},{"damage":0,"enemies":"Orb Walker","floor":36,"turns":2},{"damage":0,"enemies":"Mind Bloom Boss Battle","floor":37,"turns":2},{"damage":9,"enemies":"Jaw Worm Horde","floor":39,"turns":3},{"damage":49,"enemies":"Nemesis","floor":40,"turns":6}],"seed_played":"7898987615108059459","potions_obtained":[{"floor":1,"key":"StancePotion"},{"floor":5,"key":"Dexterity Potion"},{"floor":6,"key":"Fire Potion"},{"floor":13,"key":"Explosive Potion"},{"floor":27,"key":"Explosive Potion"},{"floor":33,"key":"SkillPotion"},{"floor":36,"key":"Milkshake"},{"floor":39,"key":"Dexterity Potion"}],"is_trial":false,"path_per_floor":["M","$","M","M","M","E","R","E","T","M","E","R","M","E","R","B",null,"M","?","$","M","M","R","M","?","T","M","E","AVR","E","?","R","B",null,"M","M","?","?","M","E"],"character_chosen":"WATCHER","items_purchased":["BrokenLever"],"campfire_rested":4,"item_purchase_floors":[20],"current_hp_per_floor":[72,72,72,72,72,72,72,54,54,53,39,60,57,51,72,68,72,58,58,58,58,40,61,59,59,59,52,33,33,14,14,35,25,72,50,50,50,47,38,0,0],"gold":643,"neow_bonus":"ONE_RARE_RELIC","is_daily":false,"chose_seed":false,"campfire_upgraded":0,"win_rate":0.0,"timestamp":1613831539,"path_taken":["M","$","M","M","M","E","R","E","T","M","E","R","M","E","R","BOSS","M","?","$","M","M","R","M","?","T","M","E","AVR","E","?","R","BOSS","M","M","?","?","M","E"],"items_purchased_type":["Relic"],"build_version":"2020-12-22","purchased_purges":0,"victory":false,"max_hp_per_floor":[72,72,72,72,72,72,72,72,72,72,72,72,72,72,72,72,72,72,72,72,72,72,72,72,72,72,72,72,72,72,72,72,72,72,72,72,72,72,72,72,72],"relic_stats":{"Shovel":0,"counters":[25,105],"Black Star":1,"obtain_stats":[{"Golden Egg":30,"BrokenLever":20,"Hammer of Thor":0,"infinitespire:Joker Card":0,"Juzu Bracelet":6,"Seething Fire":0,"reliquary:RedPaperclip":17,"Shovel":37,"Anvil of the Gods":0,"Bag of Marbles":11,"Black Star":29,"Red Mask":31,"reliquary:FingerTrap":29,"PureWater":0},{"Golden Egg":18,"BrokenLever":12,"Hammer of Thor":0,"infinitespire:Joker Card":0,"Juzu Bracelet":5,"Seething Fire":0,"reliquary:RedPaperclip":11,"Shovel":23,"Anvil of the Gods":0,"Bag of Marbles":8,"Black Star":17,"Red Mask":19,"reliquary:FingerTrap":17,"PureWater":0},{"Golden Egg":79,"BrokenLever":51,"Hammer of Thor":0,"infinitespire:Joker Card":0,"Juzu Bracelet":14,"Seething Fire":0,"reliquary:RedPaperclip":46,"Shovel":96,"Anvil of the Gods":0,"Bag of Marbles":23,"Black Star":75,"Red Mask":84,"reliquary:FingerTrap":75,"PureWater":0}]},"card_choices":[{"not_picked":["Study","EmptyFist"],"picked":"Replay:Vibes","floor":1},{"not_picked":["ClearTheMind","PathToVictory"],"picked":"EmptyFist","floor":3},{"not_picked":["BattleHymn","MarkedMod:PinPointDefense","WheelKick"],"picked":"SKIP","floor":4},{"not_picked":["InnerPeace","JustLucky","MarkedMod:PinPointDefense"],"picked":"SKIP","floor":5},{"not_picked":["MarkedMod:Acupuncture","Meditate"],"picked":"MentalFortress","floor":6},{"not_picked":["FlurryOfBlows","Replay:AtTheReady"],"picked":"Brilliance","floor":8},{"not_picked":["Fasting2","MarkedMod:Acupuncture"],"picked":"FlyingSleeves","floor":10},{"not_picked":["Replay:AtTheReady","Replay:Battleflow"],"picked":"FlurryOfBlows","floor":11},{"not_picked":["Nirvana","SashWhip"],"picked":"Prostrate","floor":13},{"not_picked":["Replay:ManipulateFuture","Replay:Cycle","Replay:AllIn"],"picked":"SKIP","floor":14},{"not_picked":["BattleHymn","Sanctity","Protect"],"picked":"SKIP","floor":18},{"not_picked":["Evaluate","CutThroughFate"],"picked":"FlyingSleeves","floor":21},{"not_picked":["Replay:Cycle+1","Replay:Battleflow","Vengeance"],"picked":"SKIP","floor":22},{"not_picked":["PathToVictory","Ragnarok"],"picked":"Pray","floor":24},{"not_picked":["Replay:Battleflow","Replay:AtTheReady","PathToVictory+1"],"picked":"SKIP","floor":27},{"not_picked":["DeceiveReality","MarkedMod:GentlePulse+1","FollowUp"],"picked":"SKIP","floor":28},{"not_picked":["Replay:Cycle","MarkedMod:GentlePulse"],"picked":"MentalFortress","floor":30},{"not_picked":["DevaForm","Establishment"],"picked":"Brilliance","floor":33},{"not_picked":["MarkedMod:Acupuncture","EmptyBody+1","CrushJoints+1"],"picked":"SKIP","floor":35},{"not_picked":["Replay:AtTheReady","Crescendo+1","Protect+1"],"picked":"SKIP","floor":36},{"not_picked":["CutThroughFate+1","CarveReality"],"picked":"ThirdEye","floor":39}],"player_experience":729858,"relics_obtained":[{"floor":6,"key":"Juzu Bracelet"},{"floor":11,"key":"Bag of Marbles"},{"floor":30,"key":"Golden Egg"},{"floor":31,"key":"Red Mask"},{"floor":31,"key":"Anvil of the Gods"},{"floor":31,"key":"Seething Fire"},{"floor":37,"key":"Shovel"}],"event_choices":[{"damage_healed":0,"gold_gain":0,"player_choice":"Ignored","damage_taken":0,"max_hp_gain":0,"max_hp_loss":0,"event_name":"Beggar","floor":19,"gold_loss":0},{"damage_healed":0,"gold_gain":0,"player_choice":"Simplicity","damage_taken":0,"max_hp_gain":0,"max_hp_loss":0,"event_name":"betterThird:BetterWriting","floor":25,"gold_loss":0},{"damage_healed":0,"gold_gain":0,"player_choice":"Fought Bandits","damage_taken":0,"max_hp_gain":0,"max_hp_loss":0,"event_name":"Masked Bandits","floor":31,"gold_loss":0},{"damage_healed":0,"gold_gain":0,"player_choice":"Fight","damage_taken":0,"max_hp_gain":0,"max_hp_loss":0,"event_name":"MindBloom","floor":37,"gold_loss":0},{"damage_healed":0,"gold_gain":0,"player_choice":"Punched","damage_taken":3,"max_hp_gain":0,"max_hp_loss":0,"event_name":"Designer","floor":38,"gold_loss":0}],"is_beta":false,"boss_relics":[{"not_picked":["Velvet Choker","reliquary:RedCape"],"picked":"reliquary:RedPaperclip"},{"not_picked":["ReplayTheSpireMod:DimensionalGlitch","infinitespire:Cupcake","reliquary:KinkedSpring"]}],"items_purged_floors":[],"is_endless":false,"potions_floor_spawned":[1,5,6,8,13,24,27,33,36,39],"killed_by":"Nemesis","ascension_level":1}}