{"host":"n2sr453jcjz6vvl4","time":1613839391,"event":{"mods":["BaseMod","Colored Map","Minty Spire (QoL Compilation)","Permanent Neow","Relic Stats","StSLib"],"gold_per_floor":[118,131,131,145,162,162,6,32,32,32,51,51,51],"floor_reached":12,"language":"ENG","playtime":514,"items_purged":[],"score":92,"play_id":"67418990-d3db-4739-b2b8-7e034eb9194a","local_time":"20210220124311","is_ascension_mode":true,"campfire_choices":[{"data":"Echo Form","floor":6,"key":"SMITH"},{"data":"Defragment","floor":10,"key":"SMITH"}],"circlet_count":0,"master_deck":["Strike_B","Strike_B","Strike_B","Strike_B","Defend_B","Defend_B","Defend_B","Defend_B","Zap","Dualcast","Echo Form+1","Self Repair","Defragment+1","Cold Snap","Ball Lightning","Redo","Ball Lightning"],"relics":["Cracked Core","Kunai","Art of War","Boot","Question Card"],"acts_visited":["Exordium"],"potions_floor_usage":[8],"damage_taken":[{"damage":0,"enemies":"Small Slimes","floor":1,"turns":2},{"damage":11,"enemies":"Jaw Worm","floor":2,"turns":6},{"damage":0,"enemies":"2 Louse","floor":4,"turns":3},{"damage":15,"enemies":"Red Slaver","floor":5,"turns":4},{"damage":24,"enemies":"Lagavulin","floor":8,"turns":7},{"damage":30,"enemies":"Large Slime","floor":11,"turns":5},{"damage":16,"enemies":"Gremlin Nob","floor":12,"turns":2}],"seed_played":"-3200525107332917156","potions_obtained":[{"floor":4,"key":"AttackPotion"},{"floor":11,"key":"FocusPotion"}],"is_trial":false,"path_per_floor":["M","M","?","M","M","R","$","E","T","R","M","E"],"character_chosen":"DEFECT","items_purchased":["Art of War"],"campfire_rested":0,"item_purchase_floors":[7],"current_hp_per_floor":[68,68,56,63,48,48,48,38,38,38,8,0,0],"gold":51,"neow_bonus":"THREE_RARE_CARDS","is_daily":false,"chose_seed":false,"campfire_upgraded":2,"win_rate":0.0,"timestamp":1613839391,"path_taken":["M","M","?","M","M","R","$","E","T","R","M","E"],"items_purchased_type":["Relic"],"build_version":"2020-12-22","purchased_purges":0,"victory":false,"max_hp_per_floor":[68,68,68,68,68,68,68,68,68,68,68,68,68],"relic_stats":{"counters":[7,29],"Art of War":[4],"Kunai":[1],"Boot":[0],"Question Card":1,"obtain_stats":[{"Art of War":7,"Kunai":3,"Cracked Core":0,"Boot":8,"Question Card":9},{"Art of War":4,"Kunai":2,"Cracked Core":0,"Boot":5,"Question Card":5},{"Art of War":15,"Kunai":8,"Cracked Core":0,"Boot":22,"Question Card":22}]},"card_choices":[{"not_picked":["Biased Cognition","Multi-Cast"],"picked":"Echo Form","floor":0},{"not_picked":["Compile Driver","Reprogram"],"picked":"Self Repair","floor":1},{"not_picked":["Steam","Steam Power"],"picked":"Defragment","floor":2},{"not_picked":["Stack","Compile Driver"],"picked":"Cold Snap","floor":4},{"not_picked":["Sunder","Go for the Eyes"],"picked":"Ball Lightning","floor":5},{"not_picked":["Cold Snap","Stack"],"picked":"Redo","floor":8},{"not_picked":["Chaos","Hologram","Aggregate"],"picked":"Ball Lightning","floor":11}],"player_experience":209283,"relics_obtained":[{"floor":8,"key":"Boot"},{"floor":9,"key":"Question Card"}],"event_choices":[{"damage_healed":0,"gold_gain":0,"player_choice":"Success","damage_taken":12,"relics_obtained":["Kunai"],"max_hp_gain":0,"max_hp_loss":0,"event_name":"Scrap Ooze","floor":3,"gold_loss":0}],"is_beta":false,"boss_relics":[],"items_purged_floors":[],"is_endless":false,"potions_floor_spawned":[4,11],"killed_by":"Gremlin Nob","ascension_level":3}}