{"host":"9pdg8buogrkk8pz5","time":1613781781,"event":{"mods":["AchievementEnabler","Bard","BaseMod","Downfall","Hermit","JesterMod","Mad Scientist","Minty Spire (QoL Compilation)","StSLib","The Cursed","The Disciple","The Necromancer","The Poker Player","The Runesmith","The Servant 0.9.4"],"gold_per_floor":[99,113,129,129,148,159,184,284,38,38,23,23,35,64,75,179,179,79,94,94,94,94,94,119,146,146,146,146],"floor_reached":26,"language":"ENG","playtime":1987,"items_purged":[],"score":249,"play_id":"09a517ae-0fa2-4fee-963b-889082c4a4c0","local_time":"20210219194301","is_ascension_mode":false,"campfire_choices":[{"floor":1,"key":"RECALL"},{"floor":12,"key":"REST"},{"data":"expansioncontent:StudyTheSpire","floor":18,"key":"SMITH"},{"data":"Slimebound:ForwardTackle","floor":23,"key":"SMITH"}],"circlet_count":0,"master_deck":["Slimebound:Strike_Slimebound","Slimebound:Strike_Slimebound","Slimebound:Strike_Slimebound","Slimebound:Tackle","Slimebound:Defend_Slimebound","Slimebound:Defend_Slimebound","Slimebound:Defend_Slimebound","Slimebound:Defend_Slimebound","Slimebound:Split+1","Slimebound:CorrosiveSpit","Slimebound:Equalize","Slimebound:RejuvenatingLick","Slimebound:SplitMire","Slimebound:ForwardTackle+1","downfall:Malfunctioning","downfall:Malfunctioning","Slimebound:ProtectTheBoss","Slimebound:ComboTackle","expansioncontent:StudyTheSpire+1","Slimebound:PressTheAttack","Slimebound:Nibble+1","Slimebound:SlimeBrawl","Slimebound:HauntingLick","Slimebound:DuplicatedForm","Slimebound:Prepare","Injury","Regret","Slimebound:SplitAcid+1"],"relics":["Slimebound:AbsorbEndCombat","downfall:ExtraCursedKey","Runesmith:AutoHammer","Black Star","downfall:HeartBlessingBlue","Vajra","Mummified Hand","Pen Nib"],"acts_visited":["Exordium","TheCity"],"potions_floor_usage":[16,16,16],"damage_taken":[{"damage":11,"enemies":"Jaw Worm","floor":2,"turns":5},{"damage":9,"enemies":"Cultist","floor":3,"turns":3},{"damage":10,"enemies":"Small Slimes","floor":5,"turns":3},{"damage":42,"enemies":"Exordium Wildlife","floor":6,"turns":5},{"damage":11,"enemies":"downfall:FleeingMerchant","floor":9,"turns":4},{"damage":24,"enemies":"downfall:FleeingMerchant","floor":11,"turns":4},{"damage":3,"enemies":"Large Slime","floor":13,"turns":3},{"damage":40,"enemies":"Gremlin Nob","floor":14,"turns":4},{"damage":11,"enemies":"Red Slaver","floor":15,"turns":3},{"damage":37,"enemies":"DF_ARCHETYPE_STREAMLINE","floor":16,"turns":6},{"damage":61,"enemies":"3 Byrds","floor":19,"turns":6},{"damage":81,"enemies":"Slavers","floor":25,"turns":5},{"damage":21,"enemies":"Chosen","floor":26,"turns":4}],"seed_played":"8504381728020263290","potions_obtained":[{"floor":2,"key":"Ancient Potion"},{"floor":4,"key":"Fire Potion"},{"floor":4,"key":"Guardian:BlockOnCardUsePotion"},{"floor":14,"key":"DistilledChaos"},{"floor":15,"key":"Swift Potion"}],"is_trial":false,"path_per_floor":["R","M","M","?","M","M","T","?","$","?","$","R","M","E","M","B",null,"R","M","?","?","?","R","T","E","M"],"character_chosen":"SLIMEBOUND","items_purchased":["Slimebound:ComboTackle","expansioncontent:StudyTheSpire"],"campfire_rested":1,"item_purchase_floors":[9,9],"current_hp_per_floor":[71,64,64,64,64,38,38,43,48,48,36,58,59,25,26,5,76,86,48,76,76,76,76,76,18,0,0,0],"gold":146,"neow_bonus":"TEN_PERCENT_HP_BONUS","is_daily":false,"chose_seed":false,"campfire_upgraded":2,"win_rate":0.0,"timestamp":1613781781,"path_taken":["R","M","M","?","?","M","T","?","?","?","$","R","?","E","M","BOSS","R","M","?","?","?","R","T","E","?"],"items_purchased_type":["Card","Card"],"build_version":"2020-12-22","purchased_purges":0,"victory":false,"max_hp_per_floor":[71,71,71,71,71,71,71,76,76,76,76,76,76,76,76,76,76,86,86,86,86,86,86,86,86,86,86,86],"card_choices":[{"not_picked":["Slimebound:ProtectTheBoss","Slimebound:SamplingLick"],"picked":"Slimebound:Equalize","floor":2},{"not_picked":["Slimebound:SpikyOuterGoop","Slimebound:ItLooksTasty"],"picked":"Slimebound:RejuvenatingLick","floor":3},{"not_picked":["Slimebound:Nibble","Slimebound:HauntingLick"],"picked":"Slimebound:SplitMire","floor":5},{"not_picked":["Slimebound:LeechingTouch","Slimebound:LeadByExample"],"picked":"Slimebound:ForwardTackle","floor":6},{"not_picked":["Slimebound:PressTheAttack","Slimebound:SlimeSpikes"],"picked":"Slimebound:ProtectTheBoss","floor":9},{"not_picked":["Slimebound:Prepare","Slimebound:SplitAcid"],"picked":"Slimebound:PressTheAttack","floor":11},{"not_picked":["Slimebound:SlimeSpikes","Slimebound:ForwardTackle"],"picked":"Slimebound:Nibble","floor":13},{"not_picked":["Slimebound:LeechingTouch","Slimebound:SlimeSpikes"],"picked":"Slimebound:SlimeBrawl","floor":14},{"not_picked":["Slimebound:BestDefense","Slimebound:LeechEnergy"],"picked":"Slimebound:HauntingLick","floor":15},{"not_picked":["Slimebound:FirmFortitude","Slimebound:Overexert"],"picked":"Slimebound:DuplicatedForm","floor":16},{"not_picked":["Slimebound:LeechingTouch+1","Slimebound:SplitLeeching"],"picked":"Slimebound:Prepare","floor":19},{"not_picked":["Slimebound:SplitLeeching","Slimebound:Gluttony"],"picked":"Slimebound:SplitAcid+1","floor":25}],"player_experience":71410,"relics_obtained":[{"floor":14,"key":"Runesmith:AutoHammer"},{"floor":24,"key":"Vajra"},{"floor":25,"key":"Mummified Hand"},{"floor":25,"key":"Pen Nib"}],"event_choices":[{"damage_healed":0,"gold_gain":0,"player_choice":"Got Potions","damage_taken":0,"max_hp_gain":0,"max_hp_loss":0,"event_name":"Lab","floor":4,"gold_loss":0},{"damage_healed":28,"gold_gain":0,"player_choice":"Heal","damage_taken":0,"max_hp_gain":0,"max_hp_loss":0,"event_name":"The Library","floor":20,"gold_loss":0},{"damage_healed":0,"gold_gain":0,"player_choice":"Ignored","damage_taken":0,"max_hp_gain":0,"max_hp_loss":0,"event_name":"Vampires","floor":21,"gold_loss":0},{"damage_healed":0,"gold_gain":0,"player_choice":"Forge","damage_taken":0,"max_hp_gain":0,"max_hp_loss":0,"event_name":"Accursed Blacksmith","floor":22,"gold_loss":0,"cards_upgraded":["Slimebound:Nibble"]}],"is_beta":false,"boss_relics":[{"not_picked":["Empty Cage","Sozu"],"picked":"Black Star"}],"items_purged_floors":[],"is_endless":false,"potions_floor_spawned":[2,5,14,15],"killed_by":"Chosen","ascension_level":0}}