{"host":"x7btokbb0w2jhl7e","time":1613815140,"event":{"mods":["Act Like it!","BaseMod","Gensokyo","Marisa£®ÏF”Í°°ƒß¿Ì…≥£©","Minty Spire (QoL Compilation)","Quick Restart","StSLib","°æ“≈ŒÔø®≈∆°øREMEMod"],"gold_per_floor":[114,39,39,56,85,115,15,41,64,90,90,124,124,138,138,209,209,228,228,61,311,311,311,321,356,356,356,356,356,387,401,401,480,480,491,491,491,185,205,205,215,242,267,279,279,298,298,173,173,173,173,173,173,23,52,52],"floor_reached":57,"language":"ZHS","playtime":2572,"items_purged":["Strike_P","Strike_P","Eruption","Vigilance"],"score":3234,"play_id":"4f297452-dd43-46d6-83e5-423e77874aa6","local_time":"20210220175900","is_ascension_mode":true,"campfire_choices":[{"floor":15.0,"key":"RECALL"},{"data":"Apotheosis","floor":23.0,"key":"SMITH"},{"data":"Omniscience","floor":28.0,"key":"SMITH"},{"data":"DeusExMachina","floor":32.0,"key":"SMITH"},{"floor":40.0,"key":"REST"},{"floor":49.0,"key":"REST"},{"floor":53.0,"key":"REST"}],"circlet_count":0,"master_deck":["AscendersBane","Apotheosis+1","Ragnarok","Alpha","Omniscience+1","DeusExMachina+1","SpiritShield+1","DevaForm+1","Wallop","Gensokyo:FourOfAKind","Gensokyo:FourOfAKind","Gensokyo:FourOfAKind","Gensokyo:FourOfAKind","Gensokyo:ShootingStar+1","Omniscience","Worship","Fasting2+1","Prostrate+1","Pray","InnerPeace"],"relics":["PureWater","REME_ComplimentaryCards","NeowsBlessing","Gensokyo:YoukaiFlower","Blood Vial","PreservedInsect","Damaru","Omamori","Frozen Egg 2","Incense Burner","FossilizedHelix","Juzu Bracelet","Pandora\u0027s Box","REME_CardOfGreed","Gensokyo:RedStar","White Beast Statue","REME_HandOfSuture","Fusion Hammer","OrangePellets","Orrery","War Paint","Strawberry","Lizard Tail","Letter Opener"],"acts_visited":["Gensokyo:Gensokyo","Gensokyo:Gensokyoer","Gensokyo:Gensokyoest","TheEnding"],"potions_floor_usage":[56],"damage_taken":[{"damage":0.0,"enemies":"Gensokyo:Python","floor":1.0,"turns":1.0},{"damage":0.0,"enemies":"Gensokyo:3_Fairies","floor":4.0,"turns":2.0},{"damage":0.0,"enemies":"Gensokyo:Aya","floor":5.0,"turns":1.0},{"damage":7.0,"enemies":"Gensokyo:Cirno","floor":6.0,"turns":7.0},{"damage":4.0,"enemies":"Gensokyo:Mamizou","floor":8.0,"turns":6.0},{"damage":9.0,"enemies":"Gensokyo:Aya","floor":10.0,"turns":3.0},{"damage":4.0,"enemies":"Gensokyo:Cirno","floor":12.0,"turns":5.0},{"damage":0.0,"enemies":"Gensokyo:2_Kodama","floor":14.0,"turns":5.0},{"damage":23.0,"enemies":"Gensokyo:Kokoro","floor":16.0,"turns":6.0},{"damage":7.0,"enemies":"Gensokyo:3_Dogs","floor":18.0,"turns":6.0},{"damage":0.0,"enemies":"Gensokyo:2_Gloops","floor":24.0,"turns":5.0},{"damage":11.0,"enemies":"Gensokyo:Reisen","floor":25.0,"turns":3.0},{"damage":0.0,"enemies":"Gensokyo:Tenshi","floor":30.0,"turns":3.0},{"damage":0.0,"enemies":"Gensokyo:Wraith","floor":31.0,"turns":2.0},{"damage":0.0,"enemies":"Gensokyo:Eiki","floor":33.0,"turns":3.0},{"damage":0.0,"enemies":"Gensokyo:3_Bats","floor":35.0,"turns":1.0},{"damage":0.0,"enemies":"Gensokyo:3_Boulders","floor":39.0,"turns":1.0},{"damage":0.0,"enemies":"Gensokyo:SeedOfUnknown","floor":41.0,"turns":1.0},{"damage":0.0,"enemies":"Gensokyo:Kasen","floor":42.0,"turns":3.0},{"damage":0.0,"enemies":"Gensokyo:Rafflesia","floor":44.0,"turns":2.0},{"damage":0.0,"enemies":"Gensokyo:Sharpion","floor":46.0,"turns":1.0},{"damage":0.0,"enemies":"Gensokyo:Shinki","floor":50.0,"turns":4.0},{"damage":0.0,"enemies":"Gensokyo:Yuyuko","floor":51.0,"turns":4.0},{"damage":2.0,"enemies":"Shield and Spear","floor":55.0,"turns":5.0},{"damage":29,"enemies":"The Heart","floor":56,"turns":7}],"seed_played":"-7357362572702332522","potions_obtained":[{"floor":10.0,"key":"Weak Potion"},{"floor":12.0,"key":"SpeedPotion"},{"floor":14.0,"key":"Swift Potion"},{"floor":35.0,"key":"REME_GoldPotion"},{"floor":39.0,"key":"BlessingOfTheForge"},{"floor":41.0,"key":"DuplicationPotion"}],"is_trial":false,"path_per_floor":["M","$","?","M","?","E","$","E","T","E","?","E","?","M","R","B",null,"M","?","$","?","?","R","M","E","T","?","R","?","E","M","R","B",null,"M","?","?","COS","M","R","M","E","T","M","?","M","?","$","R","B","B",null,"R","$","E","B",null],"character_chosen":"WATCHER","items_purchased":["REME_CardOfGreed"],"campfire_rested":3,"item_purchase_floors":[20],"current_hp_per_floor":[61,61,61,61,61,56,56,54,54,47,47,45,28,30,30,9,53,48,48,48,48,48,48,50,41,41,41,41,41,41,41,41,41,41,41,41,33,33,35,41,41,41,48,48,48,48,24,24,38,40,40,45,46,46,44,17],"gold":52,"neow_bonus":"THREE_ENEMY_KILL","is_daily":false,"chose_seed":false,"campfire_upgraded":3,"win_rate":0.0,"timestamp":1613815140,"path_taken":["M","?","?","?","?","E","?","E","T","E","?","E","?","M","R","BOSS","M","?","$","?","?","R","M","E","T","?","R","?","E","M","R","BOSS","M","?","?","COS","M","R","M","E","T","M","?","M","?","?","R","BOSS","BOSS","R","$","E","BOSS"],"items_purchased_type":["Relic"],"build_version":"2020-12-22","purchased_purges":4,"victory":true,"max_hp_per_floor":[68,68,68,68,68,68,68,68,68,68,68,68,68,68,68,68,68,68,68,68,63,63,63,63,63,63,63,63,41,41,41,41,41,41,41,41,41,41,41,41,41,41,48,48,48,48,48,48,48,48,46,46,46,46,46,46],"card_choices":[{"not_picked":["EmptyFist","Swivel"],"picked":"WheelKick","floor":1.0},{"not_picked":["MentalFortress","ThirdEye","WindmillStrike"],"picked":"SKIP","floor":4.0},{"not_picked":["EmptyFist","DeceiveReality"],"picked":"CrushJoints","floor":5.0},{"not_picked":["EmptyBody","SignatureMove"],"picked":"Ragnarok","floor":6.0},{"not_picked":["FollowUp","Consecrate","CrushJoints"],"picked":"SKIP","floor":8.0},{"not_picked":["FollowUp","Consecrate","CrushJoints"],"picked":"SKIP","floor":8.0},{"not_picked":["FollowUp","Consecrate","CrushJoints"],"picked":"SKIP","floor":8.0},{"not_picked":["FlurryOfBlows","CrushJoints","Halt"],"picked":"SKIP","floor":10.0},{"not_picked":["FlurryOfBlows","CrushJoints","Halt"],"picked":"SKIP","floor":10.0},{"not_picked":["PathToVictory","Alpha","Sanctity"],"picked":"SKIP","floor":12.0},{"not_picked":["PathToVictory","Sanctity"],"picked":"Alpha","floor":12.0},{"not_picked":["SashWhip","BowlingBash","BattleHymn+1"],"picked":"SKIP","floor":14.0},{"not_picked":["Ragnarok","Alpha"],"picked":"Omniscience","floor":16.0},{"not_picked":["SignatureMove","ForeignInfluence","REME_Repentance"],"picked":"SKIP","floor":18.0},{"not_picked":["BowlingBash","REME_Repentance+1","FlyingSleeves"],"picked":"SKIP","floor":24.0},{"not_picked":["JustLucky","Consecrate+1","MasterReality+1"],"picked":"SKIP","floor":25.0},{"not_picked":["MentalFortress+1","Consecrate","Halt"],"picked":"SKIP","floor":30.0},{"not_picked":["MentalFortress+1","Consecrate","Halt"],"picked":"SKIP","floor":30.0},{"not_picked":["MentalFortress+1","Consecrate","Halt"],"picked":"SKIP","floor":30.0},{"not_picked":["CarveReality","CrushJoints","FlurryOfBlows"],"picked":"SKIP","floor":31.0},{"not_picked":[],"picked":"Gensokyo:ShootingStar","floor":33.0},{"not_picked":["Brilliance","DeusExMachina"],"picked":"Omniscience","floor":33.0},{"not_picked":["Crescendo","Evaluate","JustLucky"],"picked":"SKIP","floor":35.0},{"not_picked":["REME_Repentance","ThirdEye"],"picked":"Worship","floor":38.0},{"not_picked":["REME_Repentance","BowlingBash+1"],"picked":"Fasting2+1","floor":38.0},{"not_picked":["ClearTheMind","Study+1"],"picked":"Prostrate+1","floor":38.0},{"not_picked":["Protect","CrushJoints"],"picked":"Pray","floor":38.0},{"not_picked":["SandsOfTime","Collect","WindmillStrike+1"],"picked":"SKIP","floor":39.0},{"not_picked":["ClearTheMind","CrushJoints","Protect"],"picked":"SKIP","floor":41.0},{"not_picked":["MentalFortress+1","Nirvana+1","TalkToTheHand"],"picked":"SKIP","floor":42.0},{"not_picked":["Nirvana+1","InnerPeace","Indignation+1"],"picked":"SKIP","floor":44.0},{"not_picked":["Nirvana+1","Indignation+1"],"picked":"InnerPeace","floor":44.0},{"not_picked":["Nirvana+1","Protect","DevaForm+1"],"picked":"SKIP","floor":46.0},{"not_picked":["FollowUp","CrushJoints","InnerPeace"],"picked":"SKIP","floor":55.0}],"player_experience":300950,"relics_obtained":[{"floor":5.0,"key":"Blood Vial"},{"floor":6.0,"key":"PreservedInsect"},{"floor":8.0,"key":"Damaru"},{"floor":9.0,"key":"Omamori"},{"floor":10.0,"key":"Frozen Egg 2"},{"floor":12.0,"key":"FossilizedHelix"},{"floor":25.0,"key":"White Beast Statue"},{"floor":30.0,"key":"REME_HandOfSuture"},{"floor":42.0,"key":"War Paint"},{"floor":43.0,"key":"Strawberry"},{"floor":55.0,"key":"Letter Opener"}],"event_choices":[],"is_beta":false,"boss_relics":[{"not_picked":["SacredBark","VioletLotus"],"picked":"Pandora\u0027s Box"},{"not_picked":["Tiny House","Cursed Key"],"picked":"Fusion Hammer"}],"items_purged_floors":[2,7,48,54],"is_endless":false,"potions_floor_spawned":[10,12,14,25,30,31,33,35,39,41,42,44,46,55],"ascension_level":20}}