{"host":"onfdonezo2qmaex3","time":1613821340,"event":{"mods":["2.2 Compatiblity","AchievementEnabler","Act Like it!","Aspiration","BaseMod","Colored Powertips","Downfall","Friendly Minions","Gensokyo","Hallownest","Hermit","Highlight Path","Jorbs\u0027s Wanderer Trilogy","Marisa????????","Marked Mod","Minty Spire (QoL Compilation)","Quick Restart","Reliquary","Shop Mod","StSLib","The Disciple","The Hayseed","The Hierophant","The Marked","The Runesmith"],"gold_per_floor":[112,112,37,55,55,85,85,115,115,132,132,151,72,98,98,98,98],"floor_reached":16,"language":"ENG","playtime":376,"items_purged":["Defend_G"],"score":166,"play_id":"4d1afedf-829f-426b-a1bf-c306dea9c71b","local_time":"20210220124220","is_ascension_mode":true,"campfire_choices":[{"data":"Cloak And Dagger","floor":15,"key":"SMITH"}],"circlet_count":0,"master_deck":["Strike_G","Strike_G","Strike_G","Strike_G","Defend_G","Defend_G","Neutralize","Escape Plan","Terror+1","Cloak And Dagger+1","Gensokyo:Shovel","Endless Agony+1"],"relics":["Ring of the Snake","NeowsBlessing","Pear","reliquary:Boomerang","Gensokyo:Justice","hexamod:CandleOfCauterizing","reliquary:PrincelyHelmet","Bronze Scales"],"acts_visited":["Gensokyo:Gensokyo"],"potions_floor_usage":[14,14],"damage_taken":[{"damage":0,"enemies":"Gensokyo:Gryphon","floor":1,"turns":1},{"damage":0,"enemies":"Gensokyo:Python","floor":4,"turns":1},{"damage":0,"enemies":"Gensokyo:Aya","floor":6,"turns":1},{"damage":4,"enemies":"Gensokyo:Cirno","floor":8,"turns":5},{"damage":0,"enemies":"Gensokyo:3_Fairies","floor":10,"turns":2},{"damage":0,"enemies":"Gensokyo:Gryphon_and_Rabbit","floor":12,"turns":4},{"damage":18,"enemies":"Gensokyo:Aya","floor":14,"turns":6},{"damage":0,"enemies":"Gensokyo:Yukari","floor":16,"turns":1}],"seed_played":"-5902936249773868000","potions_obtained":[{"floor":6,"key":"LiquidMemories"},{"floor":8,"key":"PowerPotion"},{"floor":12,"key":"SpeedPotion"}],"is_trial":false,"path_per_floor":["M","?","$","M","?","E","?","E","T","M","?","M","COS","E","R","B"],"character_chosen":"THE_SILENT","items_purchased":[],"campfire_rested":0,"item_purchase_floors":[],"current_hp_per_floor":[70,65,65,65,65,65,65,61,61,61,29,29,29,11,11,11,11],"gold":98,"neow_bonus":"THREE_ENEMY_KILL","is_daily":false,"chose_seed":false,"campfire_upgraded":1,"win_rate":0.0,"timestamp":1613821340,"path_taken":["M","?","$","M","?","E","?","E","T","?","?","M","COS","E","R","BOSS"],"items_purchased_type":[],"build_version":"2020-12-22","purchased_purges":1,"victory":false,"max_hp_per_floor":[70,80,80,80,80,80,80,80,80,80,80,80,80,80,80,80,80],"card_choices":[{"not_picked":["Quick Slash","Crippling Poison"],"picked":"Escape Plan","floor":1},{"not_picked":["PiercingWail","Slice"],"picked":"Terror","floor":4},{"not_picked":["Endless Agony","Sucker Punch"],"picked":"Cloak And Dagger","floor":6},{"not_picked":["Dodge and Roll","Bouncing Flask","Prepared"],"picked":"SKIP","floor":8},{"not_picked":["Bane","Prepared","Catalyst"],"picked":"SKIP","floor":10},{"not_picked":["Slice","Poisoned Stab","Acrobatics"],"picked":"SKIP","floor":12},{"not_picked":["Expertise+1","Underhanded Strike+1"],"picked":"Endless Agony+1","floor":14},{"not_picked":["Dash","Predator","Setup"],"picked":"SKIP","floor":14}],"player_experience":221363,"relics_obtained":[{"floor":6,"key":"reliquary:Boomerang"},{"floor":8,"key":"hexamod:CandleOfCauterizing"},{"floor":9,"key":"reliquary:PrincelyHelmet"},{"floor":14,"key":"Bronze Scales"}],"event_choices":[],"is_beta":false,"boss_relics":[],"items_purged_floors":[3],"is_endless":false,"potions_floor_spawned":[6,8,12],"killed_by":"Gensokyo:Yukari","ascension_level":4}}