{"host":"y13mj1mxwnd5xx1x","time":1613794650,"event":{"mods":["AchievementEnabler","BaseMod","Minty Spire (QoL Compilation)"],"gold_per_floor":[109,109,34,59,73,73,113,113,413,429,448,448,448],"floor_reached":12,"language":"ENG","playtime":713,"items_purged":["Injury"],"score":88,"play_id":"929912c7-2956-4d26-a245-0d9791c58786","local_time":"20210219221730","is_ascension_mode":true,"campfire_choices":[{"data":"Eruption","floor":6,"key":"SMITH"},{"floor":8,"key":"REST"}],"circlet_count":0,"master_deck":["Strike_P","Strike_P","Strike_P","Defend_P","Defend_P","Defend_P","Defend_P","Eruption+1","Vigilance","Pray","ThirdEye","Evaluate","Tantrum","ForeignInfluence","Prostrate"],"relics":["PureWater","Golden Idol","CaptainsWheel","Old Coin"],"acts_visited":["Exordium"],"potions_floor_usage":[5,10,12],"damage_taken":[{"damage":8,"enemies":"Small Slimes","floor":1,"turns":9},{"damage":5,"enemies":"Jaw Worm","floor":4,"turns":3},{"damage":14,"enemies":"2 Louse","floor":5,"turns":3},{"damage":16,"enemies":"Lagavulin","floor":7,"turns":5},{"damage":12,"enemies":"2 Fungi Beasts","floor":10,"turns":3},{"damage":0,"enemies":"Large Slime","floor":11,"turns":3},{"damage":65,"enemies":"Gremlin Nob","floor":12,"turns":4}],"seed_played":"-2199416260650160228","potions_obtained":[{"floor":4,"key":"SkillPotion"},{"floor":7,"key":"GamblersBrew"},{"floor":11,"key":"Weak Potion"}],"is_trial":false,"path_per_floor":["M","?","$","M","M","R","E","R","T","M","M","E"],"character_chosen":"WATCHER","items_purchased":[],"campfire_rested":1,"item_purchase_floors":[],"current_hp_per_floor":[64,64,64,59,45,45,29,50,50,38,38,0,0],"gold":448,"neow_bonus":"TRANSFORM_CARD","is_daily":false,"chose_seed":false,"campfire_upgraded":1,"win_rate":0.0,"timestamp":1613794650,"path_taken":["M","?","$","M","M","R","E","R","T","M","M","E"],"items_purchased_type":[],"build_version":"2020-12-22","purchased_purges":1,"victory":false,"max_hp_per_floor":[72,72,72,72,72,72,72,72,72,72,72,72,72],"card_choices":[{"not_picked":["Halt","JustLucky"],"picked":"ThirdEye","floor":1},{"not_picked":["Halt","Weave"],"picked":"Evaluate","floor":4},{"not_picked":["Pray","Fasting2"],"picked":"Tantrum","floor":5},{"not_picked":["BattleHymn","Meditate"],"picked":"ForeignInfluence","floor":7},{"not_picked":["Tantrum","SashWhip"],"picked":"Prostrate","floor":10},{"not_picked":["JustLucky","PathToVictory","Meditate"],"picked":"SKIP","floor":11}],"player_experience":181144,"relics_obtained":[{"floor":7,"key":"CaptainsWheel"},{"floor":9,"key":"Old Coin"}],"event_choices":[{"damage_healed":0,"gold_gain":0,"player_choice":"Take Wound","damage_taken":0,"relics_obtained":["Golden Idol"],"max_hp_gain":0,"max_hp_loss":0,"event_name":"Golden Idol","floor":2,"gold_loss":0,"cards_obtained":["Injury"]}],"is_beta":false,"boss_relics":[],"items_purged_floors":[3],"is_endless":false,"potions_floor_spawned":[4,7,11],"killed_by":"Gremlin Nob","ascension_level":2}}