{"host":"0rxdudjy6rylha1k","time":1613860693,"event":{"mods":["Aspiration","BaseMod","Colored Map","Colored Powertips","Downfall","Highlight Path","Hubris","Minty Spire (QoL Compilation)","StSLib"],"gold_per_floor":[0,12,26,126,141,4,53,53,84,69,79,179,79,104,127,239,239,139,157,169,185,185,210,288,188,25,25,45,45,58,74,92,200,200,200,219,24,24,43,68,119,119,32,32,32,50,76,76,76,76],"floor_reached":48,"language":"ENG","playtime":6283,"items_purged":["hexamod:Strike"],"score":728,"play_id":"df968f13-0cd5-42bf-9be1-2a4922c3b33b","local_time":"20210220153813","is_ascension_mode":true,"campfire_choices":[{"floor":1.0,"key":"RECALL"},{"data":"hexamod:GhostOfSpirePresent","floor":8.0,"key":"SMITH"},{"floor":13.0,"key":"REST"},{"data":"Dramatic Entrance","floor":18.0,"key":"SMITH"},{"floor":25.0,"key":"REST"},{"data":"hexamod:ParanormalForm","floor":35.0,"key":"SMITH"},{"floor":44.0,"key":"REST"}],"circlet_count":0,"master_deck":["hexamod:Strike","hexamod:Strike","hexamod:Strike","hexamod:Defend","hexamod:Defend","hexamod:Defend","hexamod:Defend","hexamod:Sear","hexamod:Float","hexamod:GhostOfSpirePresent+1","hexamod:DynamicBlow","hexamod:Firestarter","hexamod:FourthSeal","hexamod:HeatMetal","hexamod:EmpoweredFlame","Dramatic Entrance+1","hexamod:PhantomFireball","hexamod:SwordOfDarkness","hexamod:SecondSeal","hexamod:FirstSeal","hexamod:Rewind","hexamod:Incineration","hexamod:ThermalTransfer","hexamod:Hexaguard+1","hexamod:InspiringFlames","hexamod:ParanormalForm+1","hexamod:ThirdSeal","hexamod:InspiringFlames+1","hexamod:EmpoweredFlame+1","Bandage Up"],"relics":["hexamod:SpiritBrand","Bronze Scales","downfall:HeartBlessingRed","SacredBark","downfall:HeartBlessingBlue","aspiration:Stabinomicon","Sundial","downfall:HeartBlessingGreen","Toolbox","hubris:Towel","Pear","Busted Crown","MealTicket","Sling","aspiration:Lifesprig","aspiration:FrozenJewel","Oddly Smooth Stone","Membership Card","hubris:Icosahedron"],"acts_visited":["Exordium","TheCity","TheBeyond"],"potions_floor_usage":[48,48],"damage_taken":[{"damage":4.0,"enemies":"Cultist","floor":2.0,"turns":5.0},{"damage":0.0,"enemies":"2 Louse","floor":3.0,"turns":3.0},{"damage":0.0,"enemies":"Small Slimes","floor":5.0,"turns":4.0},{"damage":0.0,"enemies":"downfall:FleeingMerchant","floor":6.0,"turns":4.0},{"damage":25.0,"enemies":"Lagavulin","floor":9.0,"turns":7.0},{"damage":0.0,"enemies":"downfall:FleeingMerchant","floor":10.0,"turns":4.0},{"damage":8.0,"enemies":"Blue Slaver","floor":11.0,"turns":2.0},{"damage":0.0,"enemies":"Exordium Thugs","floor":14.0,"turns":3.0},{"damage":0.0,"enemies":"Lots of Slimes","floor":15.0,"turns":1.0},{"damage":16.0,"enemies":"SI_SHIV_ARCHETYPE","floor":16.0,"turns":5.0},{"damage":3.0,"enemies":"3 Byrds","floor":19.0,"turns":3.0},{"damage":7.0,"enemies":"Chosen","floor":20.0,"turns":3.0},{"damage":24.0,"enemies":"Snake Plant","floor":21.0,"turns":3.0},{"damage":44.0,"enemies":"Book of Stabbing","floor":23.0,"turns":6.0},{"damage":3.0,"enemies":"downfall:FleeingMerchant","floor":26.0,"turns":4.0},{"damage":12.0,"enemies":"Cultist and Chosen","floor":28.0,"turns":6.0},{"damage":7.0,"enemies":"Shelled Parasite and Fungi","floor":30.0,"turns":3.0},{"damage":14.0,"enemies":"Sentry and Sphere","floor":31.0,"turns":4.0},{"damage":19.0,"enemies":"Chosen and Byrds","floor":32.0,"turns":6.0},{"damage":63.0,"enemies":"WA_ARCHETYPE_CALM","floor":33.0,"turns":11.0},{"damage":0.0,"enemies":"3 Shapes","floor":36.0,"turns":4.0},{"damage":10.0,"enemies":"downfall:FleeingMerchant","floor":37.0,"turns":3.0},{"damage":11.0,"enemies":"Orb Walker","floor":39.0,"turns":2.0},{"damage":35.0,"enemies":"Nemesis","floor":40.0,"turns":5.0},{"damage":3.0,"enemies":"Spire Growth","floor":46.0,"turns":3.0},{"damage":30.0,"enemies":"4 Shapes","floor":47.0,"turns":6.0},{"damage":78,"enemies":"Giant Head","floor":48,"turns":7}],"seed_played":"783432085700324811","potions_obtained":[{"floor":6.0,"key":"Strength Potion"},{"floor":9.0,"key":"EntropicBrew"},{"floor":9.0,"key":"Weak Potion"},{"floor":10.0,"key":"LiquidMemories"},{"floor":11.0,"key":"hexamod:SoulburnPotion"},{"floor":14.0,"key":"Explosive Potion"},{"floor":15.0,"key":"Dexterity Potion"},{"floor":16.0,"key":"DuplicationPotion"},{"floor":19.0,"key":"Dexterity Potion"},{"floor":20.0,"key":"CultistPotion"},{"floor":26.0,"key":"Ancient Potion"},{"floor":28.0,"key":"Swift Potion"},{"floor":28.0,"key":"Swift Potion"},{"floor":31.0,"key":"LiquidMemories"},{"floor":32.0,"key":"DistilledChaos"},{"floor":33.0,"key":"hexamod:EctoCoolerPotion"},{"floor":33.0,"key":"FearPotion"},{"floor":36.0,"key":"Dexterity Potion"},{"floor":37.0,"key":"FearPotion"},{"floor":40.0,"key":"EssenceOfSteel"},{"floor":40.0,"key":"hexamod:DoubleChargePotion"},{"floor":46.0,"key":"CultistPotion"},{"floor":47.0,"key":"Swift Potion"},{"floor":47.0,"key":"Ancient Potion"}],"is_trial":false,"path_per_floor":["R","M","M","?","M","$","T","R","E","$","M","?","R","M","M","B",null,"R","M","M","M","?","E","T","R","$","?","M","T","M","M","M","B",null,"R","M","$","?","M","E","T","$","$","R","?","M","M","E"],"character_chosen":"THE_SPIRIT","items_purchased":["hexamod:EmpoweredFlame","Dramatic Entrance","Toolbox","MealTicket","Sling","aspiration:Lifesprig","CultistPotion","Membership Card","Bandage Up"],"campfire_rested":3,"item_purchase_floors":[6,6,26,37,37,37,37,42,43],"current_hp_per_floor":[63,59,59,59,59,59,59,59,34,34,26,26,47,47,47,31,60,70,67,60,43,46,9,9,33,30,30,25,35,35,28,16,24,76,76,83,80,80,69,41,41,31,46,73,73,81,62,0,0,0],"gold":76,"neow_bonus":"THREE_RARE_CARDS","is_daily":false,"chose_seed":false,"campfire_upgraded":3,"win_rate":0.0,"timestamp":1613860693,"path_taken":["R","M","M","?","?","$","T","R","E","$","M","?","R","M","M","BOSS","R","M","M","M","?","E","T","R","$","?","M","?","M","M","M","BOSS","R","M","$","?","M","E","T","?","$","R","?","M","M","E"],"items_purchased_type":["Card","Card","Relic","Relic","Relic","Relic","Potion","Relic","Card"],"build_version":"2020-12-22","purchased_purges":1,"victory":false,"max_hp_per_floor":[70,70,70,70,70,70,70,70,70,70,70,70,70,70,70,70,70,80,80,80,80,83,83,83,83,83,83,83,93,93,93,93,93,93,93,93,93,93,93,93,93,93,93,93,93,93,93,93,93,93],"card_choices":[{"not_picked":["hexamod:GiftsFromTheDead","hexamod:Toasty"],"picked":"hexamod:GhostOfSpirePresent","floor":0.0},{"not_picked":["hexamod:BurningTouch","hexamod:NightmareGuise"],"picked":"hexamod:DynamicBlow","floor":2.0},{"not_picked":["hexamod:DynamicBlow","hexamod:Hexaguard"],"picked":"hexamod:Firestarter","floor":3.0},{"not_picked":["hexamod:Toasty","hexamod:NightmareStrike"],"picked":"hexamod:FourthSeal","floor":5.0},{"not_picked":["hexamod:Hexaguard","hexamod:HeatCrush"],"picked":"hexamod:HeatMetal","floor":6.0},{"not_picked":["hexamod:SuperheatedStrike","hexamod:NecessarySacrifice"],"picked":"hexamod:PhantomFireball","floor":9.0},{"not_picked":["hexamod:NightmareGuise","hexamod:AdvancingGuard"],"picked":"hexamod:SwordOfDarkness","floor":10.0},{"not_picked":["hexamod:SpectralSpark","hexamod:HeatMetal"],"picked":"hexamod:SecondSeal","floor":11.0},{"not_picked":["hexamod:NightmareGuise","hexamod:FlamesFromBeyond","hexamod:RecurringNightmare"],"picked":"SKIP","floor":14.0},{"not_picked":["hexamod:SpectersWail","hexamod:HauntingEcho","hexamod:SwordOfDarkness"],"picked":"SKIP","floor":15.0},{"not_picked":["hexamod:GhostShield+1","hexamod:SpectralAdrenaline"],"picked":"hexamod:FirstSeal","floor":19.0},{"not_picked":["hexamod:ThermalTransfer+1","hexamod:BurningTouch+1"],"picked":"hexamod:Rewind","floor":20.0},{"not_picked":["hexamod:InspiringFlames+1","hexamod:HauntingEcho"],"picked":"hexamod:Incineration","floor":21.0},{"not_picked":["hexamod:EmpoweredFlame+1","hexamod:UnleashSpirits"],"picked":"hexamod:ThermalTransfer","floor":23.0},{"not_picked":["hexamod:GhostShield","hexamod:SuperheatedStrike+1"],"picked":"hexamod:Hexaguard+1","floor":26.0},{"not_picked":["hexamod:PhantomFireball","hexamod:BurningTouch","hexamod:RecurringNightmare"],"picked":"SKIP","floor":28.0},{"not_picked":["hexamod:GhostLash","hexamod:GhostShield","hexamod:PowerFromBeyond+1"],"picked":"SKIP","floor":30.0},{"not_picked":["hexamod:FastForward","hexamod:NightmareStrike"],"picked":"hexamod:AdvancingGuard+1","floor":31.0},{"not_picked":["hexamod:GhostOfSpireFuture","hexamod:SearingWound"],"picked":"hexamod:InspiringFlames","floor":32.0},{"not_picked":["hexamod:GhostflameInferno","hexamod:Toasty"],"picked":"hexamod:ParanormalForm","floor":33.0},{"not_picked":["hexamod:DynamicBlow"],"picked":"SKIP","floor":36.0},{"not_picked":["hexamod:ChargedBarrage"],"picked":"SKIP","floor":37.0},{"not_picked":[],"picked":"hexamod:InspiringFlames+1","floor":39.0},{"not_picked":[],"picked":"hexamod:EmpoweredFlame+1","floor":40.0},{"not_picked":["hexamod:GhostLash+1"],"picked":"SKIP","floor":40.0},{"not_picked":["hexamod:SpectralSpark"],"picked":"SKIP","floor":46.0},{"not_picked":["hexamod:BacktrackSmack"],"picked":"SKIP","floor":47.0},{"not_picked":["hexamod:NightmareStrike+1"],"picked":"SKIP","floor":47.0}],"player_experience":3027141,"relics_obtained":[{"floor":9.0,"key":"Bronze Scales"},{"floor":23.0,"key":"aspiration:Stabinomicon"},{"floor":24.0,"key":"Sundial"},{"floor":29.0,"key":"Pear"},{"floor":40.0,"key":"aspiration:FrozenJewel"},{"floor":41.0,"key":"Oddly Smooth Stone"}],"event_choices":[],"is_beta":false,"boss_relics":[{"not_picked":["Astrolabe","hubris:BlackHole"],"picked":"SacredBark"},{"not_picked":["aspiration:WatcherSkillbook","Pandora\u0027s Box"],"picked":"Busted Crown"}],"items_purged_floors":[43],"is_endless":false,"potions_floor_spawned":[9,11,14,15,21,28,33,40,47],"killed_by":"Giant Head","ascension_level":8}}