{"host":"spd19cimorv47raq","time":1613793060,"event":{"mods":["AchievementEnabler","BaseMod","Colored Map","DeckTracker","Keyboard Shortcuts","Minty Spire (QoL Compilation)","Quick Restart","StSLib","SuperFastMode"],"gold_per_floor":[112,131,13,13,13,42,55,81,81,107,107,123,123,137,137,137,137],"floor_reached":16,"language":"KOR","playtime":480,"items_purged":["Strike_R"],"score":270,"play_id":"852b090c-16ea-4d34-9dd3-46ff4e006ebb","local_time":"20210220125100","is_ascension_mode":true,"campfire_choices":[{"data":"Bloodletting","floor":13,"key":"SMITH"},{"data":"True Grit","floor":15,"key":"SMITH"}],"circlet_count":0,"master_deck":["AscendersBane","Strike_R","Strike_R","Strike_R","Defend_R","Defend_R","Defend_R","Defend_R","Bash","Dropkick","Bloodletting+1","Second Wind","Headbutt","Shrug It Off","Armaments+1","Fiend Fire","True Grit+1"],"relics":["Burning Blood","NeowsBlessing","Letter Opener","Centennial Puzzle","Odd Mushroom","White Beast Statue","Akabeko"],"acts_visited":["Exordium"],"potions_floor_usage":[8,8,14,16,16],"damage_taken":[{"damage":0,"enemies":"Cultist","floor":1,"turns":1},{"damage":0,"enemies":"Small Slimes","floor":2,"turns":1},{"damage":0,"enemies":"3 Sentries","floor":6,"turns":1},{"damage":6,"enemies":"2 Louse","floor":7,"turns":4},{"damage":16,"enemies":"The Mushroom Lair","floor":8,"turns":5},{"damage":35,"enemies":"Lagavulin","floor":10,"turns":8},{"damage":3,"enemies":"Exordium Thugs","floor":12,"turns":3},{"damage":0,"enemies":"Looter","floor":14,"turns":1},{"damage":63,"enemies":"Slime Boss","floor":16,"turns":7}],"seed_played":"-4303704615538821508","potions_obtained":[{"floor":1,"key":"DistilledChaos"},{"floor":7,"key":"HeartOfIron"},{"floor":10,"key":"BloodPotion"},{"floor":12,"key":"SneckoOil"},{"floor":14,"key":"DuplicationPotion"}],"is_trial":false,"path_per_floor":["M","M","$","?","?","E","M","?","T","E","?","M","R","M","R","B"],"character_chosen":"IRONCLAD","items_purchased":["Bloodletting"],"campfire_rested":0,"item_purchase_floors":[3],"current_hp_per_floor":[74,75,75,75,70,75,75,65,65,36,36,39,39,45,45,0,0],"gold":137,"neow_bonus":"THREE_ENEMY_KILL","is_daily":false,"chose_seed":false,"campfire_upgraded":2,"win_rate":0.0,"timestamp":1613793060,"path_taken":["M","M","$","?","?","E","M","?","T","E","?","M","R","?","R","BOSS"],"items_purchased_type":["Card"],"build_version":"2020-12-22","purchased_purges":1,"victory":false,"max_hp_per_floor":[75,75,75,75,75,75,75,75,75,75,75,75,75,75,75,75,75],"card_choices":[{"not_picked":["Inflame","Wild Strike"],"picked":"Dropkick","floor":1},{"not_picked":["Havoc","Wild Strike","Warcry"],"picked":"SKIP","floor":2},{"not_picked":["Anger","Headbutt"],"picked":"Second Wind","floor":6},{"not_picked":["Cleave","Perfected Strike"],"picked":"Headbutt","floor":7},{"not_picked":["Metallicize","Twin Strike"],"picked":"Shrug It Off","floor":8},{"not_picked":["Clash","Intimidate"],"picked":"Armaments","floor":10},{"not_picked":["Wild Strike","Twin Strike"],"picked":"Fiend Fire","floor":12},{"not_picked":["Ghostly Armor","Pommel Strike"],"picked":"True Grit","floor":14}],"player_experience":877993,"relics_obtained":[{"floor":6,"key":"Centennial Puzzle"},{"floor":8,"key":"Odd Mushroom"},{"floor":9,"key":"White Beast Statue"},{"floor":10,"key":"Akabeko"}],"event_choices":[{"cards_removed":["Strike_R"],"damage_healed":0,"gold_gain":0,"player_choice":"Forget","damage_taken":0,"max_hp_gain":0,"max_hp_loss":0,"event_name":"Living Wall","floor":4,"gold_loss":0},{"damage_healed":0,"gold_gain":0,"player_choice":"Success","damage_taken":5,"relics_obtained":["Letter Opener"],"max_hp_gain":0,"max_hp_loss":0,"event_name":"Scrap Ooze","floor":5,"gold_loss":0},{"damage_healed":0,"gold_gain":0,"player_choice":"Fought Mushrooms","damage_taken":0,"max_hp_gain":0,"max_hp_loss":0,"event_name":"Mushrooms","floor":8,"gold_loss":0},{"damage_healed":0,"gold_gain":0,"player_choice":"Upgraded","damage_taken":0,"max_hp_gain":0,"max_hp_loss":0,"event_name":"Upgrade Shrine","floor":11,"gold_loss":0,"cards_upgraded":["Armaments"]}],"is_beta":false,"boss_relics":[],"items_purged_floors":[3],"is_endless":false,"potions_floor_spawned":[1,7,10,12,14],"killed_by":"Slime Boss","ascension_level":20}}