{"host":"7bb7osqc91rjfyph","time":1613808350,"event":{"mods":["AchievementEnabler","BaseMod","BetterRewards","Colored Map","Colored Powertips","Downfall","Googly Eyes","Hermit","Hubris","Marisa????????","Minty Spire (QoL Compilation)","Shop Mod","StSLib","The Cursed"],"gold_per_floor":[118,133,133,148,148,180,180,211,211,223,250,261,261,271,271,374,374,394,394,429,444,460,488,488,119,144,60,91,91,116,142,142,243,243,257,479,500,500,518,551,551,578,649,678,184,226,238,292,292,292,292,292,39,73,73,73],"floor_reached":55,"language":"ENG","playtime":2316,"items_purged":["Defend_P","Strike_P"],"score":1272,"play_id":"72ae0fe4-dde6-4e1f-9304-35aeca460652","local_time":"20210220020550","is_ascension_mode":true,"campfire_choices":[{"data":"Omniscience","floor":13,"key":"SMITH"},{"data":"Eruption","floor":15,"key":"SMITH"},{"floor":24,"key":"RECALL"},{"data":"Crescendo","floor":32,"key":"SMITH"},{"data":"WheelKick","floor":41,"key":"SMITH"},{"data":"Vigilance","floor":49,"key":"SMITH"},{"data":"Blasphemy","floor":52,"key":"SMITH"}],"circlet_count":0,"master_deck":["Strike_P","Strike_P","Strike_P","Defend_P","Defend_P","Defend_P","Eruption+1","Vigilance+1","Vault+1","Perseverance","CutThroughFate","Consecrate","CutThroughFate","Consecrate","Omniscience+1","FlurryOfBlows","Blasphemy+1","CutThroughFate","WindmillStrike+1","WheelKick+1","FlurryOfBlows","CutThroughFate","Crescendo+1","FollowUp+1","Perseverance","Halt+1","Evaluate+1","Protect"],"relics":["HolyWater","Blue Candle","Damaru","Anchor","Nunchaku","Orichalcum","Busted Crown","hubris:Icosahedron","Red Mask","hubris:ToyBattleship","Strawberry","CeramicFish","hubris:SphereOfDissonance","hubris:MysteriousPyramids","TeardropLocket","hubris:Towel","White Beast Statue","Eternal Feather","Pear","hubris:Reverence","Bronze Scales","Bag of Preparation","Mango","Oddly Smooth Stone","hubris:PeanutButter"],"acts_visited":["Exordium","TheCity","TheBeyond","TheEnding"],"potions_floor_usage":[22,23,39,46,50,50,55,55],"damage_taken":[{"damage":0.0,"enemies":"Small Slimes","floor":1.0,"turns":2.0},{"damage":0.0,"enemies":"2 Louse","floor":2.0,"turns":2.0},{"damage":0.0,"enemies":"Jaw Worm","floor":4.0,"turns":2.0},{"damage":16,"enemies":"Lagavulin","floor":6,"turns":8},{"damage":17,"enemies":"Gremlin Nob","floor":8,"turns":4},{"damage":0,"enemies":"Gremlin Gang","floor":10,"turns":3},{"damage":8,"enemies":"3 Sentries","floor":11,"turns":5},{"damage":4,"enemies":"Red Slaver","floor":12,"turns":3},{"damage":0,"enemies":"3 Louse","floor":14,"turns":2},{"damage":0,"enemies":"Slime Boss","floor":16,"turns":5},{"damage":4,"enemies":"Shell Parasite","floor":18,"turns":4},{"damage":0,"enemies":"Masked Bandits","floor":20,"turns":4},{"damage":0,"enemies":"3 Byrds","floor":21,"turns":4},{"damage":0,"enemies":"3 Cultists","floor":22,"turns":3},{"damage":1,"enemies":"Gremlin Leader","floor":23,"turns":5},{"damage":9,"enemies":"Slavers","floor":28,"turns":4},{"damage":0,"enemies":"Gremlin Leader","floor":30,"turns":3},{"damage":0,"enemies":"Sentry and Sphere","floor":31,"turns":2},{"damage":20,"enemies":"Champ","floor":33,"turns":5},{"damage":0,"enemies":"Orb Walker","floor":35,"turns":2},{"damage":0,"enemies":"3 Darklings","floor":37,"turns":1},{"damage":0,"enemies":"Maw","floor":39,"turns":3},{"damage":0,"enemies":"Reptomancer","floor":40,"turns":2},{"damage":22,"enemies":"Nemesis","floor":42,"turns":3},{"damage":0,"enemies":"Sphere and 2 Shapes","floor":44,"turns":3},{"damage":0,"enemies":"Giant Head","floor":46,"turns":4},{"damage":0,"enemies":"Writhing Mass","floor":47,"turns":2},{"damage":0,"enemies":"2 Orb Walkers","floor":48,"turns":2},{"damage":89,"enemies":"Donu and Deca","floor":50,"turns":7},{"damage":0,"enemies":"Shield and Spear","floor":54,"turns":2},{"damage":150,"enemies":"The Heart","floor":55,"turns":6}],"seed_played":"2133087940240002999","potions_obtained":[{"floor":1.0,"key":"BottledMiracle"},{"floor":2.0,"key":"LiquidMemories"},{"floor":4.0,"key":"champ:CounterPotion"},{"floor":14,"key":"Weak Potion"},{"floor":20,"key":"Explosive Potion"},{"floor":22,"key":"Slimebound:ThreeZeroPotion"},{"floor":30,"key":"Fire Potion"},{"floor":33,"key":"LiquidMemories"},{"floor":40,"key":"BottledMiracle"},{"floor":44,"key":"LiquidMemories"},{"floor":46,"key":"Dexterity Potion"},{"floor":47,"key":"BlessingOfTheForge"},{"floor":48,"key":"Block Potion"},{"floor":54,"key":"ColorlessPotion"}],"is_trial":false,"path_per_floor":["M","M","?","M","?","E","?","E","T","M","E","M","R","M","R","B",null,"M","?","?","M","M","E","R","$","T","$","E","T","E","M","R","B",null,"M","?","M","?","M","E","R","E","T","M","$","E","M","?","R","B",null,"R","$","E","B"],"character_chosen":"WATCHER","items_purchased":["Strawberry","CeramicFish","FlurryOfBlows","CutThroughFate","hubris:Reverence","Bronze Scales","Energy Potion","Explosive Potion","Oddly Smooth Stone"],"campfire_rested":0,"item_purchase_floors":[25,25,27,27,45,45,53,53,53],"current_hp_per_floor":[72,72,72,72,67,51,56,39,39,39,31,27,27,27,27,27,77,73,73,73,73,73,72,72,79,79,79,70,70,70,70,70,50,84,84,84,84,84,84,84,84,62,72,72,72,72,72,86,101,12,108,108,108,108,0,0],"gold":73,"neow_bonus":"ONE_RANDOM_RARE_CARD","is_daily":false,"chose_seed":false,"campfire_upgraded":6,"win_rate":0.0,"timestamp":1613808350,"path_taken":["M","M","?","M","?","E","?","E","T","M","E","M","R","M","R","BOSS","M","?","?","?","?","E","R","?","T","$","E","?","E","M","R","BOSS","M","?","M","?","M","E","R","E","T","M","$","E","M","?","R","BOSS","R","$","E","BOSS"],"items_purchased_type":["Relic","Relic","Card","Card","Relic","Relic","Potion","Potion","Relic"],"build_version":"2020-12-22","purchased_purges":2,"victory":false,"max_hp_per_floor":[72,72,72,72,72,72,77,77,77,77,77,77,77,77,77,77,77,77,77,77,77,77,77,77,84,84,84,84,84,84,84,84,84,84,84,84,84,84,84,84,84,84,94,94,94,94,94,108,108,108,108,108,108,108,108,108],"card_choices":[{"not_picked":["SashWhip","Wireheading"],"picked":"Perseverance","floor":1.0},{"not_picked":["EmptyBody","WheelKick"],"picked":"CutThroughFate","floor":2.0},{"not_picked":["BowlingBash","Prostrate","EmptyFist"],"picked":"SKIP","floor":4.0},{"not_picked":["SandsOfTime","Halt"],"picked":"Consecrate","floor":6},{"not_picked":["ReachHeaven","Establishment"],"picked":"CutThroughFate","floor":8},{"not_picked":["DeceiveReality","Evaluate"],"picked":"Consecrate","floor":10},{"not_picked":["JustLucky","Pray"],"picked":"Omniscience","floor":11},{"not_picked":["Meditate","Evaluate"],"picked":"FlurryOfBlows","floor":12},{"not_picked":["MentalFortress","CrushJoints","JustLucky"],"picked":"SKIP","floor":14},{"not_picked":["Judgement","Establishment"],"picked":"Blasphemy","floor":16},{"not_picked":[],"picked":"CutThroughFate","floor":18},{"not_picked":[],"picked":"WindmillStrike+1","floor":21},{"not_picked":["PathToVictory"],"picked":"SKIP","floor":22},{"not_picked":[],"picked":"WheelKick","floor":23},{"not_picked":["ThirdEye"],"picked":"SKIP","floor":28},{"not_picked":["Conclude"],"picked":"SKIP","floor":30},{"not_picked":[],"picked":"Crescendo","floor":31},{"not_picked":["ForeignInfluence+1"],"picked":"SKIP","floor":35},{"not_picked":[],"picked":"FollowUp+1","floor":37},{"not_picked":["Conclude"],"picked":"SKIP","floor":39},{"not_picked":["Wish"],"picked":"SKIP","floor":40},{"not_picked":["Indignation"],"picked":"SKIP","floor":42},{"not_picked":[],"picked":"Perseverance","floor":44},{"not_picked":[],"picked":"Halt+1","floor":46},{"not_picked":["CrushJoints"],"picked":"SKIP","floor":47},{"not_picked":[],"picked":"Evaluate+1","floor":48},{"not_picked":[],"picked":"Protect","floor":54}],"player_experience":114455,"relics_obtained":[{"floor":6,"key":"Damaru"},{"floor":8,"key":"Anchor"},{"floor":9,"key":"Nunchaku"},{"floor":11,"key":"Orichalcum"},{"floor":20,"key":"Red Mask"},{"floor":23,"key":"hubris:ToyBattleship"},{"floor":28,"key":"hubris:SphereOfDissonance"},{"floor":29,"key":"hubris:MysteriousPyramids"},{"floor":30,"key":"TeardropLocket"},{"floor":40,"key":"White Beast Statue"},{"floor":42,"key":"Eternal Feather"},{"floor":43,"key":"Pear"},{"floor":46,"key":"Bag of Preparation"},{"floor":48,"key":"Mango"},{"floor":54,"key":"hubris:PeanutButter"}],"event_choices":[{"damage_healed":0.0,"max_hp_gain":0.0,"max_hp_loss":0.0,"gold_gain":0.0,"event_name":"Living Wall","player_choice":"Grow","floor":3.0,"gold_loss":0.0,"damage_taken":0.0,"cards_upgraded":["Vault"]},{"damage_healed":0,"gold_gain":0,"player_choice":"Donut","damage_taken":0,"max_hp_gain":5,"max_hp_loss":0,"event_name":"Big Fish","floor":7,"gold_loss":0},{"damage_healed":0,"gold_gain":0,"player_choice":"Fought Bandits","damage_taken":0,"max_hp_gain":0,"max_hp_loss":0,"event_name":"Masked Bandits","floor":20,"gold_loss":0},{"damage_healed":0,"gold_gain":222,"player_choice":"Wore Mask","damage_taken":0,"max_hp_gain":0,"max_hp_loss":0,"event_name":"Tomb of Lord Red Mask","floor":36,"gold_loss":0},{"damage_healed":0,"gold_gain":0,"player_choice":"Fight","damage_taken":0,"max_hp_gain":0,"max_hp_loss":0,"event_name":"Mysterious Sphere","floor":48,"gold_loss":0}],"is_beta":false,"boss_relics":[{"not_picked":["SacredBark","Sozu"],"picked":"Busted Crown"},{"not_picked":["Astrolabe","VioletLotus"],"picked":"HolyWater"}],"items_purged_floors":[25,45],"is_endless":false,"potions_floor_spawned":[1,2,4,14,20,22,30,33,37,40,42,44,46,47,48,54],"killed_by":"The Heart","ascension_level":4}}