{"host":"8xoe65bk5yhopuhv","time":1613821331,"event":{"mods":["BaseMod","Colored Map","Downfall","Marisa£®ÏF”Í°°ƒß¿Ì…≥£©","Minty Spire (QoL Compilation)","Replay The Spire","Shop Mod","StSLib","The Bug Knight","The Construct","The Cursed","The Servant 0.9.4"],"gold_per_floor":[99,113,124,180,191,191,191,44,62,77,111,127,27,45,62,158,158,158,176,191,208,225,225,248,259,284,184,184,184],"floor_reached":28,"language":"ZHS","playtime":3486,"items_purged":[],"score":246,"play_id":"9a0f63f5-1c4e-457d-adc1-af5d4aa76512","local_time":"20210220194211","is_ascension_mode":false,"campfire_choices":[{"floor":1,"key":"DIG"},{"floor":13,"key":"REST"},{"floor":18,"key":"RECALL"},{"floor":27,"key":"REST"}],"circlet_count":0,"master_deck":["Strike_S","Strike_S","Strike_S","Defend_S","Defend_S","Defend_S","KidneyShot","Exchange","TimeWarp","Starlight","FastForward","GearUp","Sunlight","Reset","StarChef","Potential","PendulumOfEternity","Advance","Rearm","MurderousAura","Ricochet+1","Misdirection","DoubleEdge+1","DoubleEdge+1","Sabotage","Hightail"],"relics":["Uniform","HollowMod:PaleOreRelic","Simple Rune","MerchantsRug","Replay:Kaleidoscope","downfall:HeartBlessingBlue","Replay:Drink Me","Boot","CaptainsWheel","downfall:HeartBlessingRed"],"acts_visited":["Exordium","TheCity"],"potions_floor_usage":[11,20,20,21,26],"damage_taken":[{"damage":0,"enemies":"Jaw Worm","floor":2,"turns":3},{"damage":10,"enemies":"2 Louse","floor":3,"turns":3},{"damage":16,"enemies":"Gremlin Nob","floor":4,"turns":4},{"damage":0,"enemies":"Cultist","floor":5,"turns":3},{"damage":0,"enemies":"downfall:FleeingMerchant","floor":8,"turns":4},{"damage":5,"enemies":"Large Slime","floor":9,"turns":4},{"damage":10,"enemies":"downfall:LooterAlt","floor":10,"turns":2},{"damage":6,"enemies":"Gremlin Nob","floor":11,"turns":3},{"damage":0,"enemies":"Blue Slaver","floor":12,"turns":3},{"damage":0,"enemies":"Exordium Wildlife","floor":14,"turns":4},{"damage":0,"enemies":"Large Slime","floor":15,"turns":3},{"damage":8,"enemies":"SI_SHIV_ARCHETYPE","floor":16,"turns":8},{"damage":7,"enemies":"Spheric Guardian","floor":19,"turns":6},{"damage":2,"enemies":"Centurion and Healer","floor":20,"turns":4},{"damage":7,"enemies":"Cultist and Chosen","floor":21,"turns":5},{"damage":11,"enemies":"Snecko","floor":22,"turns":4},{"damage":16,"enemies":"Shelled Parasite and Fungi","floor":25,"turns":4},{"damage":12,"enemies":"Gremlin Leader","floor":26,"turns":6},{"damage":24,"enemies":"Slavers","floor":28,"turns":4}],"seed_played":"6951604065479210492","potions_obtained":[{"floor":2,"key":"Languid Potion"},{"floor":4,"key":"Reflective Coating"},{"floor":10,"key":"Fire Potion"},{"floor":11,"key":"Block Potion"},{"floor":16,"key":"SteroidPotion"},{"floor":22,"key":"SteroidPotion"}],"is_trial":false,"path_per_floor":["R_BF","M","M","?","M","?","T","$","M","M","E","M","R","M","M","B",null,"R_BF","M","M","M","M","?","T","M","E","R","E"],"character_chosen":"THE_SERVANT","items_purchased":["MerchantsRug"],"campfire_rested":2,"item_purchase_floors":[8],"current_hp_per_floor":[71,71,61,45,45,45,45,45,40,30,24,24,58,58,58,50,61,61,54,52,45,34,34,34,18,6,24,0,0],"gold":184,"neow_bonus":"TEN_PERCENT_HP_BONUS","is_daily":false,"chose_seed":false,"campfire_upgraded":0,"win_rate":0.0,"timestamp":1613821331,"path_taken":["R_BF","M","M","?","M","?","T","?","?","?","E","M","R","M","M","BOSS","R_BF","M","M","M","M","?","T","M","E","R","E"],"items_purchased_type":["Relic"],"build_version":"2020-12-22","purchased_purges":0,"victory":false,"max_hp_per_floor":[71,71,71,71,71,71,71,71,71,71,71,71,81,81,81,81,61,61,61,61,61,61,61,61,61,61,61,61,61],"card_choices":[{"not_picked":["FanOfKnives","StarChef"],"picked":"TimeWarp","floor":2},{"not_picked":["TimeWarp","ShatteredReality"],"picked":"Starlight","floor":3},{"not_picked":["DoubleEdge","Comet"],"picked":"FastForward","floor":4},{"not_picked":["ShiftingGears","FastForward"],"picked":"GearUp","floor":5},{"not_picked":["Foresight","Rewind"],"picked":"Sunlight","floor":8},{"not_picked":["Revamp","DoubleEdge"],"picked":"Reset","floor":9},{"not_picked":["Defy","Replace"],"picked":"StarChef","floor":10},{"not_picked":["Sabotage","SilverBlades"],"picked":"Potential","floor":11},{"not_picked":["Moonlight","Unruled"],"picked":"PendulumOfEternity","floor":12},{"not_picked":["Unruled","Starlight"],"picked":"Advance","floor":14},{"not_picked":["Defy","Advance"],"picked":"Rearm","floor":15},{"not_picked":["FlawlessForm","PendulumOfEternity"],"picked":"MurderousAura","floor":16},{"not_picked":["Shuttle","TimeWarp"],"picked":"Ricochet+1","floor":19},{"not_picked":["FastForward","Rearm"],"picked":"Misdirection","floor":20},{"not_picked":["TimeWarp","ShiftingGears"],"picked":"DoubleEdge+1","floor":21},{"not_picked":["Advance","Replace"],"picked":"DoubleEdge+1","floor":22},{"not_picked":["Starlight","DoubleEdge+1"],"picked":"Sabotage","floor":25},{"not_picked":["Gouge","Starlight"],"picked":"Hightail","floor":26}],"player_experience":149429,"relics_obtained":[{"floor":1,"key":"HollowMod:PaleOreRelic"},{"floor":4,"key":"Simple Rune"},{"floor":11,"key":"Replay:Kaleidoscope"},{"floor":24,"key":"Boot"},{"floor":26,"key":"CaptainsWheel"}],"event_choices":[{"damage_healed":0,"gold_gain":0,"player_choice":"Ignored","damage_taken":0,"max_hp_gain":0,"max_hp_loss":0,"event_name":"Vampires","floor":23,"gold_loss":0}],"is_beta":false,"boss_relics":[{"not_picked":["Coffee Dripper","Fusion Hammer"],"picked":"Replay:Drink Me"}],"items_purged_floors":[],"is_endless":false,"potions_floor_spawned":[2,4,10,11,16,19,22],"killed_by":"Slavers","ascension_level":0}}