{"host":"2yqfi47fogfu1ic4","time":1613825063,"event":{"mods":["AchievementEnabler","BaseMod","Colored Map","Colored Powertips","Highlight Path","Minty Spire (QoL Compilation)","Permanent Neow","Relic Stats","StSLib"],"gold_per_floor":[360,370,370,295,312,312,341,341,368,392,392,392,78,92,92,166,166,184,184,194,207,207,207,241,254,254,254,97,123,123,155,155,232,232,244,244,263,276,140,175,192,224,224,224,240,240,267,318,318,318,338,338,338,24,55,55,55],"floor_reached":56,"language":"DEU","playtime":4800,"items_purged":["Defend_G","Flechettes","Quick Slash"],"score":2102,"play_id":"cf301a36-e2f2-43a5-8fa4-f3c719bea21e","local_time":"20210220134423","is_ascension_mode":true,"campfire_choices":[{"data":"Dagger Spray","floor":6.0,"key":"SMITH"},{"data":"Dagger Spray","floor":8.0,"key":"SMITH"},{"data":"Blade Dance","floor":12.0,"key":"SMITH"},{"data":"Backstab","floor":15.0,"key":"SMITH"},{"data":"Cloak And Dagger","floor":23.0,"key":"SMITH"},{"data":"Poisoned Stab","floor":27.0,"key":"SMITH"},{"data":"Wraith Form v2","floor":32.0,"key":"SMITH"},{"data":"Accuracy","floor":44.0,"key":"SMITH"},{"floor":49.0,"key":"RECALL"},{"data":"After Image","floor":53.0,"key":"SMITH"}],"circlet_count":0,"master_deck":["AscendersBane","Defend_G","Defend_G","Defend_G","Defend_G","Survivor","Neutralize","Cloak And Dagger+1","Dagger Spray+1","Blade Dance+1","Dagger Spray+1","Poisoned Stab+1","Quick Slash+1","Prepared+1","Footwork+1","Wraith Form v2+1","After Image+1","Dodge and Roll+1","Cloak And Dagger","Accuracy+1","Footwork","Backflip","Backflip","Dodge and Roll+1","Outmaneuver+1","Accuracy","PiercingWail","Backflip"],"relics":["Ring of the Snake","Snake Skull","Bronze Scales","Odd Mushroom","Shuriken","Philosopher\u0027s Stone","The Specimen","Eternal Feather","PreservedInsect","Oddly Smooth Stone","Incense Burner","Empty Cage","Du-Vu Doll","CaptainsWheel","Pear","Happy Flower","Thread and Needle","Dead Branch"],"acts_visited":["Exordium","TheCity","TheBeyond","TheEnding"],"potions_floor_usage":[55,56,56],"damage_taken":[{"damage":2.0,"enemies":"2 Louse","floor":1.0,"turns":4.0},{"damage":0.0,"enemies":"Small Slimes","floor":2.0,"turns":4.0},{"damage":0.0,"enemies":"Jaw Worm","floor":5.0,"turns":5.0},{"damage":22.0,"enemies":"3 Sentries","floor":7.0,"turns":8.0},{"damage":2.0,"enemies":"The Mushroom Lair","floor":10.0,"turns":4.0},{"damage":0.0,"enemies":"Gremlin Nob","floor":11.0,"turns":2.0},{"damage":7.0,"enemies":"Exordium Thugs","floor":14.0,"turns":4.0},{"damage":2.0,"enemies":"Slime Boss","floor":16.0,"turns":5.0},{"damage":3.0,"enemies":"3 Byrds","floor":18.0,"turns":3.0},{"damage":0.0,"enemies":"Chosen","floor":20.0,"turns":3.0},{"damage":0.0,"enemies":"Centurion and Healer","floor":21.0,"turns":3.0},{"damage":7.0,"enemies":"Slavers","floor":24.0,"turns":3.0},{"damage":12.0,"enemies":"Snake Plant","floor":25.0,"turns":2.0},{"damage":0.0,"enemies":"Gremlin Leader","floor":29.0,"turns":2.0},{"damage":1.0,"enemies":"Slavers","floor":31.0,"turns":3.0},{"damage":28.0,"enemies":"Automaton","floor":33.0,"turns":8.0},{"damage":0.0,"enemies":"3 Darklings","floor":35.0,"turns":5.0},{"damage":0.0,"enemies":"Orb Walker","floor":37.0,"turns":2.0},{"damage":1.0,"enemies":"Spire Growth","floor":38.0,"turns":5.0},{"damage":1.0,"enemies":"Reptomancer","floor":40.0,"turns":5.0},{"damage":0.0,"enemies":"4 Shapes","floor":41.0,"turns":13.0},{"damage":0.0,"enemies":"Giant Head","floor":42.0,"turns":8.0},{"damage":0.0,"enemies":"Sphere and 2 Shapes","floor":45.0,"turns":7.0},{"damage":0.0,"enemies":"Reptomancer","floor":47.0,"turns":5.0},{"damage":2.0,"enemies":"2 Orb Walkers","floor":48.0,"turns":7.0},{"damage":16.0,"enemies":"Donu and Deca","floor":50.0,"turns":12.0},{"damage":22.0,"enemies":"Awakened One","floor":51.0,"turns":15.0},{"damage":47,"enemies":"Shield and Spear","floor":55,"turns":11},{"damage":35,"enemies":"The Heart","floor":56,"turns":8}],"seed_played":"65553400647925303","potions_obtained":[{"floor":10.0,"key":"SmokeBomb"},{"floor":14.0,"key":"FearPotion"},{"floor":16.0,"key":"LiquidMemories"},{"floor":21.0,"key":"Regen Potion"},{"floor":29.0,"key":"EssenceOfSteel"},{"floor":33.0,"key":"ColorlessPotion"},{"floor":40.0,"key":"SpeedPotion"},{"floor":41.0,"key":"Block Potion"},{"floor":48.0,"key":"Dexterity Potion"},{"floor":55,"key":"LiquidMemories"}],"is_trial":false,"path_per_floor":["M","M","?","$","M","R","E","R","T","?","E","R","$","M","R","B",null,"M","?","M","M","T","R","E","M","T","R","$","E","?","E","R","B",null,"M","?","M","M","$","E","M","E","T","R","M","?","E","?","R","B","B",null,"R","$","E","B"],"character_chosen":"THE_SILENT","items_purchased":["Shuriken","Backstab","PreservedInsect","Accuracy","Accuracy","PiercingWail","ColorlessPotion"],"campfire_rested":0,"item_purchase_floors":[13,13,28,39,54,54,54],"current_hp_per_floor":[57,57,50,50,50,50,28,28,28,26,26,26,26,19,19,17,54,51,51,51,51,51,51,53,41,41,50,50,50,50,49,61,33,58,58,58,58,57,57,56,56,56,66,76,76,76,76,74,76,60,38,67,76,76,29,0,0],"gold":55,"neow_bonus":"TWO_FIFTY_GOLD","is_daily":false,"chose_seed":false,"campfire_upgraded":9,"win_rate":0.0,"timestamp":1613825063,"path_taken":["M","M","?","$","M","R","E","R","T","?","E","R","$","M","R","BOSS","M","?","?","M","?","R","E","M","T","R","$","E","?","E","R","BOSS","M","?","?","M","?","E","M","E","T","R","M","?","E","?","R","BOSS","BOSS","R","$","E","BOSS"],"items_purchased_type":["Relic","Card","Relic","Card","Card","Card","Potion"],"build_version":"2020-12-22","purchased_purges":3,"victory":false,"max_hp_per_floor":[66,66,66,66,66,66,66,66,66,66,66,66,66,66,66,66,66,66,66,66,66,66,66,66,66,66,66,66,66,66,66,66,66,66,66,66,66,66,66,66,66,66,76,76,76,76,76,76,76,76,76,76,76,76,76,76,76],"relic_stats":{"Happy Flower":[17],"counters":[29,166],"Shuriken":[93],"Bronze Scales":[511],"Dead Branch":[17],"Eternal Feather":42,"Snake Skull":[37],"PreservedInsect":446,"obtain_stats":[{"Pear":43,"The Specimen":24,"Happy Flower":47,"Dead Branch":55,"Oddly Smooth Stone":29,"Eternal Feather":26,"Thread and Needle":48,"Snake Skull":7,"PreservedInsect":28,"Incense Burner":31,"Odd Mushroom":10,"Empty Cage":34,"Du-Vu Doll":40,"CaptainsWheel":42,"Shuriken":13,"Bronze Scales":9,"Philosopher\u0027s Stone":17,"Ring of the Snake":0},{"Pear":22,"The Specimen":12,"Happy Flower":24,"Dead Branch":28,"Oddly Smooth Stone":14,"Eternal Feather":13,"Thread and Needle":25,"Snake Skull":4,"PreservedInsect":13,"Incense Burner":15,"Odd Mushroom":5,"Empty Cage":16,"Du-Vu Doll":20,"CaptainsWheel":22,"Shuriken":6,"Bronze Scales":4,"Philosopher\u0027s Stone":8,"Ring of the Snake":0},{"Pear":101,"The Specimen":48,"Happy Flower":113,"Dead Branch":158,"Oddly Smooth Stone":52,"Eternal Feather":50,"Thread and Needle":120,"Snake Skull":21,"PreservedInsect":50,"Incense Burner":55,"Odd Mushroom":25,"Empty Cage":63,"Du-Vu Doll":80,"CaptainsWheel":101,"Shuriken":27,"Bronze Scales":21,"Philosopher\u0027s Stone":36,"Ring of the Snake":0}],"Ring of the Snake":[58]},"card_choices":[{"not_picked":["PiercingWail","Backflip"],"picked":"Cloak And Dagger","floor":1.0},{"not_picked":["Dagger Throw","Quick Slash"],"picked":"Dagger Spray","floor":2.0},{"not_picked":["Accuracy","Flechettes"],"picked":"Blade Dance","floor":5.0},{"not_picked":["Doppelganger","Bane"],"picked":"Dagger Spray","floor":7.0},{"not_picked":["Bane","PiercingWail"],"picked":"Poisoned Stab","floor":10.0},{"not_picked":["Setup","Reflex","Heel Hook"],"picked":"SKIP","floor":14.0},{"not_picked":["Bouncing Flask","Dagger Throw","Infinite Blades"],"picked":"SKIP","floor":18.0},{"not_picked":["Crippling Poison","Prepared","Dagger Spray"],"picked":"SKIP","floor":20.0},{"not_picked":["Underhanded Strike","Quick Slash","Eviscerate"],"picked":"SKIP","floor":21.0},{"not_picked":["All Out Attack","Distraction"],"picked":"Quick Slash+1","floor":24.0},{"not_picked":["Sucker Punch","Outmaneuver"],"picked":"Prepared+1","floor":25.0},{"not_picked":["Masterful Stab+1","Dodge and Roll+1"],"picked":"Footwork","floor":29.0},{"not_picked":["Bane","Flying Knee"],"picked":"Wraith Form v2","floor":31.0},{"not_picked":["Tools of the Trade","Phantasmal Killer"],"picked":"After Image","floor":33.0},{"not_picked":["Deadly Poison","Skewer"],"picked":"Dodge and Roll+1","floor":35.0},{"not_picked":["Sucker Punch","Prepared","Outmaneuver"],"picked":"SKIP","floor":37.0},{"not_picked":["Outmaneuver","Underhanded Strike"],"picked":"Cloak And Dagger","floor":38.0},{"not_picked":["Noxious Fumes","Accuracy"],"picked":"Footwork","floor":40.0},{"not_picked":["Expertise","Dodge and Roll"],"picked":"Backflip","floor":41.0},{"not_picked":["Deadly Poison+1","Caltrops","Predator"],"picked":"SKIP","floor":42.0},{"not_picked":["Outmaneuver+1","Poisoned Stab+1"],"picked":"Backflip","floor":45.0},{"not_picked":["Crippling Poison","Burst"],"picked":"Dodge and Roll+1","floor":47.0},{"not_picked":["Poisoned Stab","Dagger Spray"],"picked":"Outmaneuver+1","floor":48.0},{"not_picked":["Cloak And Dagger","Deadly Poison"],"picked":"Backflip","floor":55}],"player_experience":1917610,"relics_obtained":[{"floor":7.0,"key":"Snake Skull"},{"floor":9.0,"key":"Bronze Scales"},{"floor":10.0,"key":"Odd Mushroom"},{"floor":24.0,"key":"The Specimen"},{"floor":26.0,"key":"Eternal Feather"},{"floor":29.0,"key":"Oddly Smooth Stone"},{"floor":31.0,"key":"Incense Burner"},{"floor":40.0,"key":"Du-Vu Doll"},{"floor":42.0,"key":"CaptainsWheel"},{"floor":43.0,"key":"Pear"},{"floor":47.0,"key":"Happy Flower"},{"floor":48.0,"key":"Thread and Needle"},{"floor":55,"key":"Dead Branch"}],"event_choices":[{"cards_removed":["Injury"],"damage_healed":0.0,"max_hp_gain":0.0,"max_hp_loss":0.0,"gold_gain":0.0,"event_name":"Golden Wing","player_choice":"Card Removal","floor":3.0,"gold_loss":0.0,"damage_taken":7.0},{"damage_healed":0.0,"max_hp_gain":0.0,"max_hp_loss":0.0,"gold_gain":0.0,"event_name":"Mushrooms","player_choice":"Fought Mushrooms","floor":10.0,"gold_loss":0.0,"damage_taken":0.0},{"cards_removed":["Strike_G"],"damage_healed":0.0,"max_hp_gain":0.0,"max_hp_loss":0.0,"gold_gain":0.0,"event_name":"Bonfire Elementals","player_choice":"Offered Basic","floor":19.0,"gold_loss":0.0,"damage_taken":0.0},{"damage_healed":0.0,"max_hp_gain":0.0,"max_hp_loss":0.0,"gold_gain":0.0,"cards_transformed":["Strike_G","Strike_G"],"event_name":"Drug Dealer","player_choice":"Became Test Subject","floor":30.0,"gold_loss":0.0,"damage_taken":0.0,"cards_obtained":["Quick Slash","Flechettes"]},{"damage_healed":0.0,"max_hp_gain":0.0,"max_hp_loss":0.0,"gold_gain":0.0,"event_name":"Accursed Blacksmith","player_choice":"Forge","floor":36.0,"gold_loss":0.0,"damage_taken":0.0,"cards_upgraded":["Footwork"]},{"cards_removed":["Backstab"],"damage_healed":0.0,"max_hp_gain":0.0,"max_hp_loss":0.0,"gold_gain":0.0,"event_name":"Falling","player_choice":"Removed Attack","floor":46.0,"gold_loss":0.0,"damage_taken":0.0},{"damage_healed":0.0,"max_hp_gain":0.0,"max_hp_loss":0.0,"gold_gain":0.0,"event_name":"Mysterious Sphere","player_choice":"Fight","floor":48.0,"gold_loss":0.0,"damage_taken":0.0}],"is_beta":false,"boss_relics":[{"not_picked":["SlaversCollar","Cursed Key"],"picked":"Philosopher\u0027s Stone"},{"not_picked":["SacredBark","Tiny House"],"picked":"Empty Cage"}],"items_purged_floors":[4,39,54],"is_endless":false,"potions_floor_spawned":[10,14,16,18,21,29,33,40,41,47,48,55],"killed_by":"The Heart","ascension_level":20}}