{"host":"udyc8f81k2jocuhg","time":1613832036,"event":{"mods":["2.2 Compatiblity","BaseMod","Better Third Choice","Colored Powertips","Conspire","Custom Start","GifTheSpireLib","Hermit","Minty Spire (QoL Compilation)","Permanent Neow","Quick Restart","Relic Filter","Relic Stats","Replay The Spire","Shop Mod","Spikes Relics","StSLib","Stuff the Spire"],"gold_per_floor":[113,129,149,164,164,164,164],"floor_reached":6,"language":"ENG","playtime":257,"items_purged":[],"score":76,"play_id":"ba46e3ca-3841-4686-a6d4-0dc45b2bf3fa","local_time":"20210220154036","is_ascension_mode":true,"campfire_choices":[],"circlet_count":0,"master_deck":["AscendersBane","Strike_B","Strike_B","Strike_B","Strike_B","Defend_B","Defend_B","Defend_B","Defend_B","Zap","Dualcast","Coolheaded","Chill","Fusion"],"relics":["Coffee Dripper","Golden Idol"],"acts_visited":["Exordium"],"potions_floor_usage":[6,6],"damage_taken":[{"damage":3.0,"enemies":"Small Slimes","floor":1.0,"turns":4.0},{"damage":0.0,"enemies":"Cultist","floor":2.0,"turns":5.0},{"damage":4.0,"enemies":"2 Louse","floor":3.0,"turns":4.0},{"damage":9.0,"enemies":"Looter","floor":4.0,"turns":4.0},{"damage":27,"enemies":"Lagavulin","floor":6,"turns":10}],"seed_played":"3552827239352161802","potions_obtained":[{"floor":1.0,"key":"Block Potion"},{"floor":2.0,"key":"Strength Potion"},{"floor":3.0,"key":"Doom Potion"}],"is_trial":false,"path_per_floor":["M","M","M","M","?","E"],"character_chosen":"DEFECT","items_purchased":[],"campfire_rested":0,"item_purchase_floors":[],"current_hp_per_floor":[61,61,57,48,24,0,0],"gold":164,"neow_bonus":"BOSS_RELIC","is_daily":false,"chose_seed":false,"campfire_upgraded":0,"win_rate":0.0,"timestamp":1613832036,"path_taken":["M","M","M","M","?","E"],"items_purchased_type":[],"build_version":"2020-12-22","purchased_purges":0,"victory":false,"max_hp_per_floor":[71,71,71,71,71,71,71],"relic_stats":{"counters":[5,27],"Golden Idol":0,"obtain_stats":[{"Golden Idol":5,"Coffee Dripper":0,"Cracked Core":0},{"Golden Idol":4,"Coffee Dripper":0,"Cracked Core":0},{"Golden Idol":17,"Coffee Dripper":0,"Cracked Core":0}]},"card_choices":[{"not_picked":["StuffTheSpire:ShieldGenerator","Beam Cell"],"picked":"Coolheaded","floor":1.0},{"not_picked":["StuffTheSpire:Rend","Barrage"],"picked":"Chill","floor":2.0},{"not_picked":["Sweeping Beam","Rebound"],"picked":"Fusion","floor":3.0},{"not_picked":["RefreshScreen","StuffTheSpire:Plugnplay","BootSequence"],"picked":"SKIP","floor":4.0}],"player_experience":2045427,"relics_obtained":[],"event_choices":[{"damage_healed":0.0,"max_hp_gain":0.0,"max_hp_loss":0.0,"gold_gain":0.0,"event_name":"Golden Idol","player_choice":"Take Damage","floor":5.0,"gold_loss":0.0,"damage_taken":24.0,"relics_obtained":["Golden Idol"]}],"is_beta":false,"boss_relics":[],"items_purged_floors":[],"is_endless":false,"potions_floor_spawned":[1,2,3],"killed_by":"Lagavulin","ascension_level":20}}