{"host":"hf83sijwe64ts2lm","time":1613784099,"event":{"mods":["2.2 Compatiblity","BaseMod","Better Altar","Better Match","Better Note","Better Sensory Stone","Better Skull","Better Third Choice","Colored Map","Colored Powertips","Highlight Path","Hubris","Infinite Spire","Minty Spire (QoL Compilation)","Quick Restart","Rare Cards Sparkle","Relic Stats","Reliquary","Replay The Spire","Shop Mod","Spicy Shops","Spire Arcade","StSLib","Thieving Mod"],"gold_per_floor":[114,134,149,149,162,162,197,211,211,222,232,242,242,317,317,418,418,434,98,98,98],"floor_reached":20,"language":"ENG","playtime":510,"items_purged":[],"score":249,"play_id":"37e564b4-96f4-4e9a-b55a-6e6f848e5212","local_time":"20210219202139","is_ascension_mode":true,"campfire_choices":[{"floor":6,"key":"REST"},{"floor":15,"key":"REST"}],"circlet_count":0,"master_deck":["Strike_B","Strike_B","Strike_B","Strike_B","Defend_B","Defend_B","Defend_B","Defend_B","Zap","Dualcast","Conserve Battery","Leap","Loop","Beam Cell+1","Stack","Echo Form","Auto Shields","Leap","Genetic Algorithm","Double Energy","Echo Form","Barrage","Self Repair+1"],"relics":["Cracked Core","ReplayTheSpireMod:Ninjato","Lantern","Chemical X"],"acts_visited":["Exordium","TheCity"],"potions_floor_usage":[8,11,12,16,20],"damage_taken":[{"damage":3,"enemies":"Small Slimes","floor":1,"turns":3},{"damage":16,"enemies":"infinitespire:Voidling","floor":2,"turns":5},{"damage":0,"enemies":"2 Louse","floor":3,"turns":2},{"damage":7,"enemies":"2 Fungi Beasts","floor":5,"turns":4},{"damage":41,"enemies":"Lagavulin","floor":7,"turns":7},{"damage":2,"enemies":"Gremlin Gang","floor":8,"turns":2},{"damage":21,"enemies":"Large Slime","floor":10,"turns":7},{"damage":0,"enemies":"Looter","floor":11,"turns":4},{"damage":7,"enemies":"3 Louse","floor":12,"turns":4},{"damage":32,"enemies":"Hexaghost","floor":16,"turns":12},{"damage":37,"enemies":"3 Byrds","floor":18,"turns":6},{"damage":29,"enemies":"Chosen","floor":20,"turns":6}],"seed_played":"-4675359320731381074","potions_obtained":[{"floor":5,"key":"Explosive Potion"},{"floor":10,"key":"FocusPotion"},{"floor":11,"key":"FearPotion"},{"floor":12,"key":"EssenceOfSteel"},{"floor":18,"key":"SkillPotion"}],"is_trial":false,"path_per_floor":["M","M","M","?","M","R","E","M","T","M","M","M","?","?","R","B",null,"M","$","M"],"character_chosen":"DEFECT","items_purchased":["Self Repair+1","Lantern","Chemical X"],"campfire_rested":2,"item_purchase_floors":[19,19,19],"current_hp_per_floor":[65,58,58,58,51,73,32,30,30,9,9,2,27,16,38,6,58,21,21,0,0],"gold":98,"neow_bonus":"THREE_CARDS","is_daily":false,"chose_seed":false,"campfire_upgraded":0,"win_rate":0.0,"timestamp":1613784099,"path_taken":["M","M","M","?","M","R","E","M","T","M","?","M","?","?","R","BOSS","M","$","M"],"items_purchased_type":["Card","Relic","Relic"],"build_version":"2020-12-22","purchased_purges":0,"victory":false,"max_hp_per_floor":[75,75,75,75,75,75,75,75,75,75,75,75,75,75,75,75,75,75,75,75,75],"relic_stats":{"counters":[12,62],"Chemical X":[1],"obtain_stats":[{"Lantern":19,"ReplayTheSpireMod:Ninjato":7,"Chemical X":19,"Cracked Core":0},{"Lantern":11,"ReplayTheSpireMod:Ninjato":5,"Chemical X":11,"Cracked Core":0},{"Lantern":56,"ReplayTheSpireMod:Ninjato":21,"Chemical X":56,"Cracked Core":0}]},"card_choices":[{"not_picked":["Double Energy","Turbo"],"picked":"Conserve Battery","floor":0},{"not_picked":["Sweeping Beam","Barrage"],"picked":"Leap","floor":1},{"not_picked":["Stack","Leap"],"picked":"Loop","floor":2},{"not_picked":["Gash","Barrage"],"picked":"Beam Cell","floor":3},{"not_picked":["Undo","Panic Button"],"picked":"Stack","floor":5},{"not_picked":["Sweeping Beam","Leap"],"picked":"Echo Form","floor":7},{"not_picked":["Coolheaded","FTL"],"picked":"Auto Shields","floor":8},{"not_picked":["Coolheaded","Cold Snap"],"picked":"Leap","floor":10},{"not_picked":["Beam Cell","Compile Driver"],"picked":"Genetic Algorithm","floor":11},{"not_picked":["ReplayTheSpireMod:Reroute Power","Hello World"],"picked":"Double Energy","floor":12},{"not_picked":["hubris:DoWhile","Machine Learning"],"picked":"Echo Form","floor":16},{"not_picked":["Turbo+1","Chaos+1"],"picked":"Barrage","floor":18}],"player_experience":184076,"relics_obtained":[{"floor":7,"key":"ReplayTheSpireMod:Ninjato"}],"event_choices":[{"damage_healed":0,"gold_gain":0,"player_choice":"Upgraded","damage_taken":0,"max_hp_gain":0,"max_hp_loss":0,"event_name":"Upgrade Shrine","floor":4,"gold_loss":0,"cards_upgraded":["Beam Cell"]},{"damage_healed":25,"gold_gain":0,"player_choice":"Banana","damage_taken":0,"max_hp_gain":0,"max_hp_loss":0,"event_name":"Big Fish","floor":13,"gold_loss":0},{"damage_healed":0,"gold_gain":75,"player_choice":"Gold","damage_taken":11,"max_hp_gain":0,"max_hp_loss":0,"event_name":"betterThird:BetterGoop","floor":14,"gold_loss":0}],"is_beta":false,"boss_relics":[{"not_picked":["hubris:Stopwatch","hubris:CrackedHourglass","reliquary:KinkedSpring"]}],"items_purged_floors":[],"is_endless":false,"potions_floor_spawned":[5,10,11,12,18],"killed_by":"Chosen","ascension_level":8}}