{"host":"tlbbab9afexrkdtf","time":1613779248,"event":{"mods":["2.2 Compatiblity","AchievementEnabler","BaseMod","Colored Map","Colored Powertips","Minty Spire (QoL Compilation)","Rare Cards Sparkle","StSLib"],"gold_per_floor":[109,119,132,150,150,150,173,173,223,256,272,272,292,327,327,455,455,475,17,17,17,36,67,67,105,105,105,118,118,15,15,15,15,15],"floor_reached":33,"language":"ENG","playtime":847,"items_purged":["Injury"],"score":394,"play_id":"688c22d9-9f5c-45c5-9030-366314cfcdf5","local_time":"20210219190048","is_ascension_mode":true,"campfire_choices":[{"floor":6,"key":"REST"},{"floor":15,"key":"REST"},{"floor":24,"key":"REST"},{"floor":27,"key":"REST"},{"floor":32,"key":"REST"}],"circlet_count":0,"master_deck":["Strike_R+1","Strike_R+1","Strike_R+1","Strike_R+1","Strike_R+1","Defend_R+1","Defend_R+1","Defend_R+1","Defend_R+1","Bash","Perfected Strike","Rage","Blood for Blood","Inflame","Clothesline","Impervious","Flex","Thunderclap","Combust","Power Through","Berserk","Shrug It Off+1","Fire Breathing","Panache+1","Inflame","Rampage+1","Combust+1","Armaments+1","Fire Breathing","Dual Wield","Infernal Blade","Shrug It Off","Warcry+1"],"relics":["Burning Blood","Golden Idol","Gremlin Horn","War Paint","Toy Ornithopter","Dream Catcher","Runic Pyramid","Lee\u0027s Waffle","Molten Egg 2","StrikeDummy"],"acts_visited":["Exordium","TheCity"],"potions_floor_usage":[10,10,14,14,25,33],"damage_taken":[{"damage":11,"enemies":"Cultist","floor":1,"turns":4},{"damage":13,"enemies":"Jaw Worm","floor":2,"turns":4},{"damage":8,"enemies":"2 Louse","floor":3,"turns":2},{"damage":14,"enemies":"Looter","floor":4,"turns":3},{"damage":13,"enemies":"3 Louse","floor":7,"turns":4},{"damage":15,"enemies":"3 Sentries","floor":10,"turns":5},{"damage":1,"enemies":"2 Fungi Beasts","floor":11,"turns":3},{"damage":6,"enemies":"Blue Slaver","floor":13,"turns":3},{"damage":30,"enemies":"Lagavulin","floor":14,"turns":6},{"damage":59,"enemies":"Slime Boss","floor":16,"turns":10},{"damage":10,"enemies":"Chosen","floor":18,"turns":5},{"damage":5,"enemies":"2 Thieves","floor":22,"turns":4},{"damage":75,"enemies":"Book of Stabbing","floor":23,"turns":7},{"damage":31,"enemies":"Slavers","floor":25,"turns":4},{"damage":27,"enemies":"Snake Plant","floor":28,"turns":5},{"damage":96,"enemies":"Champ","floor":33,"turns":12}],"seed_played":"4633208488578747058","potions_obtained":[{"floor":2,"key":"Strength Potion"},{"floor":7,"key":"AttackPotion"},{"floor":11,"key":"DuplicationPotion"},{"floor":13,"key":"BloodPotion"},{"floor":22,"key":"Explosive Potion"},{"floor":28,"key":"EssenceOfSteel"}],"is_trial":false,"path_per_floor":["M","M","M","M","?","R","M","?","T","E","M","?","M","E","R","B",null,"M","$","?","?","M","E","R","E","T","R","M","?","$","?","R","B"],"character_chosen":"IRONCLAD","items_purchased":["Lee\u0027s Waffle","Fire Breathing","Panache","Infernal Blade","Shrug It Off"],"campfire_rested":5,"item_purchase_floors":[19,19,19,30,30],"current_hp_per_floor":[91,84,82,74,74,96,89,82,82,73,78,71,71,76,96,43,83,79,103,103,103,103,34,64,44,44,74,53,53,53,53,83,0,0],"gold":15,"neow_bonus":"TWENTY_PERCENT_HP_BONUS","is_daily":false,"chose_seed":false,"campfire_upgraded":0,"win_rate":0.0,"timestamp":1613779248,"path_taken":["M","?","M","M","?","R","M","?","T","E","M","?","M","E","R","BOSS","M","$","?","?","M","E","R","E","T","R","M","?","?","?","R","BOSS"],"items_purchased_type":["Relic","Card","Card","Card","Card"],"build_version":"2020-12-22","purchased_purges":1,"victory":false,"max_hp_per_floor":[96,96,96,96,96,96,96,96,96,96,96,96,96,96,96,96,96,96,103,103,103,103,103,103,103,103,103,103,103,103,103,103,103,103],"card_choices":[{"not_picked":["Power Through","Headbutt"],"picked":"Perfected Strike","floor":1},{"not_picked":["Combust","Anger"],"picked":"Rage","floor":2},{"not_picked":["Anger","Iron Wave"],"picked":"Blood for Blood","floor":3},{"not_picked":["Wild Strike","Twin Strike"],"picked":"Inflame","floor":4},{"not_picked":["Twin Strike","Pommel Strike"],"picked":"Clothesline","floor":7},{"not_picked":["Searing Blow","Havoc"],"picked":"Impervious","floor":10},{"not_picked":["Headbutt","Body Slam"],"picked":"Flex","floor":11},{"not_picked":["Second Wind","Headbutt"],"picked":"Thunderclap","floor":13},{"not_picked":["True Grit","Sword Boomerang"],"picked":"Combust","floor":14},{"not_picked":["Shockwave","Pommel Strike"],"picked":"Power Through","floor":15},{"not_picked":["Offering","Impervious"],"picked":"Berserk","floor":16},{"not_picked":["Thunderclap","Body Slam"],"picked":"Shrug It Off+1","floor":18},{"not_picked":["Pummel","Carnage"],"picked":"Inflame","floor":22},{"not_picked":["Rupture","Hemokinesis+1"],"picked":"Rampage+1","floor":23},{"not_picked":["Power Through","Havoc"],"picked":"Combust+1","floor":24},{"not_picked":["Flex","Burning Pact"],"picked":"Armaments+1","floor":25},{"not_picked":["Wild Strike+1","Whirlwind+1"],"picked":"Fire Breathing","floor":27},{"not_picked":["Iron Wave+1","Clothesline+1"],"picked":"Dual Wield","floor":28},{"not_picked":["Headbutt+1","Uppercut+1"],"picked":"Warcry+1","floor":32}],"player_experience":344597,"relics_obtained":[{"floor":9,"key":"War Paint"},{"floor":10,"key":"Toy Ornithopter"},{"floor":14,"key":"Dream Catcher"},{"floor":23,"key":"Molten Egg 2"},{"floor":25,"key":"StrikeDummy"}],"event_choices":[{"damage_healed":0,"gold_gain":0,"player_choice":"Take Wound","damage_taken":0,"relics_obtained":["Golden Idol"],"max_hp_gain":0,"max_hp_loss":0,"event_name":"Golden Idol","floor":5,"gold_loss":0,"cards_obtained":["Injury"]},{"damage_healed":0,"gold_gain":0,"player_choice":"Success","damage_taken":7,"relics_obtained":["Gremlin Horn"],"max_hp_gain":0,"max_hp_loss":0,"event_name":"Scrap Ooze","floor":8,"gold_loss":0},{"cards_removed":["Writhe"],"damage_healed":0,"gold_gain":0,"player_choice":"Card Removal","damage_taken":7,"max_hp_gain":0,"max_hp_loss":0,"event_name":"Golden Wing","floor":12,"gold_loss":0},{"damage_healed":0,"gold_gain":0,"player_choice":"Simplicity","damage_taken":0,"max_hp_gain":0,"max_hp_loss":0,"event_name":"Back to Basics","floor":20,"gold_loss":0,"cards_upgraded":["Strike_R","Strike_R","Strike_R","Strike_R","Strike_R","Defend_R","Defend_R"]},{"damage_healed":0,"gold_gain":0,"player_choice":"Ignored","damage_taken":0,"max_hp_gain":0,"max_hp_loss":0,"event_name":"Ghosts","floor":21,"gold_loss":0},{"damage_healed":0,"gold_gain":0,"player_choice":"Ignored","damage_taken":0,"max_hp_gain":0,"max_hp_loss":0,"event_name":"Beggar","floor":29,"gold_loss":0},{"damage_healed":0,"gold_gain":0,"player_choice":"Upgraded","damage_taken":0,"max_hp_gain":0,"max_hp_loss":0,"event_name":"Upgrade Shrine","floor":31,"gold_loss":0,"cards_upgraded":["Panache"]}],"is_beta":false,"boss_relics":[{"not_picked":["Velvet Choker","SlaversCollar"],"picked":"Runic Pyramid"}],"items_purged_floors":[19],"is_endless":false,"potions_floor_spawned":[2,7,11,13,22,28],"killed_by":"Champ","ascension_level":5}}