{"host":"dkr0dog13pegamnp","time":1613817688,"event":{"mods":["AchievementEnabler","BaseMod","Minty Spire (QoL Compilation)","Rare Cards Sparkle","StSLib","SuperFastMode","everything is the same but u backflip on backflip"],"gold_per_floor":[114,114,114,114,33,66,66,93,118,135,60,60,60],"floor_reached":12,"language":"KOR","playtime":204,"items_purged":["Parasite"],"score":208,"play_id":"48319311-a5a3-4cfb-ae18-ac43fa4717c3","local_time":"20210220194128","is_ascension_mode":true,"campfire_choices":[],"circlet_count":0,"master_deck":["AscendersBane","Strike_G","Strike_G","Strike_G","Defend_G","Defend_G","Defend_G","Defend_G","Defend_G","Survivor","Neutralize","Catalyst","Blur","PiercingWail"],"relics":["Ring of the Snake","NeowsBlessing","The Specimen","Ninja Scroll","Ancient Tea Set"],"acts_visited":["Exordium"],"potions_floor_usage":[12],"damage_taken":[{"damage":0,"enemies":"Cultist","floor":1,"turns":1},{"damage":0,"enemies":"Lagavulin","floor":6,"turns":2},{"damage":0,"enemies":"3 Sentries","floor":8,"turns":1},{"damage":0,"enemies":"Small Slimes","floor":10,"turns":6},{"damage":92,"enemies":"Gremlin Nob","floor":12,"turns":7}],"seed_played":"-4414193180653182973","potions_obtained":[{"floor":1,"key":"AttackPotion"},{"floor":8,"key":"LiquidBronze"}],"is_trial":false,"path_per_floor":["M","?","?","?","$","E","?","E","T","M","$","E"],"character_chosen":"THE_SILENT","items_purchased":["Blur"],"campfire_rested":0,"item_purchase_floors":[5],"current_hp_per_floor":[63,56,61,61,61,61,75,75,75,75,72,0,0],"gold":60,"neow_bonus":"THREE_ENEMY_KILL","is_daily":false,"chose_seed":false,"campfire_upgraded":0,"win_rate":0.0,"timestamp":1613817688,"path_taken":["M","?","?","?","?","E","?","E","T","M","$","E"],"items_purchased_type":["Card"],"build_version":"2020-12-22","purchased_purges":1,"victory":false,"max_hp_per_floor":[70,70,75,75,75,75,75,75,75,75,72,72,72],"card_choices":[{"not_picked":["Setup","Outmaneuver","Flying Knee"],"picked":"SKIP","floor":1},{"not_picked":["Poisoned Stab","Phantasmal Killer"],"picked":"PiercingWail","floor":6},{"not_picked":["Outmaneuver","Flechettes","Caltrops"],"picked":"SKIP","floor":8},{"not_picked":["Flechettes","Catalyst","Blade Dance"],"picked":"SKIP","floor":10}],"player_experience":70806,"relics_obtained":[{"floor":6,"key":"The Specimen"},{"floor":8,"key":"Ninja Scroll"},{"floor":9,"key":"Ancient Tea Set"}],"event_choices":[{"cards_removed":["Strike_G"],"damage_healed":0,"gold_gain":0,"player_choice":"Card Removal","damage_taken":7,"max_hp_gain":0,"max_hp_loss":0,"event_name":"Golden Wing","floor":2,"gold_loss":0},{"damage_healed":0,"gold_gain":0,"player_choice":"Donut","damage_taken":0,"max_hp_gain":5,"max_hp_loss":0,"event_name":"Big Fish","floor":3,"gold_loss":0},{"damage_healed":0,"gold_gain":0,"cards_transformed":["Strike_G"],"player_choice":"Change","damage_taken":0,"max_hp_gain":0,"max_hp_loss":0,"event_name":"Living Wall","floor":4,"gold_loss":0,"cards_obtained":["Catalyst"]},{"damage_healed":18,"gold_gain":0,"player_choice":"Healed and dodged fight","damage_taken":0,"max_hp_gain":0,"max_hp_loss":0,"event_name":"Mushrooms","floor":7,"gold_loss":0,"cards_obtained":["Parasite"]}],"is_beta":false,"boss_relics":[],"items_purged_floors":[11],"is_endless":false,"potions_floor_spawned":[1,8],"killed_by":"Gremlin Nob","ascension_level":11}}