{"host":"gg","time":1613795323,"event":{"mods":["AchievementEnabler","BaseMod","Colored Map","Googly Eyes","Minty Spire (QoL Compilation)","Relic Stats","The IronCluck"],"gold_per_floor":[99,99,99,99,99,99,99,99,99,99,99,99,99,99,99,99,99,99,99,99,99,99,99,99,99,99,99,99,99,99,99,99,99,99],"floor_reached":33,"language":"ENG","playtime":1447,"items_purged":[],"score":896,"play_id":"23562b52-f1b1-44a0-aeb7-94977531fa57","local_time":"20210219202843","is_ascension_mode":true,"campfire_choices":[{"data":"Eruption","floor":7.0,"key":"SMITH"},{"data":"CrushJoints","floor":10.0,"key":"SMITH"},{"data":"SignatureMove","floor":15.0,"key":"SMITH"},{"floor":25.0,"key":"RECALL"},{"floor":29.0,"key":"REST"},{"floor":32.0,"key":"REST"}],"circlet_count":0,"master_deck":["AscendersBane","Strike_P","Strike_P","Strike_P","Strike_P","Defend_P","Defend_P","Eruption+1","Vigilance","CrushJoints+1","SashWhip","SignatureMove+1","EmptyFist","CutThroughFate","Judgement","FollowUp","EmptyBody","DevaForm","TalkToTheHand","Crescendo","JustLucky","Protect","Alpha","Tantrum","FlurryOfBlows"],"relics":["Ectoplasm","Bag of Marbles","Orichalcum","Lantern","Shuriken","Juzu Bracelet","Fusion Hammer","Meat on the Bone","Oddly Smooth Stone","Boot"],"acts_visited":["Exordium","TheCity"],"potions_floor_usage":[33],"damage_taken":[{"damage":0.0,"enemies":"2 Louse","floor":1.0,"turns":4.0},{"damage":3.0,"enemies":"Small Slimes","floor":4.0,"turns":2.0},{"damage":2.0,"enemies":"Cultist","floor":5.0,"turns":3.0},{"damage":0.0,"enemies":"Gremlin Nob","floor":6.0,"turns":2.0},{"damage":0.0,"enemies":"Lagavulin","floor":8.0,"turns":2.0},{"damage":0.0,"enemies":"Gremlin Nob","floor":11.0,"turns":2.0},{"damage":0.0,"enemies":"2 Fungi Beasts","floor":12.0,"turns":1.0},{"damage":23.0,"enemies":"Hexaghost","floor":16.0,"turns":6.0},{"damage":11.0,"enemies":"Shell Parasite","floor":18.0,"turns":2.0},{"damage":0.0,"enemies":"Spheric Guardian","floor":20.0,"turns":2.0},{"damage":6.0,"enemies":"Cultist and Chosen","floor":21.0,"turns":3.0},{"damage":15.0,"enemies":"Gremlin Leader","floor":23.0,"turns":3.0},{"damage":0.0,"enemies":"Snake Plant","floor":24.0,"turns":1.0},{"damage":26.0,"enemies":"Book of Stabbing","floor":28.0,"turns":4.0},{"damage":0.0,"enemies":"Gremlin Leader","floor":30.0,"turns":3.0},{"damage":16.0,"enemies":"Centurion and Healer","floor":31.0,"turns":3.0},{"damage":90,"enemies":"Automaton","floor":33,"turns":6}],"seed_played":"1120269025072972870","potions_obtained":[{"floor":1.0,"key":"Block Potion"},{"floor":5.0,"key":"Fire Potion"},{"floor":18.0,"key":"BottledMiracle"},{"floor":21.0,"key":"Swift Potion"},{"floor":28.0,"key":"Explosive Potion"},{"floor":30.0,"key":"Explosive Potion"},{"floor":31.0,"key":"Dexterity Potion"}],"is_trial":false,"path_per_floor":["M","?","?","M","M","E","R","E","T","R","E","M","?","T","R","B",null,"M","?","M","M","$","E","M","R","T","?","E","R","E","M","R","B"],"character_chosen":"WATCHER","items_purchased":[],"campfire_rested":2,"item_purchase_floors":[],"current_hp_per_floor":[61,54,59,56,54,54,54,54,54,54,54,54,54,54,54,31,63,52,52,52,46,46,31,43,43,43,43,29,50,50,46,67,0,0],"gold":99,"neow_bonus":"BOSS_RELIC","is_daily":false,"chose_seed":false,"campfire_upgraded":3,"win_rate":0.0,"timestamp":1613795323,"path_taken":["M","?","?","M","M","E","R","E","T","R","E","M","?","?","R","BOSS","M","?","M","M","?","E","M","R","T","?","E","R","E","M","R","BOSS"],"items_purchased_type":[],"build_version":"2020-12-18","purchased_purges":0,"victory":false,"max_hp_per_floor":[68,68,73,73,73,73,73,73,73,73,73,73,73,73,73,73,73,73,73,73,73,73,73,73,73,73,73,73,73,73,73,73,73,73],"relic_stats":{"counters":[17,49],"Shuriken":[21],"Ectoplasm":434,"Juzu Bracelet":0,"Orichalcum":[36],"Boot":[3],"obtain_stats":[{"Lantern":9,"Shuriken":11,"Oddly Smooth Stone":28,"Ectoplasm":0,"Fusion Hammer":17,"Bag of Marbles":6,"Juzu Bracelet":14,"PureWater":0,"Orichalcum":8,"Boot":30,"Meat on the Bone":23},{"Lantern":5,"Shuriken":6,"Oddly Smooth Stone":14,"Ectoplasm":0,"Fusion Hammer":8,"Bag of Marbles":4,"Juzu Bracelet":7,"PureWater":0,"Orichalcum":5,"Boot":15,"Meat on the Bone":12},{"Lantern":13,"Shuriken":15,"Oddly Smooth Stone":37,"Ectoplasm":0,"Fusion Hammer":22,"Bag of Marbles":11,"Juzu Bracelet":16,"PureWater":0,"Orichalcum":13,"Boot":40,"Meat on the Bone":32}],"Meat on the Bone":36},"card_choices":[{"not_picked":["WreathOfFlame","MentalFortress"],"picked":"CrushJoints","floor":1.0},{"not_picked":["Adaptation","PathToVictory"],"picked":"SashWhip","floor":4.0},{"not_picked":["ReachHeaven","Pray"],"picked":"SignatureMove","floor":5.0},{"not_picked":["Prostrate","Study"],"picked":"EmptyFist","floor":6.0},{"not_picked":["WheelKick","Weave"],"picked":"CutThroughFate","floor":8.0},{"not_picked":["EmptyBody","Sanctity"],"picked":"Judgement","floor":11.0},{"not_picked":["Halt","Crescendo"],"picked":"FollowUp","floor":12.0},{"not_picked":["SpiritShield","Devotion"],"picked":"DevaForm","floor":16.0},{"not_picked":["Prostrate","ThirdEye"],"picked":"TalkToTheHand","floor":18.0},{"not_picked":["EmptyFist","Consecrate"],"picked":"Crescendo","floor":20.0},{"not_picked":["EmptyFist","CrushJoints"],"picked":"JustLucky","floor":21.0},{"not_picked":["Prostrate","Indignation"],"picked":"Protect","floor":23.0},{"not_picked":["SashWhip","FlyingSleeves"],"picked":"Alpha","floor":24.0},{"not_picked":["WheelKick","Study+1"],"picked":"FlurryOfBlows","floor":28.0},{"not_picked":["CrushJoints","Wireheading","InnerPeace"],"picked":"SKIP","floor":30.0},{"not_picked":["SandsOfTime","BowlingBash","FollowUp"],"picked":"SKIP","floor":31.0}],"player_experience":1352038,"relics_obtained":[{"floor":6.0,"key":"Bag of Marbles"},{"floor":8.0,"key":"Orichalcum"},{"floor":9.0,"key":"Lantern"},{"floor":11.0,"key":"Shuriken"},{"floor":14.0,"key":"Juzu Bracelet"},{"floor":23.0,"key":"Meat on the Bone"},{"floor":28.0,"key":"Oddly Smooth Stone"},{"floor":30.0,"key":"Boot"}],"event_choices":[{"cards_removed":["Defend_P"],"damage_healed":0.0,"max_hp_gain":0.0,"max_hp_loss":0.0,"gold_gain":0.0,"event_name":"Golden Wing","player_choice":"Card Removal","floor":2.0,"gold_loss":0.0,"damage_taken":7.0},{"damage_healed":0.0,"max_hp_gain":5.0,"max_hp_loss":0.0,"gold_gain":0.0,"event_name":"Big Fish","player_choice":"Donut","floor":3.0,"gold_loss":0.0,"damage_taken":0.0},{"damage_healed":0.0,"max_hp_gain":0.0,"max_hp_loss":0.0,"gold_gain":0.0,"cards_transformed":["Defend_P"],"event_name":"Living Wall","player_choice":"Change","floor":13.0,"gold_loss":0.0,"damage_taken":0.0,"cards_obtained":["EmptyBody"]},{"damage_healed":0.0,"max_hp_gain":0.0,"max_hp_loss":0.0,"gold_gain":0.0,"event_name":"Match and Keep!","player_choice":"0 cards matched","floor":19.0,"gold_loss":0.0,"damage_taken":0.0,"cards_obtained":[]},{"damage_healed":0.0,"max_hp_gain":0.0,"max_hp_loss":0.0,"gold_gain":0.0,"event_name":"The Library","player_choice":"Read","floor":27.0,"gold_loss":0.0,"damage_taken":0.0,"cards_obtained":["Tantrum"]}],"is_beta":true,"boss_relics":[{"not_picked":["SacredBark","Philosopher\u0027s Stone"],"picked":"Fusion Hammer"}],"items_purged_floors":[],"is_endless":false,"potions_floor_spawned":[1,5,11,18,20,21,28,30,31],"killed_by":"Automaton","ascension_level":20}}