{"host":"cw5mrddkw4tq3s8v","time":1613784318,"event":{"mods":["BaseMod","Block Reminder","Colored Map","Colored Powertips","DeckTracker","Highlight Path","Hubris","Infinite Spire","Minty Spire (QoL Compilation)","Permanent Neow","Quick Restart","Random Character Button","Relic Sorter","Relic Stats","Replay The Spire","StSLib","SuperFastMode","The Blue Laboratory","The Jungle"],"gold_per_floor":[116,132,132,82,7,40,40,59,59,71,105,105,133,152,152,253,253,266,285,285,300,316,316,316],"floor_reached":23,"language":"ENG","playtime":1280,"items_purged":["Strike_R","Strike_R"],"score":276,"play_id":"79ec201d-cf50-4589-9850-08bf28e8109d","local_time":"20210220032518","is_ascension_mode":true,"campfire_choices":[{"data":"Pommel Strike","floor":7.0,"key":"SMITH"},{"floor":15.0,"key":"REST"}],"circlet_count":0,"master_deck":["Strike_R","Strike_R+1","Defend_R","Defend_R+1","Defend_R","Bash+1","Heavy Blade","Pommel Strike+1","Twin Strike","Clothesline","Exhume+1","Metallicize","Demon Form","Armaments"],"relics":["Burning Blood","Pet Ghost","StoneCalendar","Replay:Rubber Ducky","hubris:SphereOfDissonance","hubris:Backtick","Thread and Needle","infinitespire:PuzzleCube"],"acts_visited":["Exordium","TheCity"],"potions_floor_usage":[18],"damage_taken":[{"damage":0.0,"enemies":"Small Slimes","floor":1.0,"turns":3.0},{"damage":5.0,"enemies":"2 Louse","floor":2.0,"turns":2.0},{"damage":44.0,"enemies":"Lagavulin","floor":6.0,"turns":11.0},{"damage":2.0,"enemies":"Jaw Worm","floor":8.0,"turns":3.0},{"damage":2.0,"enemies":"2 Fungi Beasts","floor":10.0,"turns":4.0},{"damage":8.0,"enemies":"Gremlin Nob","floor":11.0,"turns":4.0},{"damage":28.0,"enemies":"3 Sentries","floor":13.0,"turns":7.0},{"damage":14.0,"enemies":"Exordium Thugs","floor":14.0,"turns":5.0},{"damage":0.0,"enemies":"Hexaghost","floor":16.0,"turns":9.0},{"damage":1,"enemies":"Spheric Guardian","floor":18,"turns":5},{"damage":29,"enemies":"2 Thieves","floor":19,"turns":5},{"damage":8,"enemies":"Shelled Parasite and Fungi","floor":21,"turns":8},{"damage":0,"enemies":"Snake Plant","floor":22,"turns":5},{"damage":65,"enemies":"Slavers","floor":23,"turns":4}],"seed_played":"8366610892125449406","potions_obtained":[{"floor":1.0,"key":"LifebloodPotion"},{"floor":2.0,"key":"blueLaboratory:FruitPreserves"},{"floor":11.0,"key":"blueLaboratory:FrostheartPotion"},{"floor":14.0,"key":"EssenceOfSteel"},{"floor":16.0,"key":"BlessingOfTheForge"},{"floor":18,"key":"blueLaboratory:CorrosionFlask"}],"is_trial":false,"path_per_floor":["M","M","?","?","$","E","R","M","T","M","E","?","E","M","R","B",null,"M","M","AVR","M","M","E"],"character_chosen":"IRONCLAD","items_purchased":[],"campfire_rested":1,"item_purchase_floors":[],"current_hp_per_floor":[80,80,64,64,64,46,46,50,50,54,52,52,30,22,46,52,80,80,57,57,55,61,0,0],"gold":316,"neow_bonus":"RANDOM_EVENT","is_daily":false,"chose_seed":false,"campfire_upgraded":1,"win_rate":0.0,"timestamp":1613784318,"path_taken":["M","M","?","?","$","E","R","M","T","M","E","?","E","M","R","BOSS","M","M","AVR","M","M","E"],"items_purchased_type":[],"build_version":"2020-12-13","purchased_purges":2,"victory":false,"max_hp_per_floor":[80,80,80,80,80,80,80,80,80,80,80,80,80,80,80,80,80,80,80,80,80,80,80,80],"relic_stats":{"counters":[14,75],"StoneCalendar":[124],"obtain_stats":[{"hubris:Backtick":20,"hubris:SphereOfDissonance":13,"StoneCalendar":9,"Thread and Needle":20,"Burning Blood":0,"Pet Ghost":6,"infinitespire:PuzzleCube":20,"Replay:Rubber Ducky":11},{"hubris:Backtick":11,"hubris:SphereOfDissonance":7,"StoneCalendar":4,"Thread and Needle":11,"Burning Blood":0,"Pet Ghost":3,"infinitespire:PuzzleCube":11,"Replay:Rubber Ducky":6},{"hubris:Backtick":58,"hubris:SphereOfDissonance":34,"StoneCalendar":19,"Thread and Needle":58,"Burning Blood":0,"Pet Ghost":16,"infinitespire:PuzzleCube":58,"Replay:Rubber Ducky":27}],"Burning Blood":66},"card_choices":[{"not_picked":["Ghostly Armor","True Grit","hubris:SharpeningStone"],"picked":"SKIP","floor":1.0},{"not_picked":["Shockwave","Clothesline"],"picked":"Heavy Blade","floor":2.0},{"not_picked":["Demon Form","True Grit"],"picked":"Pommel Strike","floor":6.0},{"not_picked":["Shockwave","Headbutt"],"picked":"Twin Strike","floor":8.0},{"not_picked":["Seeing Red","Clothesline","ReplayTheSpireMod:Limb From Limb"],"picked":"SKIP","floor":10.0},{"not_picked":["Seeing Red","ReplayTheSpireMod:Limb From Limb"],"picked":"Clothesline","floor":10.0},{"not_picked":["Sever Soul","Reckless Charge","Havoc"],"picked":"SKIP","floor":11.0},{"not_picked":["Thunderclap","Uppercut","Hemogenesis"],"picked":"SKIP","floor":13.0},{"not_picked":["True Grit","Perfected Strike"],"picked":"Metallicize","floor":14.0},{"not_picked":["Limit Break","Juggernaut"],"picked":"Demon Form","floor":16.0},{"not_picked":["Wild Strike","Life Link","Perfected Strike"],"picked":"SKIP","floor":18},{"not_picked":["ReplayTheSpireMod:LeadingStrike+1","Infernal Blade","Clothesline"],"picked":"SKIP","floor":19},{"not_picked":["Shockwave+1","Fiend Fire","Fire Breathing+1"],"picked":"SKIP","floor":21},{"not_picked":["True Grit","hubris:CleavingFinish+1"],"picked":"Armaments","floor":22}],"player_experience":72488,"relics_obtained":[{"floor":6.0,"key":"Pet Ghost"},{"floor":9.0,"key":"StoneCalendar"},{"floor":11.0,"key":"Replay:Rubber Ducky"},{"floor":13.0,"key":"hubris:SphereOfDissonance"}],"event_choices":[{"damage_healed":0.0,"max_hp_gain":0.0,"max_hp_loss":0.0,"gold_gain":0.0,"event_name":"Shining Light","player_choice":"Entered Light","floor":3.0,"gold_loss":0.0,"damage_taken":16.0,"cards_upgraded":["Strike_R","Defend_R"]},{"cards_removed":["Strike_R"],"damage_healed":0.0,"max_hp_gain":0.0,"max_hp_loss":0.0,"gold_gain":0.0,"event_name":"The Cleric","player_choice":"Card Removal","floor":4.0,"gold_loss":50.0,"damage_taken":0.0}],"is_beta":false,"boss_relics":[{"not_picked":["Coffee Dripper","Fusion Hammer","Velvet Choker"]}],"items_purged_floors":[5,20],"is_endless":false,"potions_floor_spawned":[1,2,11,14,16,18],"killed_by":"Slavers","ascension_level":1}}