{"host":"s229x1smnerk6mew","time":1613840326,"event":{"mods":["BaseMod","Bestiary","Minty Spire (QoL Compilation)","Relic Stats"],"gold_per_floor":[111,111,35,35,35,65,65,75,75,85,102,102,134,134,134,207,207,221,233,252,270,289,289,323,333,333,333,333,8,8,8],"floor_reached":30,"language":"ENG","playtime":1954,"items_purged":[],"score":595,"play_id":"b3bf6807-c499-4c86-99cf-d0fa6600f147","local_time":"20210221035846","is_ascension_mode":true,"campfire_choices":[{"data":"Inflame","floor":7.0,"key":"SMITH"},{"data":"Armaments","floor":12.0,"key":"SMITH"},{"data":"True Grit","floor":15.0,"key":"SMITH"},{"data":"Battle Trance","floor":23.0,"key":"SMITH"},{"data":"Feed","floor":27.0,"key":"SMITH"}],"circlet_count":0,"master_deck":["AscendersBane","Strike_R","Strike_R","Strike_R","Strike_R","Defend_R","Defend_R","Defend_R","Defend_R","Bash","Inflame+1","Battle Trance+1","True Grit+1","Armaments+1","Reaper","Twin Strike","Shrug It Off","Feed+1","True Grit+1","Reckless Charge","Pommel Strike","Headbutt","Shockwave","Disarm","Flame Barrier+1","Shrug It Off+1"],"relics":["Burning Blood","NeowsBlessing","Champion Belt","Potion Belt","Strawberry","Pear","Velvet Choker","Eternal Feather","Toxic Egg 2","Membership Card","Shuriken"],"acts_visited":["Exordium","TheCity"],"potions_floor_usage":[30,30,30,30],"damage_taken":[{"damage":0.0,"enemies":"Jaw Worm","floor":1.0,"turns":1.0},{"damage":0.0,"enemies":"3 Sentries","floor":6.0,"turns":1.0},{"damage":0.0,"enemies":"2 Louse","floor":8.0,"turns":1.0},{"damage":1.0,"enemies":"Cultist","floor":10.0,"turns":4.0},{"damage":21.0,"enemies":"2 Fungi Beasts","floor":11.0,"turns":4.0},{"damage":30.0,"enemies":"Gremlin Nob","floor":13.0,"turns":4.0},{"damage":18.0,"enemies":"The Guardian","floor":16.0,"turns":16.0},{"damage":26.0,"enemies":"2 Thieves","floor":18.0,"turns":5.0},{"damage":19.0,"enemies":"3 Byrds","floor":19.0,"turns":7.0},{"damage":36.0,"enemies":"Snake Plant","floor":20.0,"turns":5.0},{"damage":32.0,"enemies":"Snecko","floor":21.0,"turns":7.0},{"damage":25.0,"enemies":"Shelled Parasite and Fungi","floor":22.0,"turns":8.0},{"damage":43.0,"enemies":"Slavers","floor":24.0,"turns":9.0},{"damage":21.0,"enemies":"Snake Plant","floor":25.0,"turns":4.0},{"damage":17,"enemies":"Gremlin Leader","floor":30,"turns":5}],"seed_played":"7378193333480088473","potions_obtained":[{"floor":1.0,"key":"EntropicBrew"},{"floor":10.0,"key":"AttackPotion"},{"floor":18.0,"key":"SkillPotion"},{"floor":21.0,"key":"Energy Potion"},{"floor":22.0,"key":"EntropicBrew"},{"floor":25.0,"key":"Strength Potion"}],"is_trial":false,"path_per_floor":["M","?","$","?","T","E","R","M","T","M","M","R","E","?","R","B",null,"M","M","M","M","M","R","E","M","T","R","?","$","E"],"character_chosen":"IRONCLAD","items_purchased":["Battle Trance","Membership Card","Shuriken","Shrug It Off+1"],"campfire_rested":0,"item_purchase_floors":[3,29,29,29],"current_hp_per_floor":[74,74,74,74,74,75,75,75,82,82,67,67,59,52,52,52,82,73,69,49,28,12,12,13,31,31,46,15,15,0,0],"gold":8,"neow_bonus":"THREE_ENEMY_KILL","is_daily":false,"chose_seed":false,"campfire_upgraded":5,"win_rate":0.0,"timestamp":1613840326,"path_taken":["M","?","$","?","?","E","R","M","T","?","M","R","E","?","R","BOSS","M","M","M","M","M","R","E","M","T","R","?","$","E"],"items_purchased_type":["Card","Relic","Relic","Card"],"build_version":"2020-12-22","purchased_purges":0,"victory":false,"max_hp_per_floor":[75,75,75,75,75,75,75,75,82,82,82,82,92,92,92,92,92,95,98,98,98,101,101,101,104,104,104,109,109,109,109],"relic_stats":{"counters":[15,81],"Shuriken":[3],"Eternal Feather":15,"Champion Belt":[23],"obtain_stats":[{"Potion Belt":6,"Pear":13,"NeowsBlessing":0,"Shuriken":29,"Strawberry":9,"Velvet Choker":17,"Eternal Feather":24,"Champion Belt":5,"Membership Card":29,"Toxic Egg 2":26,"Burning Blood":0},{"Potion Belt":2,"Pear":6,"NeowsBlessing":0,"Shuriken":14,"Strawberry":3,"Velvet Choker":7,"Eternal Feather":13,"Champion Belt":1,"Membership Card":14,"Toxic Egg 2":14,"Burning Blood":0},{"Potion Belt":2,"Pear":15,"NeowsBlessing":0,"Shuriken":76,"Strawberry":3,"Velvet Choker":31,"Eternal Feather":72,"Champion Belt":1,"Membership Card":76,"Toxic Egg 2":76,"Burning Blood":0}],"Burning Blood":68},"card_choices":[{"not_picked":["Wild Strike","Entrench"],"picked":"Inflame","floor":1.0},{"not_picked":["Body Slam","Bloodletting"],"picked":"True Grit","floor":6.0},{"not_picked":["Perfected Strike","Feel No Pain"],"picked":"Armaments","floor":8.0},{"not_picked":["Body Slam","Bloodletting"],"picked":"Reaper","floor":10.0},{"not_picked":["Havoc","Disarm"],"picked":"Twin Strike","floor":11.0},{"not_picked":["Dark Embrace","Anger"],"picked":"Shrug It Off","floor":13.0},{"not_picked":["Limit Break","Barricade"],"picked":"Feed","floor":16.0},{"not_picked":["Rampage","Seeing Red"],"picked":"True Grit+1","floor":18.0},{"not_picked":["Dark Embrace","Cleave"],"picked":"Reckless Charge","floor":19.0},{"not_picked":["Rupture","Clash"],"picked":"Pommel Strike","floor":20.0},{"not_picked":["Reckless Charge","Sentinel"],"picked":"Headbutt","floor":21.0},{"not_picked":["Clothesline","Burning Pact"],"picked":"Shockwave","floor":22.0},{"not_picked":["Twin Strike+1","Inflame"],"picked":"Disarm","floor":24.0},{"not_picked":["Infernal Blade","Cleave"],"picked":"Flame Barrier+1","floor":25.0}],"player_experience":2081429,"relics_obtained":[{"floor":5.0,"key":"Champion Belt"},{"floor":6.0,"key":"Potion Belt"},{"floor":9.0,"key":"Strawberry"},{"floor":13.0,"key":"Pear"},{"floor":24.0,"key":"Eternal Feather"},{"floor":26.0,"key":"Toxic Egg 2"}],"event_choices":[{"damage_healed":0.0,"max_hp_gain":0.0,"max_hp_loss":0.0,"gold_gain":0.0,"event_name":"The Cleric","player_choice":"Leave","floor":2.0,"gold_loss":0.0,"damage_taken":0.0},{"damage_healed":0.0,"max_hp_gain":0.0,"max_hp_loss":0.0,"gold_gain":0.0,"event_name":"Liars Game","player_choice":"Ignored","floor":4.0,"gold_loss":0.0,"damage_taken":0.0},{"cards_removed":["Strike_R"],"damage_healed":0.0,"max_hp_gain":0.0,"max_hp_loss":0.0,"gold_gain":0.0,"event_name":"Golden Wing","player_choice":"Card Removal","floor":14.0,"gold_loss":0.0,"damage_taken":7.0},{"damage_healed":0.0,"max_hp_gain":5.0,"max_hp_loss":0.0,"gold_gain":0.0,"event_name":"Forgotten Altar","player_choice":"Shed Blood","floor":28.0,"gold_loss":0.0,"damage_taken":36.0}],"is_beta":false,"boss_relics":[{"not_picked":["Black Blood","Ectoplasm"],"picked":"Velvet Choker"}],"items_purged_floors":[],"is_endless":false,"potions_floor_spawned":[1,10,18,21,22,25],"killed_by":"Gremlin Leader","ascension_level":20}}