{"host":"ppqll9nf92xyjrj9","time":1613842826,"event":{"mods":["Act Like it!","Arknights","BaseMod","Bestiary","Better Third Choice","Bossed Relics","Curses Come First","Ekko","Evolution","Hermit","Jorbs\u0027s Wanderer Trilogy","Keyboard Shortcuts","Marked Mod","Minty Spire (QoL Compilation)","Relic Stats","Shapeshifter Mod","Spicy Shops","StS++","StSLib","The Marked","The Runesmith","Weighted Paths","【遗物卡牌】REMEMod"],"gold_per_floor":[109,109,121,136,151,178,178,198,223,223,238,250,261,295,295,400,400,412,427,442,367,367,399,399,433,433,433,277,303,74,74,74,175,175,194,194,194,211,211,256,256,273,353,379,78,112,127,139,139,139],"floor_reached":51,"language":"ENG","playtime":3040,"items_purged":["theMarked:Strike"],"score":846,"play_id":"34da09f5-463f-4e2c-9157-6fe27f9703f1","local_time":"20210220094026","is_ascension_mode":true,"campfire_choices":[{"data":"theMarked:SoldierOfQuellstein","floor":7.0,"key":"SMITH"},{"floor":10.0,"key":"REST"},{"data":"theMarked:Determination","floor":15.0,"key":"SMITH"},{"floor":24.0,"key":"REST"},{"floor":27.0,"key":"REST"},{"floor":32.0,"key":"REST"},{"data":"theMarked:Toughness","floor":41,"key":"SMITH"},{"floor":49,"key":"REST"}],"circlet_count":0,"master_deck":["theMarked:Frustration","theMarked:WastefulAttack","theMarked:Strike","theMarked:Defend","theMarked:Defend","theMarked:Defend","theMarked:Defend","theMarked:SoldierOfQuellstein+1","theMarked:ElectricStrings","theMarked:SoldierOfQuellstein+1","theMarked:WastefulAttack","theMarked:WardOff","theMarked:ContemptForTheProud","theMarked:Challenge","theMarked:Determination+1","theMarked:BanishingStrike+1","theMarked:Toughness+1","theMarked:EmpowerWeapon+1","theMarked:WardOff+1","theMarked:WardOff+1","theMarked:SelfDefenseTraining+1","theMarked:BanishingWave+1","theMarked:Challenge+1","theMarked:Challenge+1","StSpp:Resilience+1","theMarked:WastefulAttack+1","theMarked:Abjuration+1","theMarked:Abjuration+1","stsjorbsmod:Procrastination","theMarked:HeightenedSenses+1","theMarked:Opportunist+1"],"relics":["EVO:Axolotl","REME_ComplimentaryCards","StSpp:FireArrow","Molten Egg 2","Omamori","Calling Bell","Bronze Scales","Toxic Egg 2","Pocketwatch","Bag of Preparation","REME_HandOfSuture","Unceasing Top","Ginger","MealTicket","REME_PuzzleBoxRelic","Nloth\u0027s Gift","REME_ChargedStone","Anchor","Ornamental Fan","Sundial","Question Card","DollysMirror","Oddly Smooth Stone","StSpp:Monolith"],"acts_visited":["Exordium","TheCity","TheBeyond"],"potions_floor_usage":[44,47,50,50,50,50,50,50],"damage_taken":[{"damage":2.0,"enemies":"ats:Genji","floor":1.0,"turns":4.0},{"damage":1.0,"enemies":"Cultist","floor":3.0,"turns":4.0},{"damage":1.0,"enemies":"Jaw Worm","floor":4.0,"turns":4.0},{"damage":12.0,"enemies":"Exordium Thugs","floor":5.0,"turns":5.0},{"damage":31.0,"enemies":"Lagavulin","floor":6.0,"turns":8.0},{"damage":0.0,"enemies":"Looter","floor":8.0,"turns":2.0},{"damage":0.0,"enemies":"Blue Slaver","floor":11.0,"turns":3.0},{"damage":0.0,"enemies":"3 Louse","floor":12.0,"turns":3.0},{"damage":3.0,"enemies":"Red Slaver","floor":13.0,"turns":4.0},{"damage":8.0,"enemies":"3 Sentries","floor":14.0,"turns":6.0},{"damage":14.0,"enemies":"Slime Boss","floor":16.0,"turns":9.0},{"damage":12.0,"enemies":"Shell Parasite","floor":18.0,"turns":4.0},{"damage":17.0,"enemies":"Spheric Guardian","floor":19.0,"turns":4.0},{"damage":8.0,"enemies":"Shelled Parasite and Fungi","floor":20.0,"turns":4.0},{"damage":15.0,"enemies":"Slavers","floor":23.0,"turns":7.0},{"damage":12.0,"enemies":"Gremlin Leader","floor":25.0,"turns":6.0},{"damage":9.0,"enemies":"Book of Stabbing","floor":29.0,"turns":6.0},{"damage":35.0,"enemies":"Champ","floor":33.0,"turns":9.0},{"damage":6,"enemies":"Orb Walker","floor":35,"turns":3},{"damage":5,"enemies":"3 Darklings","floor":38,"turns":3},{"damage":0,"enemies":"Nemesis","floor":40,"turns":6},{"damage":0,"enemies":"Writhing Mass","floor":42,"turns":6},{"damage":26,"enemies":"Reptomancer","floor":44,"turns":5},{"damage":10,"enemies":"Nemesis","floor":46,"turns":7},{"damage":20,"enemies":"Jaw Worm Horde","floor":47,"turns":4},{"damage":0,"enemies":"4 Shapes","floor":48,"turns":4},{"damage":32,"enemies":"Awakened One","floor":50,"turns":7}],"seed_played":"-5441330681851768075","potions_obtained":[{"floor":1.0,"key":"SkillPotion"},{"floor":5.0,"key":"REME_GoldPotion"},{"floor":11.0,"key":"ColorlessPotion"},{"floor":19.0,"key":"Block Potion"},{"floor":20.0,"key":"Strength Potion"},{"floor":25.0,"key":"ColorlessPotion"},{"floor":33.0,"key":"LiquidBronze"},{"floor":38,"key":"GamblersBrew"},{"floor":42,"key":"DistilledChaos"},{"floor":44,"key":"SpeedPotion"},{"floor":48,"key":"EntropicBrew"}],"is_trial":false,"path_per_floor":["M","?","M","M","M","E","R","M","T","R","M","M","M","E","R","B",null,"M","M","M","?","?","E","R","E","T","R","$","E","$","?","R","B",null,"M","?","T","M","?","E","R","M","T","E","$","E","M","M","R","B",null],"character_chosen":"THE_DEFAULT","items_purchased":["theMarked:BanishingWave+1","MealTicket","REME_PuzzleBoxRelic","DollysMirror","Oddly Smooth Stone"],"campfire_rested":5,"item_purchase_floors":[28,30,30,45,45],"current_hp_per_floor":[70,70,69,68,56,25,25,25,25,46,46,46,43,35,35,21,72,60,43,35,35,35,20,41,29,29,50,50,41,41,41,62,27,72,66,66,66,61,61,61,61,62,62,36,51,41,21,21,42,10],"gold":139,"neow_bonus":"BOSS_RELIC","is_daily":false,"chose_seed":false,"campfire_upgraded":3,"win_rate":0.0,"timestamp":1613842826,"path_taken":["M","?","M","M","M","E","R","M","T","R","M","M","?","E","R","BOSS","M","M","M","?","?","E","R","E","T","R","$","E","$","?","R","BOSS","M","?","?","M","?","E","R","M","T","E","?","E","?","M","R","BOSS"],"items_purchased_type":["Card","Relic","Relic","Relic","Relic"],"build_version":"2020-12-22","purchased_purges":1,"victory":true,"max_hp_per_floor":[72,72,72,72,72,72,72,72,72,72,72,72,72,72,72,72,72,72,72,72,72,72,72,72,72,72,72,72,72,72,72,72,72,72,72,72,72,70,70,70,70,70,70,70,70,70,70,70,70,70],"relic_stats":{"counters":[27,137],"Ornamental Fan":[56],"Sundial":[6],"Bronze Scales":[316],"MealTicket":15,"Bag of Preparation":[24],"Nloth\u0027s Gift":3,"Ginger":[28],"Question Card":3,"obtain_stats":[{"REME_ChargedStone":34,"StSpp:FireArrow":0,"Bag of Preparation":23,"EVO:Axolotl":0,"Ginger":29,"Centennial Puzzle":14,"Sundial":43,"DollysMirror":45,"MealTicket":30,"Toxic Egg 2":17,"StSpp:Monolith":46,"Oddly Smooth Stone":45,"Omamori":9,"Question Card":44,"Calling Bell":17,"theMarked:ArtifactOfAir":0,"Anchor":37,"Ornamental Fan":40,"Bronze Scales":17,"Molten Egg 2":6,"REME_HandOfSuture":25,"Nloth\u0027s Gift":31,"REME_PuzzleBoxRelic":30,"Unceasing Top":26,"REME_ComplimentaryCards":0,"Pocketwatch":17},{"REME_ChargedStone":18,"StSpp:FireArrow":0,"Bag of Preparation":15,"EVO:Axolotl":0,"Ginger":17,"Centennial Puzzle":10,"Sundial":22,"DollysMirror":23,"MealTicket":17,"Toxic Egg 2":11,"StSpp:Monolith":24,"Oddly Smooth Stone":23,"Omamori":6,"Question Card":23,"Calling Bell":11,"theMarked:ArtifactOfAir":0,"Anchor":19,"Ornamental Fan":21,"Bronze Scales":11,"Molten Egg 2":5,"REME_HandOfSuture":16,"Nloth\u0027s Gift":17,"REME_PuzzleBoxRelic":17,"Unceasing Top":16,"REME_ComplimentaryCards":0,"Pocketwatch":11},{"REME_ChargedStone":92,"StSpp:FireArrow":0,"Bag of Preparation":71,"EVO:Axolotl":0,"Ginger":83,"Centennial Puzzle":43,"Sundial":110,"DollysMirror":115,"MealTicket":83,"Toxic Egg 2":52,"StSpp:Monolith":122,"Oddly Smooth Stone":115,"Omamori":27,"Question Card":115,"Calling Bell":52,"theMarked:ArtifactOfAir":0,"Anchor":95,"Ornamental Fan":104,"Bronze Scales":52,"Molten Egg 2":25,"REME_HandOfSuture":77,"Nloth\u0027s Gift":83,"REME_PuzzleBoxRelic":83,"Unceasing Top":77,"REME_ComplimentaryCards":0,"Pocketwatch":52}],"Unceasing Top":[52],"Pocketwatch":[23]},"card_choices":[{"not_picked":["theMarked:HeightenedSenses","theMarked:Improvise"],"picked":"theMarked:ElectricStrings","floor":1.0},{"not_picked":["theMarked:Parkour","theMarked:ComboAttacks"],"picked":"theMarked:WastefulAttack","floor":3.0},{"not_picked":["theMarked:WastefulAttack","theMarked:KeepCalmAndFight"],"picked":"theMarked:WardOff","floor":4.0},{"not_picked":["theMarked:TwofoldDefense","theMarked:CreepingChasm"],"picked":"theMarked:ContemptForTheProud","floor":5.0},{"not_picked":["theMarked:Electrify","theMarked:TakeCover","theMarked:ShockingTouch+1"],"picked":"SKIP","floor":6.0},{"not_picked":["theMarked:LightningStrikesTwice+1","theMarked:RepellingDischarge"],"picked":"theMarked:Challenge","floor":8.0},{"not_picked":["theMarked:TakeCover","theMarked:ElectricStrings+1","theMarked:RepellingDischarge"],"picked":"SKIP","floor":11.0},{"not_picked":["theMarked:Friction","theMarked:EnhanceMovement","theMarked:HeightenedSenses"],"picked":"SKIP","floor":12.0},{"not_picked":["theMarked:TakeCover","theMarked:Pokerface"],"picked":"theMarked:Determination","floor":13.0},{"not_picked":["theMarked:ResourceFulStrike+1","theMarked:Opportunist"],"picked":"theMarked:BanishingStrike+1","floor":14.0},{"not_picked":["theMarked:Challenge","theMarked:TurnInvisible"],"picked":"theMarked:Toughness","floor":16.0},{"not_picked":["theMarked:Improvise+1","theMarked:Parkour+1"],"picked":"theMarked:EmpowerWeapon+1","floor":18.0},{"not_picked":["theMarked:Determination+1","theMarked:BanishingStrike+1"],"picked":"theMarked:WardOff+1","floor":19.0},{"not_picked":["theMarked:Parkour+1","theMarked:ParalyzingBlade+1"],"picked":"theMarked:WardOff+1","floor":20.0},{"not_picked":["theMarked:EmpowerWeapon+1","theMarked:AttractMetal+1","theMarked:Vacuum+1"],"picked":"SKIP","floor":23.0},{"not_picked":["theMarked:WastefulAttack+1","theMarked:HeightenedSenses+1"],"picked":"theMarked:SelfDefenseTraining+1","floor":25.0},{"not_picked":["theMarked:Parkour+1","theMarked:ShockingTouch+1","theMarked:RepellingDischarge+1"],"picked":"SKIP","floor":29.0},{"not_picked":["theMarked:Snap+1","theMarked:BiggerThanFate+1"],"picked":"theMarked:Challenge+1","floor":33.0},{"not_picked":["theMarked:Reabsorb+1","theMarked:EmpowerWeapon+1","theMarked:Challenge+1"],"picked":"SKIP","floor":35},{"not_picked":["theMarked:Reabsorb+1","theMarked:EmpowerWeapon+1"],"picked":"theMarked:Challenge+1","floor":35},{"not_picked":["PanicButton+1","Impatience+1"],"picked":"StSpp:Resilience+1","floor":36},{"not_picked":["theMarked:Pokerface+1","theMarked:Reabsorb+1"],"picked":"theMarked:GodGivenPower","floor":38},{"not_picked":["theMarked:Electrocute+1","theMarked:MagusForm","theMarked:Opportunist+1"],"picked":"SKIP","floor":40},{"not_picked":["theMarked:BanishingStrike+1","theMarked:Improvise+1"],"picked":"theMarked:WastefulAttack+1","floor":42},{"not_picked":["theMarked:Vacuum+1","theMarked:Panic+1"],"picked":"theMarked:Abjuration+1","floor":44},{"not_picked":["theMarked:Improvise+1","theMarked:ElectricStrings+1","theMarked:Panic+1"],"picked":"theMarked:HeightenedSenses+1","floor":46},{"not_picked":["theMarked:Aftermath+1","theMarked:Convert+1","theMarked:EmpowerWeapon+1","theMarked:Parkour+1"],"picked":"SKIP","floor":47},{"not_picked":["theMarked:Aftermath+1","theMarked:Parkour+1","theMarked:HeightenedSenses+1"],"picked":"theMarked:Opportunist+1","floor":48}],"player_experience":114814,"relics_obtained":[{"floor":6.0,"key":"Molten Egg 2"},{"floor":9.0,"key":"Omamori"},{"floor":14.0,"key":"Centennial Puzzle"},{"floor":17.0,"key":"Bronze Scales"},{"floor":17.0,"key":"Toxic Egg 2"},{"floor":17.0,"key":"Pocketwatch"},{"floor":23.0,"key":"Bag of Preparation"},{"floor":25.0,"key":"REME_HandOfSuture"},{"floor":26.0,"key":"Unceasing Top"},{"floor":29.0,"key":"Ginger"},{"floor":37,"key":"Anchor"},{"floor":40,"key":"Ornamental Fan"},{"floor":43,"key":"Sundial"},{"floor":44,"key":"Question Card"},{"floor":46,"key":"StSpp:Monolith"}],"event_choices":[{"cards_removed":["theMarked:Strike"],"damage_healed":0.0,"max_hp_gain":0.0,"max_hp_loss":0.0,"gold_gain":0.0,"event_name":"Beggar","player_choice":"Gave Gold","floor":21.0,"gold_loss":75.0,"damage_taken":0.0},{"damage_healed":0.0,"max_hp_gain":0.0,"max_hp_loss":0.0,"gold_gain":0.0,"event_name":"Vampires","player_choice":"Ignored","floor":22.0,"gold_loss":0.0,"damage_taken":0.0},{"damage_healed":0.0,"max_hp_gain":0.0,"max_hp_loss":0.0,"gold_gain":0.0,"event_name":"N\u0027loth","player_choice":"Traded Relic","floor":31.0,"relics_lost":["Centennial Puzzle"],"gold_loss":0.0,"damage_taken":0.0,"relics_obtained":["Nloth\u0027s Gift"]},{"damage_healed":0,"gold_gain":0,"player_choice":"Memory 1","damage_taken":0,"max_hp_gain":0,"max_hp_loss":0,"event_name":"SensoryStone","floor":36,"gold_loss":0},{"cards_removed":["theMarked:GodGivenPower"],"damage_healed":0,"gold_gain":0,"player_choice":"Removed Power","damage_taken":0,"max_hp_gain":0,"max_hp_loss":0,"event_name":"Falling","floor":39,"gold_loss":0}],"is_beta":false,"boss_relics":[{"not_picked":["Tiny House","Fusion Hammer"],"picked":"Calling Bell"},{"not_picked":["StSpp:PileOfSugar","SacredBark"],"picked":"REME_ChargedStone"}],"items_purged_floors":[28],"is_endless":false,"potions_floor_spawned":[1,5,11,19,20,25,33,38,42,44,46,48],"ascension_level":1}}