{"host":"mydft8i2zzydgggw","time":1613809184,"event":{"mods":["AchievementEnabler","BaseMod","Colored Map","Colored Powertips","DeckTracker","Keyboard Shortcuts","Minty Spire (QoL Compilation)","Rare Cards Sparkle","Relic Stats","StSLib","SuperFastMode","Together in Spire","everything is the same but u backflip on backflip"],"gold_per_floor":[11,31,51,1,1,26,26,36,36,54,73,99,24,124,124,221,221,236,247,2,18,32,32,46,78,78,78,78],"floor_reached":27,"language":"KOR","playtime":828,"items_purged":["Strike_R","Strike_R"],"score":445,"play_id":"b9809ae8-1b34-4b22-990a-0ef0fb98e558","local_time":"20210220171944","is_ascension_mode":true,"campfire_choices":[{"data":"Entrench","floor":7,"key":"SMITH"},{"floor":15,"key":"REST"},{"floor":23,"key":"REST"}],"circlet_count":0,"master_deck":["AscendersBane","Strike_R","Strike_R","Defend_R","Defend_R","Defend_R","Defend_R","Bash","Feed+1","Shrug It Off","Inflame+1","Entrench+1","Reaper","Disarm","Bloodletting+1","Flex+1","Dropkick","Exhume+1","Pommel Strike+1","Protect+1","Steam+1","Backflip+1"],"relics":["Burning Blood","Pantograph","Toxic Egg 2","Bottled Tornado","Snecko Eye","PrismaticShard","Blue Candle","TungstenRod"],"acts_visited":["Exordium","TheCity"],"potions_floor_usage":[6,6,16,16,22,24],"damage_taken":[{"damage":7.0,"enemies":"Jaw Worm","floor":1.0,"turns":3.0},{"damage":2.0,"enemies":"2 Louse","floor":2.0,"turns":4.0},{"damage":0.0,"enemies":"Cultist","floor":3.0,"turns":3.0},{"damage":62,"enemies":"Lagavulin","floor":6,"turns":8},{"damage":11,"enemies":"Looter","floor":8,"turns":4},{"damage":6,"enemies":"2 Fungi Beasts","floor":10,"turns":5},{"damage":10,"enemies":"3 Louse","floor":11,"turns":6},{"damage":64,"enemies":"Gremlin Nob","floor":12,"turns":5},{"damage":48,"enemies":"The Guardian","floor":16,"turns":15},{"damage":57,"enemies":"Spheric Guardian","floor":18,"turns":8},{"damage":31,"enemies":"2 Thieves","floor":19,"turns":4},{"damage":39,"enemies":"Cultist and Chosen","floor":21,"turns":6},{"damage":33,"enemies":"Snake Plant","floor":22,"turns":5},{"damage":32,"enemies":"Centurion and Healer","floor":24,"turns":8},{"damage":66,"enemies":"Slavers","floor":25,"turns":11},{"damage":20,"enemies":"Gremlin Leader","floor":27,"turns":2}],"seed_played":"-3373090148324373409","potions_obtained":[{"floor":2.0,"key":"BloodPotion"},{"floor":3.0,"key":"Swift Potion"},{"floor":10,"key":"LiquidMemories"},{"floor":12,"key":"HeartOfIron"},{"floor":18,"key":"SpeedPotion"},{"floor":21,"key":"Strength Potion"},{"floor":22,"key":"Explosive Potion"}],"is_trial":false,"path_per_floor":["M","M","M","?","?","E","R","M","T","M","M","E","$","?","R","B",null,"M","M","$","M","M","R","M","E","T","E"],"character_chosen":"IRONCLAD","items_purchased":["PrismaticShard"],"campfire_rested":2,"item_purchase_floors":[20],"current_hp_per_floor":[74,81,89,89,71,32,32,34,34,46,58,14,14,14,44,38,85,38,34,34,33,25,58,67,18,18,0,0],"gold":78,"neow_bonus":"THREE_RARE_CARDS","is_daily":false,"chose_seed":false,"campfire_upgraded":1,"win_rate":0.0,"timestamp":1613809184,"path_taken":["M","M","M","?","?","E","R","M","T","M","M","E","?","?","R","BOSS","M","?","$","M","M","R","M","E","T","E"],"items_purchased_type":["Relic"],"build_version":"2020-12-22","purchased_purges":2,"victory":false,"max_hp_per_floor":[83,86,89,89,89,89,89,89,89,93,97,101,101,101,101,101,101,105,109,109,113,113,113,117,121,121,121,121],"relic_stats":{"counters":[16,97],"Pantograph":25,"Blue Candle":[0],"Snecko Eye":[64,87,76,76],"obtain_stats":[{"Pantograph":6,"Blue Candle":25,"Snecko Eye":17,"Toxic Egg 2":9,"Bottled Tornado":12,"PrismaticShard":20,"Burning Blood":0,"TungstenRod":26},{"Pantograph":4,"Blue Candle":15,"Snecko Eye":9,"Toxic Egg 2":5,"Bottled Tornado":8,"PrismaticShard":11,"Burning Blood":0,"TungstenRod":15},{"Pantograph":18,"Blue Candle":95,"Snecko Eye":53,"Toxic Egg 2":22,"Bottled Tornado":38,"PrismaticShard":65,"Burning Blood":0,"TungstenRod":95}],"Burning Blood":89,"TungstenRod":3},"card_choices":[{"not_picked":["Brutality","Double Tap"],"picked":"Feed","floor":0.0},{"not_picked":["Warcry","Blood for Blood"],"picked":"Shrug It Off","floor":1.0},{"not_picked":["Clash","Body Slam"],"picked":"Inflame","floor":2.0},{"not_picked":["Power Through","Iron Wave"],"picked":"Entrench","floor":3.0},{"not_picked":["Flex","Pummel"],"picked":"Reaper","floor":6},{"not_picked":["Clash","Cleave"],"picked":"Disarm","floor":8},{"not_picked":["Blood for Blood","Pommel Strike"],"picked":"Bloodletting+1","floor":10},{"not_picked":["Seeing Red+1","Wild Strike"],"picked":"Flex+1","floor":11},{"not_picked":["Seeing Red+1","Ghostly Armor+1"],"picked":"Dropkick","floor":12},{"not_picked":["Fiend Fire","Double Tap+1"],"picked":"Exhume+1","floor":16},{"not_picked":["Entrench+1","Thunderclap"],"picked":"Pommel Strike+1","floor":18},{"not_picked":["True Grit+1","Iron Wave","Evolve"],"picked":"SKIP","floor":19},{"not_picked":["Pommel Strike","Rage+1"],"picked":"Protect+1","floor":21},{"not_picked":["MentalFortress+1","Dagger Throw+1"],"picked":"Steam+1","floor":22},{"not_picked":["Perfected Strike","Steam+1","Swivel+1"],"picked":"SKIP","floor":24},{"not_picked":["Combust","Fasting2"],"picked":"Backflip+1","floor":25}],"player_experience":294271,"relics_obtained":[{"floor":6,"key":"Pantograph"},{"floor":9,"key":"Toxic Egg 2"},{"floor":12,"key":"Bottled Tornado"},{"floor":25,"key":"Blue Candle"},{"floor":26,"key":"TungstenRod"}],"event_choices":[{"cards_removed":["Strike_R"],"damage_healed":0.0,"max_hp_gain":0.0,"max_hp_loss":0.0,"gold_gain":0.0,"event_name":"The Cleric","player_choice":"Card Removal","floor":4.0,"gold_loss":50.0,"damage_taken":0.0},{"damage_healed":0.0,"max_hp_gain":0.0,"max_hp_loss":0.0,"gold_gain":0.0,"event_name":"Shining Light","player_choice":"Entered Light","floor":5.0,"gold_loss":0.0,"damage_taken":18.0,"cards_upgraded":["Inflame","Feed"]},{"damage_healed":0,"gold_gain":100,"player_choice":"Pray","damage_taken":0,"max_hp_gain":0,"max_hp_loss":0,"event_name":"Golden Shrine","floor":14,"gold_loss":0}],"is_beta":false,"boss_relics":[{"not_picked":["Runic Pyramid","SacredBark"],"picked":"Snecko Eye"}],"items_purged_floors":[13,20],"is_endless":false,"potions_floor_spawned":[2,3,10,12,18,21,22],"killed_by":"Gremlin Leader","ascension_level":12}}