{"host":"lx933ja015x1ub68","time":1613796311,"event":{"mods":["AchievementEnabler","BaseMod","Better Match","Better Third Choice","BetterRewards","Colored Map","Exacting","FTL Soundtrack","Minty Spire (QoL Compilation)","RNG Fix","Shop Mod","StSLib"],"gold_per_floor":[111,131,151,151,170,170,201,201,225,225,244,263,290,367,367,465,465,479,508,508,508,522,522,554,554,578,589,589,621,621,209,209,311,311,329,342,46,46,1045,1045,1070,1070,1147,1177,300,300,320,332,332,332,332,332,23,53,53],"floor_reached":56,"language":"ENG","playtime":3623,"items_purged":["Shame","Normality","Normality"],"score":1812,"play_id":"1ab7a14c-aa17-4a51-b46f-72447693a306","local_time":"20210220154511","is_ascension_mode":true,"campfire_choices":[{"floor":6.0,"key":"RECALL"},{"data":"Accuracy","floor":10.0,"key":"SMITH"},{"data":"Crippling Poison","floor":15.0,"key":"SMITH"},{"data":"After Image","floor":23.0,"key":"SMITH"},{"data":"Cloak And Dagger","floor":28.0,"key":"SMITH"},{"data":"Storm of Steel","floor":32.0,"key":"SMITH"},{"data":"Catalyst","floor":40.0,"key":"SMITH"},{"data":"Catalyst","floor":42.0,"key":"SMITH"},{"data":"Bullet Time","floor":46.0,"key":"SMITH"},{"data":"Backflip","floor":49.0,"key":"SMITH"},{"data":"1","floor":52,"key":"LIFT"}],"circlet_count":0,"master_deck":["Strike_G","Strike_G","Strike_G","Strike_G","Strike_G","Defend_G","Defend_G","Defend_G","Defend_G","Defend_G","Survivor","Neutralize","Crippling Poison+1","Accuracy+1","Catalyst+1","Backstab","Cloak And Dagger+1","Backflip+1","Deadly Poison","Flying Knee","Concentrate","Slice","Poisoned Stab","After Image+1","Finisher","Terror+1","Flying Knee","Flying Knee+1","Cloak And Dagger+1","Terror+1","Storm of Steel+1","Infinite Blades+1","Corpse Explosion","Deadly Poison+1","Catalyst+1","Noxious Fumes+1","Calculated Gamble+1","Regret","Caltrops+1","Accuracy+1","Bullet Time+1","Expertise","Cloak And Dagger+1","Choke","Blade Dance","Infinite Blades+1","Blade Dance+1"],"relics":["Ring of the Snake","MerchantsRug","Snake Skull","Vajra","Bronze Scales","Shuriken","Eternal Feather","Bag of Preparation","FossilizedHelix","Darkstone Periapt","Cursed Key","Ornamental Fan","Bag of Marbles","Toy Ornithopter","Frozen Egg 2","Centennial Puzzle","TwistedFunnel","Anchor","Ninja Scroll","Smiling Mask","Mummified Hand","Bottled Flame","Bottled Tornado","Girya","Orichalcum","Blood Vial"],"acts_visited":["Exordium","TheCity","TheBeyond","TheEnding"],"potions_floor_usage":[50,55],"damage_taken":[{"damage":3.0,"enemies":"2 Louse","floor":1.0,"turns":2.0},{"damage":4.0,"enemies":"Cultist","floor":2.0,"turns":3.0},{"damage":4.0,"enemies":"Small Slimes","floor":3.0,"turns":2.0},{"damage":2.0,"enemies":"3 Louse","floor":5.0,"turns":3.0},{"damage":4.0,"enemies":"Gremlin Nob","floor":7.0,"turns":3.0},{"damage":3.0,"enemies":"Red Slaver","floor":11.0,"turns":3.0},{"damage":4.0,"enemies":"2 Fungi Beasts","floor":12.0,"turns":2.0},{"damage":17.0,"enemies":"3 Sentries","floor":13.0,"turns":5.0},{"damage":20.0,"enemies":"Hexaghost","floor":16.0,"turns":5.0},{"damage":8.0,"enemies":"2 Thieves","floor":18.0,"turns":3.0},{"damage":2.0,"enemies":"3 Byrds","floor":19.0,"turns":4.0},{"damage":0.0,"enemies":"Snake Plant","floor":22.0,"turns":2.0},{"damage":19.0,"enemies":"Slavers","floor":24.0,"turns":5.0},{"damage":0.0,"enemies":"Sentry and Sphere","floor":27.0,"turns":4.0},{"damage":3.0,"enemies":"Gremlin Leader","floor":29.0,"turns":5.0},{"damage":26.0,"enemies":"Champ","floor":33.0,"turns":6.0},{"damage":0.0,"enemies":"3 Darklings","floor":35.0,"turns":2.0},{"damage":0.0,"enemies":"3 Shapes","floor":36.0,"turns":2.0},{"damage":0.0,"enemies":"Giant Head","floor":41.0,"turns":6.0},{"damage":14.0,"enemies":"Nemesis","floor":44.0,"turns":6.0},{"damage":0.0,"enemies":"Spire Growth","floor":47.0,"turns":3.0},{"damage":0.0,"enemies":"Transient","floor":48.0,"turns":5.0},{"damage":6,"enemies":"Time Eater","floor":50,"turns":5},{"damage":10,"enemies":"Shield and Spear","floor":54,"turns":3},{"damage":53,"enemies":"The Heart","floor":55,"turns":5}],"seed_played":"7722130315862949105","potions_obtained":[{"floor":3.0,"key":"Poison Potion"},{"floor":5.0,"key":"FearPotion"},{"floor":12.0,"key":"BlessingOfTheForge"},{"floor":13.0,"key":"SkillPotion"},{"floor":16.0,"key":"Swift Potion"},{"floor":18.0,"key":"SkillPotion"},{"floor":29.0,"key":"BlessingOfTheForge"},{"floor":33.0,"key":"SkillPotion"},{"floor":36.0,"key":"Strength Potion"},{"floor":38.0,"key":"FairyPotion"},{"floor":38.0,"key":"Swift Potion"},{"floor":41.0,"key":"DuplicationPotion"},{"floor":44.0,"key":"SkillPotion"}],"is_trial":false,"path_per_floor":["M","M","M","?","M","R","E","?","T","R","M","M","E","T","R","B",null,"M","M","?","?","M","R","E","?","T","M","R","E","T","$","R","B",null,"M","M","$","?","?","R","E","R","T","E","$","R","M","M","R","B",null,"R","$","E","B",null],"character_chosen":"THE_SILENT","items_purchased":["MerchantsRug","Snake Skull","Lee\u0027s Waffle","Crippling Poison","Pear","Accuracy","Vajra","Catalyst","Bronze Scales","Shuriken","Backstab","TwistedFunnel","Infinite Blades+1","Anchor","Ninja Scroll","Noxious Fumes+1","Accuracy+1","Bottled Tornado","Bullet Time","Expertise","Girya","Blade Dance","Infinite Blades+1","Orichalcum"],"campfire_rested":0,"item_purchase_floors":[0,0,0,0,0,0,0,0,0,0,0,31,31,31,37,37,45,45,45,45,45,53,53,53],"current_hp_per_floor":[84,80,76,76,74,74,70,70,70,82,79,75,58,58,70,50,87,79,77,77,83,83,93,74,74,80,80,98,95,101,101,105,94,105,105,105,105,105,117,117,117,117,123,109,109,123,123,123,123,117,123,123,123,113,67],"gold":53,"neow_bonus":"","is_daily":false,"chose_seed":false,"campfire_upgraded":9,"win_rate":0.0,"timestamp":1613796311,"path_taken":["M","M","M","?","M","R","E","?","T","R","?","M","E","?","R","BOSS","M","M","?","?","?","R","E","?","T","M","R","E","?","$","R","BOSS","M","M","$","?","?","R","E","R","T","E","$","R","M","M","R","BOSS","R","$","E","BOSS"],"items_purchased_type":["Relic","Relic","Relic","Card","Relic","Card","Relic","Card","Relic","Relic","Card","Relic","Card","Relic","Relic","Card","Card","Relic","Card","Card","Relic","Card","Card","Relic"],"build_version":"2020-12-22","purchased_purges":3,"victory":true,"max_hp_per_floor":[87,87,87,87,87,87,87,87,87,87,87,87,87,87,87,87,87,87,87,87,93,93,93,93,93,99,99,99,99,105,105,105,105,105,105,105,105,105,117,117,117,117,123,123,123,123,123,123,123,123,123,123,123,123,123],"card_choices":[{"not_picked":["Well Laid Plans","PiercingWail"],"picked":"Cloak And Dagger","floor":1.0},{"not_picked":["Underhanded Strike","Sucker Punch","Quick Slash"],"picked":"SKIP","floor":2.0},{"not_picked":["Flying Knee","Choke"],"picked":"Backflip","floor":3.0},{"not_picked":["Setup","Calculated Gamble","Quick Slash"],"picked":"SKIP","floor":3.0},{"not_picked":["Quick Slash","PiercingWail"],"picked":"Deadly Poison","floor":5.0},{"not_picked":["Tools of the Trade","Acrobatics"],"picked":"Flying Knee","floor":7.0},{"not_picked":["Outmaneuver","Acrobatics"],"picked":"Concentrate","floor":11.0},{"not_picked":["Setup","Backflip"],"picked":"Slice","floor":12.0},{"not_picked":["Prepared","Sucker Punch"],"picked":"Poisoned Stab","floor":13.0},{"not_picked":["Die Die Die","Glass Knife"],"picked":"After Image","floor":16.0},{"not_picked":["Prepared","Dagger Throw"],"picked":"Finisher","floor":18.0},{"not_picked":["Dodge and Roll+1","Outmaneuver+1"],"picked":"Terror+1","floor":19.0},{"not_picked":["Endless Agony","Setup+1"],"picked":"Flying Knee","floor":22.0},{"not_picked":["Outmaneuver","PiercingWail"],"picked":"Flying Knee+1","floor":24.0},{"not_picked":["Tactician","Outmaneuver+1"],"picked":"Terror+1","floor":27.0},{"not_picked":["Endless Agony+1","Unload"],"picked":"Storm of Steel","floor":29.0},{"not_picked":["Unload","Storm of Steel"],"picked":"Corpse Explosion","floor":33.0},{"not_picked":["Acrobatics","Outmaneuver+1"],"picked":"Deadly Poison+1","floor":35.0},{"not_picked":["Dagger Spray","Deflect"],"picked":"Catalyst","floor":36.0},{"not_picked":["Bane+1","Glass Knife"],"picked":"Calculated Gamble+1","floor":41.0},{"not_picked":["Heel Hook","Predator+1"],"picked":"Caltrops+1","floor":44.0},{"not_picked":["Deadly Poison","Dagger Spray+1"],"picked":"Cloak And Dagger+1","floor":47.0},{"not_picked":["Slice+1","Flying Knee+1"],"picked":"Choke","floor":48.0},{"not_picked":["Dagger Spray","Backflip+1"],"picked":"Blade Dance+1","floor":54}],"player_experience":114651,"relics_obtained":[{"floor":7.0,"key":"Eternal Feather"},{"floor":13.0,"key":"FossilizedHelix"},{"floor":14.0,"key":"Darkstone Periapt"},{"floor":24.0,"key":"Bag of Marbles"},{"floor":26.0,"key":"Toy Ornithopter"},{"floor":29.0,"key":"Frozen Egg 2"},{"floor":30.0,"key":"Centennial Puzzle"},{"floor":41.0,"key":"Smiling Mask"},{"floor":43.0,"key":"Mummified Hand"},{"floor":44.0,"key":"Bottled Flame"},{"floor":54,"key":"Blood Vial"}],"event_choices":[{"damage_healed":0.0,"max_hp_gain":0.0,"max_hp_loss":0.0,"gold_gain":0.0,"event_name":"Upgrade Shrine","player_choice":"Upgraded","floor":4.0,"gold_loss":0.0,"damage_taken":0.0,"cards_upgraded":["Cloak And Dagger"]},{"damage_healed":0.0,"max_hp_gain":0.0,"max_hp_loss":0.0,"gold_gain":0.0,"event_name":"Big Fish","player_choice":"Box","floor":8.0,"gold_loss":0.0,"damage_taken":0.0,"relics_obtained":["Bag of Preparation"],"cards_obtained":["Regret"]},{"cards_removed":["Regret"],"damage_healed":0.0,"max_hp_gain":0.0,"max_hp_loss":0.0,"gold_gain":0.0,"event_name":"Purifier","player_choice":"Purged","floor":20.0,"gold_loss":0.0,"damage_taken":0.0},{"damage_healed":0.0,"max_hp_gain":0.0,"max_hp_loss":0.0,"gold_gain":0.0,"event_name":"Addict","player_choice":"Stole Relic","floor":21.0,"gold_loss":0.0,"damage_taken":0.0,"relics_obtained":["Ornamental Fan"],"cards_obtained":["Shame"]},{"damage_healed":0.0,"max_hp_gain":0.0,"max_hp_loss":0.0,"gold_gain":0.0,"event_name":"The Library","player_choice":"Read","floor":25.0,"gold_loss":0.0,"damage_taken":0.0,"cards_obtained":["Cloak And Dagger"]},{"damage_healed":0.0,"max_hp_gain":0.0,"max_hp_loss":0.0,"gold_gain":0.0,"event_name":"Lab","player_choice":"Got Potions","floor":38.0,"gold_loss":0.0,"damage_taken":0.0},{"damage_healed":0.0,"max_hp_gain":0.0,"max_hp_loss":0.0,"gold_gain":999.0,"event_name":"MindBloom","player_choice":"Gold","floor":39.0,"gold_loss":0.0,"damage_taken":0.0,"cards_obtained":["Normality","Normality"]}],"is_beta":false,"boss_relics":[{"not_picked":["Busted Crown","Calling Bell"],"picked":"Cursed Key"},{"not_picked":["Velvet Choker","Pandora\u0027s Box"],"picked":"Empty Cage"}],"items_purged_floors":[31,45,53],"is_endless":false,"potions_floor_spawned":[3,12,13,16,18,29,33,36,41,44],"ascension_level":3}}