{"host":"qz0goigh82dax5l2","time":1613837146,"event":{"mods":["Act Like it!","Alarm Clock","BaseMod","Energized Spire","Hallownest","Minty Spire (QoL Compilation)","Quick Restart","Reliquary","StSLib","The Bug Knight","¡¾ÒÅÎï¿¨ÅÆ¡¿REMEMod"],"gold_per_floor":[109,126,11,11,21,21,21,32,113,132,167,177,102,115,115,213,213,225,332,382,532,546,546,546],"floor_reached":23,"language":"ZHS","playtime":2192,"items_purged":[],"score":220,"play_id":"0564d046-a6d1-4757-87b7-b36e9d6ecb9d","local_time":"20210221000546","is_ascension_mode":false,"campfire_choices":[{"floor":6,"key":"RECALL"},{"data":"HollowMod:NewJinnsSoul","floor":15,"key":"SMITH"}],"circlet_count":0,"master_deck":["HollowMod:NailStrikeStart","HollowMod:NailStrikeStart","HollowMod:NailStrikeStart","HollowMod:NailStrikeStart","HollowMod:FocusHealStart","HollowMod:PogoStrike","HollowMod:NewJinnsSoul+1","HollowMod:GoodIntentions","HollowMod:SoulShaman","Hallownest:skillSlugHide","Hallownest:skillSlugHide","Hallownest:skillSlugHide","Hallownest:skillSlugHide","Hallownest:skillSlugHide","HollowMod:DashSlash","HollowMod:HowlingWraiths","HollowMod:AwokenDreamNail","HollowMod:SoulSplash","HollowMod:CornifersMapStart","HollowMod:InfectedAttack","HollowMod:NewInfectedGuardian","HollowMod:BaldurShell+1","Shame","HollowMod:MothsMistake","HollowMod:DashSlash+1"],"relics":["HollowMod:VesselMask","REME_ComplimentaryCards","NeowsBlessing","Odd Mushroom","Hallownest:DreamNailRelic","Pear","reliquary:Stiletto","Hallownest:BankAccountRelic","energizedSpire:CursedPentagram"],"acts_visited":["Exordium","Hallownest:Greenpath"],"potions_floor_usage":[16,16,18,20],"damage_taken":[{"damage":0,"enemies":"Hallownest:monsterHuskWarrior","floor":1,"turns":1},{"damage":0,"enemies":"Hallownest:2_MossCreeps","floor":2,"turns":1},{"damage":0,"enemies":"Hallownest:2_Baldur","floor":5,"turns":1},{"damage":2,"enemies":"Hallownest:MossCreep_and_Mosskin","floor":8,"turns":8},{"damage":2,"enemies":"Hallownest:monsterMossCharger","floor":10,"turns":8},{"damage":5,"enemies":"Hallownest:eliteVengeflyKing","floor":11,"turns":5},{"damage":4,"enemies":"Hallownest:1_Ooma_and_2_Uuma","floor":12,"turns":8},{"damage":16,"enemies":"Hallownest:Wandering_and_Horned","floor":14,"turns":13},{"damage":50,"enemies":"Hallownest:BossFalseKnight","floor":16,"turns":8},{"damage":18,"enemies":"Hallownest:2_Mistakes","floor":18,"turns":8},{"damage":5,"enemies":"Hallownest:Flukemon_and_Top","floor":20,"turns":6},{"damage":4,"enemies":"Hallownest:monsterShrumalOgre","floor":22,"turns":6},{"damage":85,"enemies":"Hallownest:eliteWatcherKnight","floor":23,"turns":16}],"seed_played":"-6747123034139805190","potions_obtained":[{"floor":1,"key":"BlessingOfTheForge"},{"floor":5,"key":"PowerPotion"},{"floor":11,"key":"SpeedPotion"},{"floor":16,"key":"ColorlessPotion"},{"floor":18,"key":"SteroidPotion"},{"floor":20,"key":"Swift Potion"}],"is_trial":false,"path_per_floor":["M","M","?","?","M","R","?","M","T","M","E","M","?","M","R","B",null,"M","?","M","?","M","E"],"character_chosen":"THE_BUGKNIGHT","items_purchased":[],"campfire_rested":0,"item_purchase_floors":[],"current_hp_per_floor":[75,75,75,75,75,75,75,73,83,85,85,85,85,81,81,31,85,73,73,78,78,74,0,0],"gold":546,"neow_bonus":"THREE_ENEMY_KILL","is_daily":false,"chose_seed":false,"campfire_upgraded":1,"win_rate":0.0,"timestamp":1613837146,"path_taken":["M","M","?","?","M","R","?","M","T","?","E","M","?","M","R","BOSS","M","?","M","?","M","E"],"items_purchased_type":[],"build_version":"2020-12-22","purchased_purges":0,"victory":false,"max_hp_per_floor":[75,75,75,75,75,75,75,75,85,85,85,85,85,85,85,85,85,85,85,85,85,85,85,85],"card_choices":[{"not_picked":["HollowMod:GrimmsGift","HollowMod:SoulSplash"],"picked":"HollowMod:NewJinnsSoul","floor":1},{"not_picked":["HollowMod:SoulEater","HollowMod:VengefulVoid"],"picked":"HollowMod:GoodIntentions","floor":2},{"not_picked":["HollowMod:VengefulVoid","HollowMod:GoodIntentions"],"picked":"HollowMod:DashSlash","floor":5},{"not_picked":["HollowMod:DescendingDark","HollowMod:SharpenedShadows"],"picked":"HollowMod:HowlingWraiths","floor":8},{"not_picked":["HollowMod:TaintedHusks","HollowMod:WraithStrike"],"picked":"HollowMod:AwokenDreamNail","floor":10},{"not_picked":["HollowMod:DescendingDark","HollowMod:DesolateDive"],"picked":"HollowMod:SoulSplash","floor":11},{"not_picked":["HollowMod:DungDefenderAura","HollowMod:LifebloodCocoon"],"picked":"HollowMod:CornifersMapStart","floor":12},{"not_picked":["HollowMod:DashSlash","HollowMod:DoubleDash"],"picked":"HollowMod:InfectedAttack","floor":14},{"not_picked":["HollowMod:SlysStrikes","HollowMod:LifebloodCore"],"picked":"HollowMod:NewInfectedGuardian","floor":16},{"not_picked":["HollowMod:SharpenedNail","HollowMod:SoulSplash"],"picked":"HollowMod:BaldurShell+1","floor":18},{"not_picked":["HollowMod:CycloneSlash","HollowMod:VengefulSpirit+1"],"picked":"HollowMod:MothsMistake","floor":20},{"not_picked":["HollowMod:MonarchWings","HollowMod:GoodIntentions"],"picked":"HollowMod:DashSlash+1","floor":22}],"player_experience":76270,"relics_obtained":[{"floor":9,"key":"Pear"},{"floor":11,"key":"reliquary:Stiletto"}],"event_choices":[],"is_beta":false,"boss_relics":[{"not_picked":["Astrolabe","energizedSpire:OgreHead"],"picked":"energizedSpire:CursedPentagram"}],"items_purged_floors":[],"is_endless":false,"potions_floor_spawned":[1,5,11,14,16,18,20],"killed_by":"Hallownest:eliteWatcherKnight","ascension_level":0}}