{"host":"swphzoo6hmc78epl","time":1613794799,"event":{"mods":["BaseMod","Highlight Path","Minty Spire (QoL Compilation)","Quick Restart"],"gold_per_floor":[116,135,153,153,167,167,167,167,192,212,228,243,258,18,18,120,120,138,173,173,173,173,199,84,98,98,129,129,162,62,62,62],"floor_reached":31,"language":"ENG","playtime":1790,"items_purged":["Strike_B","Strike_B"],"score":328,"play_id":"49bd0243-fb0f-4db6-a95a-67f0e2751df7","local_time":"20210219231959","is_ascension_mode":true,"campfire_choices":[{"data":"Scrape","floor":6.0,"key":"SMITH"},{"data":"Dualcast","floor":8.0,"key":"SMITH"},{"data":"White Noise","floor":15,"key":"SMITH"}],"circlet_count":0,"master_deck":["Defend_B","Defend_B","Defend_B","Defend_B","Zap","Dualcast+1","Go for the Eyes","Scrape+1","Gash","Barrage","Cold Snap","Beam Cell","Rip and Tear","White Noise+1","Buffer","Sweeping Beam","Capacitor+1","Conserve Battery","Fusion","Defragment","Defragment","Blizzard","Creative AI","FTL+1"],"relics":["FrozenCore","Lizard Tail","FaceOfCleric","Potion Belt","Shuriken","Red Mask","Bottled Tornado","Akabeko","WingedGreaves","Bronze Scales"],"acts_visited":["TheCity"],"potions_floor_usage":[12,12,12,12,16,16,19,23,23,23,29],"damage_taken":[{"damage":1.0,"enemies":"2 Louse","floor":1.0,"turns":3.0},{"damage":5.0,"enemies":"Cultist","floor":2.0,"turns":4.0},{"damage":4.0,"enemies":"Jaw Worm","floor":3.0,"turns":3.0},{"damage":5.0,"enemies":"Red Slaver","floor":5.0,"turns":3.0},{"damage":7.0,"enemies":"3 Louse","floor":10.0,"turns":2.0},{"damage":1.0,"enemies":"Looter","floor":11.0,"turns":2.0},{"damage":0,"enemies":"Large Slime","floor":12,"turns":3},{"damage":12,"enemies":"Exordium Thugs","floor":13,"turns":2},{"damage":29,"enemies":"The Guardian","floor":16,"turns":9},{"damage":15,"enemies":"Spheric Guardian","floor":18,"turns":5},{"damage":18,"enemies":"Masked Bandits","floor":19,"turns":4},{"damage":28,"enemies":"Slavers","floor":23,"turns":11},{"damage":2,"enemies":"Shell Parasite","floor":25,"turns":5},{"damage":18,"enemies":"Gremlin Leader","floor":27,"turns":7},{"damage":13,"enemies":"Book of Stabbing","floor":29,"turns":7},{"damage":27,"enemies":"Slavers","floor":31,"turns":2}],"seed_played":"3543090943154469644","potions_obtained":[{"floor":2.0,"key":"BlessingOfTheForge"},{"floor":3.0,"key":"EntropicBrew"},{"floor":10.0,"key":"Ancient Potion"},{"floor":16,"key":"AttackPotion"},{"floor":18,"key":"ColorlessPotion"},{"floor":25,"key":"CultistPotion"},{"floor":27,"key":"ColorlessPotion"}],"is_trial":false,"path_per_floor":["M","M","M","?","M","R","?","R","T","M","M","M","M","$","R","B",null,"M","?","?","?","T","E","$","M","T","E","?","E","$","E"],"character_chosen":"DEFECT","items_purchased":["Shuriken","Defragment"],"campfire_rested":0,"item_purchase_floors":[14,24],"current_hp_per_floor":[67,62,58,58,53,53,53,53,53,47,47,48,37,37,37,9,73,59,42,42,42,42,15,15,14,14,39,39,27,27,0,0],"gold":62,"neow_bonus":"ONE_RARE_RELIC","is_daily":false,"chose_seed":false,"campfire_upgraded":3,"win_rate":0.0,"timestamp":1613794799,"path_taken":["M","M","M","?","?","R","?","R","T","M","M","M","M","$","R","BOSS","M","?","?","?","?","E","?","M","T","E","?","E","?","E"],"items_purchased_type":["Relic","Card"],"build_version":"2020-12-22","purchased_purges":2,"victory":false,"max_hp_per_floor":[68,68,68,68,68,68,68,68,68,69,70,71,72,72,72,73,73,74,75,75,75,75,76,76,77,77,78,78,79,79,79,79],"card_choices":[{"not_picked":["Chill","Undo"],"picked":"Go for the Eyes","floor":1.0},{"not_picked":["Coolheaded","Double Energy"],"picked":"Scrape","floor":2.0},{"not_picked":["Defragment","Streamline"],"picked":"Gash","floor":3.0},{"not_picked":["Reprogram","Stack"],"picked":"Barrage","floor":5.0},{"not_picked":["Coolheaded","BootSequence"],"picked":"Cold Snap","floor":10.0},{"not_picked":["Loop","Melter"],"picked":"Beam Cell","floor":11.0},{"not_picked":["Buffer","Streamline"],"picked":"Rip and Tear","floor":12},{"not_picked":["Capacitor","Compile Driver"],"picked":"White Noise","floor":13},{"not_picked":["Rainbow","Multi-Cast"],"picked":"Buffer","floor":16},{"not_picked":["Barrage","Coolheaded"],"picked":"Sweeping Beam","floor":18},{"not_picked":["Turbo","Barrage"],"picked":"Capacitor+1","floor":19},{"not_picked":["Biased Cognition","Barrage","Sweeping Beam"],"picked":"SKIP","floor":23},{"not_picked":["Lockon","Stack"],"picked":"Blizzard","floor":25},{"not_picked":["Leap+1","Go for the Eyes"],"picked":"Creative AI","floor":27},{"not_picked":["BootSequence","Barrage+1"],"picked":"FTL+1","floor":29}],"player_experience":891147,"relics_obtained":[{"floor":9.0,"key":"Potion Belt"},{"floor":19,"key":"Red Mask"},{"floor":22,"key":"Bottled Tornado"},{"floor":23,"key":"Akabeko"},{"floor":27,"key":"WingedGreaves"},{"floor":29,"key":"Bronze Scales"}],"event_choices":[{"damage_healed":0.0,"max_hp_gain":0.0,"max_hp_loss":0.0,"gold_gain":0.0,"event_name":"Match and Keep!","player_choice":"0 cards matched","floor":4.0,"gold_loss":0.0,"damage_taken":0.0,"cards_obtained":[]},{"damage_healed":0.0,"max_hp_gain":0.0,"max_hp_loss":0.0,"gold_gain":0.0,"event_name":"FaceTrader","player_choice":"Trade","floor":7.0,"gold_loss":0.0,"damage_taken":0.0,"relics_obtained":["FaceOfCleric"]},{"damage_healed":0,"gold_gain":0,"player_choice":"Fought Bandits","damage_taken":0,"max_hp_gain":0,"max_hp_loss":0,"event_name":"Masked Bandits","floor":19,"gold_loss":0},{"damage_healed":0,"gold_gain":0,"player_choice":"Read","damage_taken":0,"max_hp_gain":0,"max_hp_loss":0,"event_name":"The Library","floor":20,"gold_loss":0,"cards_obtained":["Conserve Battery"]},{"damage_healed":0,"gold_gain":0,"cards_transformed":["Strike_B","Strike_B"],"player_choice":"Became Test Subject","damage_taken":0,"max_hp_gain":0,"max_hp_loss":0,"event_name":"Drug Dealer","floor":21,"gold_loss":0,"cards_obtained":["Fusion","Defragment"]},{"damage_healed":0,"gold_gain":0,"player_choice":"Ignored","damage_taken":0,"max_hp_gain":0,"max_hp_loss":0,"event_name":"Vampires","floor":28,"gold_loss":0}],"is_beta":false,"boss_relics":[{"not_picked":["Tiny House","Ectoplasm"],"picked":"FrozenCore"}],"items_purged_floors":[24,30],"is_endless":false,"potions_floor_spawned":[2,3,10,16,18,25,27],"killed_by":"Slavers","ascension_level":3}}