{"host":"wshey5htrz8rni6u","time":1613817150,"event":{"mods":["2.2 Compatiblity","BaseMod","Block Reminder","Colored Map","Colored Powertips","Current Relic Mod","Curses Come First","Dark Map","Key Reminder","Keyboard Shortcuts","Minty Spire (QoL Compilation)","Potion Indicator Mod","Quick Restart","Random Character Button","Relic Sorter","Relic Stats","StSLib","SuperFastMode","Unceasing Turn Reminder","UnlockEverythingMod","Weighted Paths"],"gold_per_floor":[117,117,17,29,39,64,84,114,114,128,128,160,79,113,113,211,211,225,225,238,238,238,238,269,269,350,250,285,285,304,331,331,431,431,446,460,10,50,50,50,76,88,125,164,195,232,81,94,94,94,94,94,13,46,46,46],"floor_reached":55,"language":"ENG","playtime":7349,"items_purged":["Strike_P","Strike_P"],"score":908,"play_id":"cd54da35-f010-4cf4-9206-f1761f9f2b44","local_time":"20210220023230","is_ascension_mode":true,"campfire_choices":[{"floor":11,"key":"REST"},{"data":"Blasphemy","floor":15,"key":"SMITH"},{"floor":23,"key":"REST"},{"floor":25,"key":"DIG"},{"floor":29,"key":"DIG"},{"floor":32,"key":"REST"},{"floor":40,"key":"REST"},{"floor":42,"key":"REST"},{"floor":49,"key":"RECALL"},{"floor":52,"key":"DIG"}],"circlet_count":0,"master_deck":["Eruption+1","Vigilance","Alpha","TalkToTheHand","EmptyFist+1","TalkToTheHand","FlyingSleeves","Blasphemy+1","Protect","Evaluate","FollowUp+1","SashWhip","LessonLearned+1","LikeWater+1","DeusExMachina","EmptyBody+1","Wireheading","Adaptation+1","Halt","EmptyFist+1","CrushJoints+1","Wish","Conclude+1","Alpha","LessonLearned","Prostrate+1","InnerPeace","Brilliance","Evaluate+1","ThirdEye","EmptyBody+1","Evaluate+1","EmptyBody+1","Halt+1","Pray+1","Adaptation+1","Establishment+1","Wireheading+1","Wallop+1","CutThroughFate+1","Tantrum","Panacea","Nirvana","BattleHymn","FollowUp+1"],"relics":["PureWater","Pandora\u0027s Box","Orrery","Matryoshka","Question Card","MawBank","Pear","Shovel","Busted Crown","White Beast Statue","Meat on the Bone","Bottled Lightning","Vajra","Ginger","Turnip","HornCleat","Gremlin Horn","Shuriken","Sundial","Ice Cream","Singing Bowl","Blue Candle","Incense Burner"],"acts_visited":["TheCity","TheBeyond","TheEnding"],"potions_floor_usage":[14,24,28,28,28,28,28,33,33,41,41,44,46,48,50,55,55],"damage_taken":[{"damage":6,"enemies":"Small Slimes","floor":1,"turns":4},{"damage":0,"enemies":"2 Louse","floor":4,"turns":2},{"damage":0,"enemies":"Cultist","floor":5,"turns":4},{"damage":2,"enemies":"Gremlin Nob","floor":6,"turns":5},{"damage":0,"enemies":"Exordium Thugs","floor":7,"turns":5},{"damage":10,"enemies":"Lagavulin","floor":8,"turns":5},{"damage":5,"enemies":"2 Fungi Beasts","floor":10,"turns":4},{"damage":10,"enemies":"Gremlin Nob","floor":12,"turns":4},{"damage":0,"enemies":"Lagavulin","floor":14,"turns":6},{"damage":7,"enemies":"Hexaghost","floor":16,"turns":8},{"damage":0,"enemies":"Chosen","floor":18,"turns":6},{"damage":16,"enemies":"Spheric Guardian","floor":20,"turns":4},{"damage":21,"enemies":"Slavers","floor":24,"turns":7},{"damage":32,"enemies":"Gremlin Leader","floor":28,"turns":6},{"damage":7,"enemies":"Chosen and Byrds","floor":30,"turns":6},{"damage":28,"enemies":"Slavers","floor":31,"turns":7},{"damage":17,"enemies":"Champ","floor":33,"turns":11},{"damage":6,"enemies":"3 Shapes","floor":35,"turns":8},{"damage":26,"enemies":"Orb Walker","floor":36,"turns":7},{"damage":25,"enemies":"Jaw Worm Horde","floor":38,"turns":5},{"damage":35,"enemies":"Nemesis","floor":41,"turns":7},{"damage":43,"enemies":"Giant Head","floor":44,"turns":11},{"damage":26,"enemies":"Transient","floor":45,"turns":5},{"damage":7,"enemies":"Nemesis","floor":46,"turns":9},{"damage":6,"enemies":"Spire Growth","floor":48,"turns":5},{"damage":79,"enemies":"Time Eater","floor":50,"turns":11},{"damage":70,"enemies":"Shield and Spear","floor":54,"turns":9},{"damage":22,"enemies":"The Heart","floor":55,"turns":2}],"seed_played":"-4384743957905960434","potions_obtained":[{"floor":4,"key":"Fire Potion"},{"floor":5,"key":"Weak Potion"},{"floor":10,"key":"StancePotion"},{"floor":14,"key":"EntropicBrew"},{"floor":28,"key":"EssenceOfSteel"},{"floor":30,"key":"Dexterity Potion"},{"floor":31,"key":"BottledMiracle"},{"floor":33,"key":"BlessingOfTheForge"},{"floor":35,"key":"FearPotion"},{"floor":36,"key":"Ancient Potion"},{"floor":41,"key":"Block Potion"},{"floor":44,"key":"LiquidBronze"},{"floor":45,"key":"FairyPotion"},{"floor":46,"key":"Regen Potion"},{"floor":48,"key":"Fire Potion"},{"floor":54,"key":"PowerPotion"}],"is_trial":false,"path_per_floor":["M","?","$","M","M","E","M","E","T","M","R","E","$","E","R","B",null,"M","?","M","?","?","R","E","R","T","$","E","R","M","E","R","B",null,"M","M","$","M","?","R","E","R","T","E","M","E","$","M","R","B",null,"R","$","E","B"],"character_chosen":"WATCHER","items_purchased":["EmptyFist","LessonLearned","Orrery","Turnip","Tantrum","Panacea","BattleHymn"],"campfire_rested":5,"item_purchase_floors":[3,13,37,37,47,47,53],"current_hp_per_floor":[59,46,46,46,46,44,44,34,34,29,48,38,38,38,38,31,65,65,65,49,49,38,59,38,38,38,38,32,42,47,31,55,50,80,74,48,48,35,35,59,36,60,60,29,15,20,20,40,40,22,80,80,80,22,0,0],"gold":46,"neow_bonus":"THREE_RARE_CARDS","is_daily":false,"chose_seed":false,"campfire_upgraded":1,"win_rate":0.0,"timestamp":1613817150,"path_taken":["M","?","$","M","M","E","M","E","T","M","R","E","$","E","R","BOSS","M","?","M","?","?","R","E","R","T","$","E","R","M","E","R","BOSS","M","M","$","M","?","R","E","R","T","E","M","E","?","?","R","BOSS","R","$","E","BOSS"],"items_purchased_type":["Card","Card","Relic","Relic","Card","Card","Card"],"build_version":"2020-12-13","purchased_purges":2,"victory":false,"max_hp_per_floor":[65,65,65,65,65,65,65,65,65,65,65,65,65,65,65,65,65,65,65,65,65,70,70,70,70,70,70,70,80,80,80,80,80,80,80,80,80,80,80,80,80,80,80,80,80,80,80,80,80,80,80,80,80,80,80,80],"relic_stats":{"Gremlin Horn":[14,13],"Singing Bowl":0,"counters":[28,173],"Blue Candle":[0],"Ginger":[10],"Question Card":22,"MawBank":72,"Shovel":3,"Busted Crown":42,"Shuriken":[34],"Sundial":[12],"Pandora\u0027s Box":["Conclude","Alpha","LessonLearned","Prostrate","InnerPeace","Brilliance"],"Turnip":[2],"obtain_stats":[{"Ice Cream":44,"Pear":29,"Gremlin Horn":12,"Singing Bowl":46,"Blue Candle":52,"Vajra":28,"Incense Burner":54,"Ginger":31,"Question Card":14,"MawBank":41,"White Beast Statue":25,"keyreminder:keyreminder":43,"Shovel":6,"Busted Crown":17,"Matryoshka":24,"HornCleat":43,"Shuriken":8,"Sundial":9,"Orrery":37,"Pandora\u0027s Box":34,"Turnip":37,"Bottled Lightning":26,"PureWater":0,"Meat on the Bone":26},{"Ice Cream":22,"Pear":14,"Gremlin Horn":8,"Singing Bowl":24,"Blue Candle":26,"Vajra":14,"Incense Burner":27,"Ginger":16,"Question Card":9,"MawBank":21,"White Beast Statue":13,"keyreminder:keyreminder":21,"Shovel":4,"Busted Crown":10,"Matryoshka":13,"HornCleat":21,"Shuriken":6,"Sundial":6,"Orrery":19,"Pandora\u0027s Box":17,"Turnip":19,"Bottled Lightning":13,"PureWater":0,"Meat on the Bone":13},{"Ice Cream":132,"Pear":70,"Gremlin Horn":33,"Singing Bowl":146,"Blue Candle":162,"Vajra":70,"Incense Burner":171,"Ginger":83,"Question Card":39,"MawBank":121,"White Beast Statue":64,"keyreminder:keyreminder":121,"Shovel":15,"Busted Crown":47,"Matryoshka":64,"HornCleat":121,"Shuriken":25,"Sundial":25,"Orrery":109,"Pandora\u0027s Box":94,"Turnip":109,"Bottled Lightning":64,"PureWater":0,"Meat on the Bone":64}],"Meat on the Bone":144},"card_choices":[{"not_picked":["Ragnarok","SpiritShield"],"picked":"Alpha","floor":0},{"not_picked":["FlurryOfBlows","EmptyBody"],"picked":"TalkToTheHand","floor":1},{"not_picked":["Collect","Crescendo"],"picked":"TalkToTheHand","floor":4},{"not_picked":["ThirdEye","PathToVictory"],"picked":"FlyingSleeves","floor":5},{"not_picked":["ClearTheMind","Crescendo"],"picked":"Blasphemy","floor":6},{"not_picked":["FlyingSleeves","Adaptation"],"picked":"Protect","floor":7},{"not_picked":["PathToVictory","JustLucky"],"picked":"Evaluate","floor":8},{"not_picked":["CutThroughFate","PathToVictory"],"picked":"FollowUp","floor":10},{"not_picked":["Fasting2","Worship"],"picked":"SashWhip","floor":12},{"not_picked":["CutThroughFate","WheelKick"],"picked":"LikeWater","floor":14},{"not_picked":["Ragnarok","Brilliance","Establishment"],"picked":"DeusExMachina","floor":16},{"not_picked":["SashWhip"],"picked":"EmptyBody+1","floor":18},{"not_picked":["ClearTheMind"],"picked":"Adaptation","floor":20},{"not_picked":["Swivel"],"picked":"Halt","floor":24},{"not_picked":["Consecrate"],"picked":"EmptyFist","floor":28},{"not_picked":["Consecrate"],"picked":"CrushJoints","floor":30},{"not_picked":["CrushJoints","PathToVictory"],"picked":"SKIP","floor":31},{"not_picked":["MasterReality"],"picked":"Wish","floor":33},{"not_picked":["Protect+1"],"picked":"Evaluate+1","floor":35},{"not_picked":["CarveReality+1"],"picked":"ThirdEye","floor":36},{"not_picked":["FlurryOfBlows"],"picked":"EmptyBody+1","floor":37},{"not_picked":["SashWhip"],"picked":"Evaluate+1","floor":37},{"not_picked":["Protect+1"],"picked":"EmptyBody+1","floor":37},{"not_picked":["BowlingBash+1"],"picked":"Crescendo+1","floor":37},{"not_picked":["MasterReality"],"picked":"Halt+1","floor":37},{"not_picked":["SashWhip+1"],"picked":"Pray+1","floor":38},{"not_picked":["Halt+1"],"picked":"Establishment","floor":41},{"not_picked":["Wish"],"picked":"Wireheading+1","floor":44},{"not_picked":["Consecrate+1"],"picked":"Wallop+1","floor":45},{"not_picked":["EmptyFist"],"picked":"CutThroughFate","floor":46},{"not_picked":["Swivel"],"picked":"Nirvana","floor":48},{"not_picked":["WreathOfFlame+1"],"picked":"FollowUp+1","floor":54}],"player_experience":142575,"relics_obtained":[{"floor":6,"key":"Shovel"},{"floor":8,"key":"Shuriken"},{"floor":9,"key":"Sundial"},{"floor":12,"key":"Gremlin Horn"},{"floor":14,"key":"Question Card"},{"floor":24,"key":"Matryoshka"},{"floor":25,"key":"White Beast Statue"},{"floor":26,"key":"Meat on the Bone"},{"floor":26,"key":"Bottled Lightning"},{"floor":28,"key":"Vajra"},{"floor":29,"key":"Pear"},{"floor":31,"key":"Ginger"},{"floor":41,"key":"MawBank"},{"floor":43,"key":"HornCleat"},{"floor":44,"key":"Ice Cream"},{"floor":46,"key":"Singing Bowl"},{"floor":52,"key":"Blue Candle"},{"floor":54,"key":"Incense Burner"}],"event_choices":[{"damage_healed":0,"gold_gain":0,"player_choice":"Entered Light","damage_taken":13,"max_hp_gain":0,"max_hp_loss":0,"event_name":"Shining Light","floor":2,"gold_loss":0,"cards_upgraded":["Strike_P","Defend_P"]},{"damage_healed":0,"gold_gain":0,"player_choice":"Read","damage_taken":0,"max_hp_gain":0,"max_hp_loss":0,"event_name":"The Library","floor":19,"gold_loss":0,"cards_obtained":["Wireheading"]},{"damage_healed":0,"gold_gain":0,"player_choice":"Ignored","damage_taken":0,"max_hp_gain":0,"max_hp_loss":0,"event_name":"Vampires","floor":21,"gold_loss":0},{"damage_healed":0,"gold_gain":0,"player_choice":"Shed Blood","damage_taken":16,"max_hp_gain":5,"max_hp_loss":0,"event_name":"Forgotten Altar","floor":22,"gold_loss":0},{"damage_healed":0,"gold_gain":0,"cards_transformed":["Crescendo"],"player_choice":"Transformed","damage_taken":0,"max_hp_gain":0,"max_hp_loss":0,"event_name":"Transmorgrifier","floor":39,"gold_loss":0,"cards_obtained":["Adaptation"]}],"is_beta":false,"boss_relics":[{"not_picked":["Calling Bell","Velvet Choker"],"picked":"Busted Crown"},{"not_picked":["Snecko Eye","Coffee Dripper"],"picked":"Pandora\u0027s Box"}],"items_purged_floors":[3,27],"is_endless":false,"potions_floor_spawned":[4,5,10,12,14,16,20,28,30,31,33,35,36,38,41,44,45,46,48,54],"killed_by":"The Heart","ascension_level":1}}