{"host":"eaiphzh066bwqdh7","time":1613784903,"event":{"mods":["AchievementEnabler","Aspiration","BaseMod","Better Note","Colored Powertips","Halation","Highlight Path","Hubris","Infinite Spire","Minty Spire (QoL Compilation)","Quick Restart","Reliquary","Replay The Spire","StSLib"],"gold_per_floor":[110,110,47,47,66,66,100,100,176,176,196,226,226,254,254,355,355,371,387,387,387,401,401,429,429,429,429,429,454,454,15,15,111,111,128,128,128],"floor_reached":36,"language":"ENG","playtime":972,"items_purged":["Defend_P"],"score":587,"play_id":"c0547e2d-dad4-4671-a1ad-f7fadf8d333a","local_time":"20210219203503","is_ascension_mode":true,"campfire_choices":[{"data":"Prostrate","floor":6,"key":"SMITH"},{"floor":8,"key":"REST"},{"floor":10,"key":"REST"},{"data":"ForeignInfluence","floor":15,"key":"SMITH"},{"floor":25,"key":"REST"},{"floor":27,"key":"REST"},{"data":"hubris:DuctTapeCard","floor":30,"key":"SMITH"},{"data":"Dark Shackles","floor":32,"key":"SMITH"}],"circlet_count":0,"master_deck":["Strike_P","Defend_P+1","Defend_P+1","Eruption+1","Vigilance+1","Carnage+1","Prostrate+1","hubris:DuctTapeCard+2","Brilliance+1","ForeignInfluence+1","Prostrate+1","infinitespire:TheBestDefense+1","Dark Shackles+1","The Bomb","DevaForm","Prostrate+1"],"relics":["PureWater","aspiration:Nostalgia","Replay:M_SmolderingBlood","halation:KoshaPiece","Gremlin Food","hubris:DuctTape","Molten Egg 2","reliquary:QuartzCube","Ring of Chaos","reliquary:TuningFork","hubris:MysteriousPyramids","aspiration:SeaSaltIceCream","aspiration:Nostalgia","Burning Blood","reliquary:Vitrine","BargainBundle","War Paint","reliquary:Solitaire"],"acts_visited":["Exordium","TheCity","TheBeyond"],"potions_floor_usage":[16,16,16,24,24,36,36],"damage_taken":[{"damage":0,"enemies":"2 Louse","floor":1,"turns":3},{"damage":0,"enemies":"Cultist","floor":5,"turns":2},{"damage":32,"enemies":"Lagavulin","floor":7,"turns":7},{"damage":0,"enemies":"Small Slimes","floor":11,"turns":2},{"damage":0,"enemies":"Gremlin Nob","floor":12,"turns":2},{"damage":0,"enemies":"Lagavulin","floor":14,"turns":2},{"damage":49,"enemies":"Hexaghost","floor":16,"turns":6},{"damage":0,"enemies":"Spheric Guardian","floor":18,"turns":2},{"damage":0,"enemies":"Chosen","floor":19,"turns":3},{"damage":3,"enemies":"Snake Plant","floor":22,"turns":2},{"damage":24,"enemies":"Slavers","floor":24,"turns":4},{"damage":0,"enemies":"Gremlin Leader","floor":29,"turns":3},{"damage":23,"enemies":"Collector","floor":33,"turns":7},{"damage":1,"enemies":"Orb Walker","floor":35,"turns":4},{"damage":106,"enemies":"2 Orb Walkers","floor":36,"turns":5}],"seed_played":"-5311057713253010917","potions_obtained":[{"floor":11,"key":"Regen Potion"},{"floor":12,"key":"Dexterity Potion"},{"floor":14,"key":"FearPotion"},{"floor":16,"key":"Swift Potion"},{"floor":19,"key":"BottledMiracle"},{"floor":33,"key":"EssenceOfSteel"},{"floor":35,"key":"PowerPotion"}],"is_trial":false,"path_per_floor":["M","?","?","$","M","R","E","R","T","R","M","E","?","E","R","B",null,"M","M","AVR","?","M","?","E","R","T","R","?","E","R","$","R","B",null,"M","?"],"character_chosen":"WATCHER","items_purchased":["BargainBundle","War Paint","Dark Shackles","The Bomb"],"campfire_rested":4,"item_purchase_floors":[31,31,31,31],"current_hp_per_floor":[72,72,72,72,72,72,40,61,61,72,72,72,72,72,72,32,72,72,72,72,59,56,56,32,55,55,77,80,80,80,80,80,63,80,80,0,0],"gold":128,"neow_bonus":"NOSTALGIA","is_daily":false,"chose_seed":false,"campfire_upgraded":4,"win_rate":0.0,"timestamp":1613784903,"path_taken":["M","?","?","$","?","R","E","R","T","R","M","E","?","E","R","BOSS","M","M","AVR","?","M","?","E","R","T","R","?","E","R","$","R","BOSS","M","?"],"items_purchased_type":["Relic","Relic","Card","Card"],"build_version":"2020-12-22","purchased_purges":1,"victory":false,"max_hp_per_floor":[72,72,72,72,72,72,72,72,72,72,72,72,72,72,72,72,72,72,72,72,77,77,77,77,77,77,77,80,80,80,80,80,80,80,80,80,80],"card_choices":[{"not_picked":["FearNoEvil","Evaluate","CutThroughFate"],"picked":"SKIP","floor":1},{"not_picked":["Replay:ManipulateFuture","TalkToTheHand"],"picked":"Prostrate","floor":5},{"not_picked":["JustLucky","ClearTheMind","Infernal Blade"],"picked":"SKIP","floor":7},{"not_picked":["Whirlwind","ThirdEye","ClearTheMind"],"picked":"SKIP","floor":11},{"not_picked":["CutThroughFate+1","JustLucky+1"],"picked":"Brilliance+1","floor":12},{"not_picked":["Evaluate","Halt"],"picked":"Prostrate","floor":14},{"not_picked":["Establishment","MasterReality"],"picked":"Ragnarok+1","floor":16},{"not_picked":["Replay:BluntJabs+1","Weave+1","MentalFortress"],"picked":"SKIP","floor":18},{"not_picked":["FollowUp+1","Crescendo","CrushJoints+1"],"picked":"SKIP","floor":19},{"not_picked":["Replay:Battleflow","ClearTheMind","CutThroughFate+1"],"picked":"SKIP","floor":22},{"not_picked":["Replay:Anticipation","Halt","Omniscience"],"picked":"SKIP","floor":24},{"not_picked":["Replay:Battleflow","Omniscience","LessonLearned+1"],"picked":"SKIP","floor":29},{"not_picked":["Replay:AllIn","Blasphemy"],"picked":"DevaForm","floor":33},{"not_picked":["FlurryOfBlows+1","Conclude+1"],"picked":"Prostrate+1","floor":35}],"player_experience":327921,"relics_obtained":[{"floor":7,"key":"Gremlin Food"},{"floor":9,"key":"hubris:DuctTape"},{"floor":12,"key":"Molten Egg 2"},{"floor":14,"key":"reliquary:QuartzCube"},{"floor":24,"key":"hubris:MysteriousPyramids"},{"floor":26,"key":"aspiration:SeaSaltIceCream"},{"floor":29,"key":"reliquary:Vitrine"}],"event_choices":[{"damage_healed":0,"gold_gain":0,"player_choice":"Paid Gold","damage_taken":0,"relics_obtained":["halation:KoshaPiece"],"max_hp_gain":0,"max_hp_loss":0,"event_name":"WeMeetAgain","floor":3,"gold_loss":63},{"damage_healed":0,"gold_gain":0,"cards_transformed":["Defend_P"],"player_choice":"Transformed","damage_taken":0,"max_hp_gain":0,"max_hp_loss":0,"event_name":"Transmorgrifier","floor":13,"gold_loss":0,"cards_obtained":["ForeignInfluence"]},{"damage_healed":0,"gold_gain":0,"player_choice":"Shed Blood","damage_taken":18,"max_hp_gain":5,"max_hp_loss":0,"event_name":"Forgotten Altar","floor":21,"gold_loss":0},{"damage_healed":0,"gold_gain":0,"player_choice":"Ignored","damage_taken":0,"max_hp_gain":0,"max_hp_loss":0,"event_name":"Ghosts","floor":23,"gold_loss":0},{"damage_healed":0,"gold_gain":0,"player_choice":"Fight","damage_taken":0,"max_hp_gain":0,"max_hp_loss":0,"event_name":"Mysterious Sphere","floor":36,"gold_loss":0}],"is_beta":false,"boss_relics":[{"not_picked":["Replay:Ancient Bell","halation:Yufonium"],"picked":"Ring of Chaos"},{"not_picked":["HolyWater","Busted Crown"],"picked":"reliquary:Solitaire"}],"items_purged_floors":[20],"is_endless":false,"potions_floor_spawned":[11,12,14,16,19,33,35],"killed_by":"2 Orb Walkers","ascension_level":4}}