{"host":"i0m6ffz3lpe3z1ky","time":1613854122,"event":{"mods":["Aspiration","BaseMod","Bestiary","BetterRewards","Colored Map","Conspire","Energized Spire","Highlight Path","Hubris","Ironclad Rager","Minty Spire (QoL Compilation)","Quick Restart","Reliquary","Shop Mod","Spicy Shops","StSLib","Thieving Mod"],"gold_per_floor":[119,119,66,82,94,123,103,128,154,187,187,187,203,221,221,316,316,331,345,362,382,382,382,399,399,423,423,423,456,456,482,482,581,581,591,115,128,54,74,108,108,136,185,210,210,241,241,256,256,256,256,256,155,186,186],"floor_reached":56,"language":"KOR","playtime":2529,"items_purged":[],"score":2460,"play_id":"567a558f-bbf7-4c95-955d-6a65bc149569","local_time":"20210221054842","is_ascension_mode":true,"campfire_choices":[{"data":"Spot Weakness","floor":11.0,"key":"SMITH"},{"floor":15.0,"key":"RECALL"},{"data":"Limit Break","floor":23.0,"key":"SMITH"},{"data":"Shrug It Off","floor":25.0,"key":"SMITH"},{"data":"conspire:Purge","floor":30.0,"key":"SMITH"},{"data":"Defend_R","floor":32.0,"key":"SMITH"},{"data":"Defend_R","floor":41.0,"key":"SMITH"},{"data":"Barricade","floor":47.0,"key":"SMITH"},{"floor":49.0,"key":"REST"}],"circlet_count":0,"master_deck":["AscendersBane","Defend_R+1","Defend_R+1","Pommel Strike+1","Body Slam+1","Shrug It Off+1","Spot Weakness+1","Sword Boomerang+1","Heavy Blade+1","Limit Break+1","Shrug It Off+1","Feed+1","Limit Break+1","conspire:Purge+1","hubris:StunningStrike+1","Heavy Blade+1","Barricade+1","Reaper+1","Shrug It Off","Finesse"],"relics":["Burning Blood","hubris:SphereOfDissonance","Bag of Marbles","reliquary:PorcupineQuills","Molten Egg 2","HornCleat","hubris:EmptyBottle","Juzu Bracelet","hubris:IronBody","reliquary:WeakTea","Pantograph","Incense Burner","reliquary:Knoch","reliquary:HotPoker","Bronze Scales","reliquary:RustamsPendant","Nloth\u0027s Gift","reliquary:PartyBalloon","Singing Bowl","Question Card","reliquary:Ember","aspiration:FrozenJewel","Sling","reliquary:CitrusReamer","Frozen Eye","Charon\u0027s Ashes","hubris:MysteriousPyramids","Art of War","Unceasing Top","hubris:Towel","conspire:DeflatedDodgeball","aspiration:Nostalgia","PureWater","reliquary:Tamtam","reliquary:Spinner","aspiration:Lifesprig","reliquary:PrincelyHelmet"],"acts_visited":["Exordium","TheCity","TheBeyond","TheEnding"],"potions_floor_usage":[50,50,50,53,53,55,55,55,55],"damage_taken":[{"damage":0.0,"enemies":"2 Louse","floor":1.0,"turns":3.0},{"damage":2.0,"enemies":"Jaw Worm","floor":4.0,"turns":2.0},{"damage":0.0,"enemies":"Cultist","floor":5.0,"turns":2.0},{"damage":0.0,"enemies":"Lagavulin","floor":6.0,"turns":3.0},{"damage":0.0,"enemies":"3 Sentries","floor":8.0,"turns":3.0},{"damage":0.0,"enemies":"Lagavulin","floor":10.0,"turns":2.0},{"damage":0.0,"enemies":"Blue Slaver","floor":13.0,"turns":2.0},{"damage":5.0,"enemies":"Lots of Slimes","floor":14.0,"turns":3.0},{"damage":18.0,"enemies":"Hexaghost","floor":16.0,"turns":6.0},{"damage":6.0,"enemies":"2 Thieves","floor":18.0,"turns":2.0},{"damage":0.0,"enemies":"Spheric Guardian","floor":19.0,"turns":4.0},{"damage":0.0,"enemies":"Snake Plant","floor":20.0,"turns":2.0},{"damage":0.0,"enemies":"Cultist and Chosen","floor":21.0,"turns":4.0},{"damage":30.0,"enemies":"Snecko","floor":24.0,"turns":4.0},{"damage":0.0,"enemies":"Slavers","floor":29.0,"turns":4.0},{"damage":9.0,"enemies":"Gremlin Leader","floor":31.0,"turns":8.0},{"damage":45.0,"enemies":"Automaton","floor":33.0,"turns":9.0},{"damage":22.0,"enemies":"3 Darklings","floor":35.0,"turns":2.0},{"damage":5.0,"enemies":"3 Shapes","floor":37.0,"turns":5.0},{"damage":14.0,"enemies":"Jaw Worm Horde","floor":39.0,"turns":5.0},{"damage":47.0,"enemies":"Giant Head","floor":40.0,"turns":7.0},{"damage":37.0,"enemies":"Nemesis","floor":42.0,"turns":6.0},{"damage":9.0,"enemies":"Giant Head","floor":44.0,"turns":8.0},{"damage":4.0,"enemies":"Nemesis","floor":46.0,"turns":8.0},{"damage":8.0,"enemies":"3 Darklings","floor":48.0,"turns":7.0},{"damage":20,"enemies":"Awakened One","floor":50,"turns":9},{"damage":11,"enemies":"Shield and Spear","floor":54,"turns":6},{"damage":51,"enemies":"The Heart","floor":55,"turns":7}],"seed_played":"-7514647953486257602","potions_obtained":[{"floor":4.0,"key":"Block Potion"},{"floor":5.0,"key":"LiquidMemories"},{"floor":7.0,"key":"LiquidMemories"},{"floor":10.0,"key":"PowerPotion"},{"floor":14.0,"key":"AttackPotion"},{"floor":19.0,"key":"ColorlessPotion"},{"floor":21.0,"key":"Fire Potion"},{"floor":29.0,"key":"ColorlessPotion"},{"floor":42.0,"key":"Fire Potion"},{"floor":46.0,"key":"Block Potion"}],"is_trial":false,"path_per_floor":["M","?","$","M","M","E","?","E","T","E","R","?","M","M","R","B",null,"M","M","M","M","?","R","M","R","T","?","T","E","R","E","R","B",null,"M","$","M","$","M","E","R","E","T","E","?","E","R","M","R","B",null,"R","$","E","B",null],"character_chosen":"IRONCLAD","items_purchased":["hubris:SphereOfDissonance","Bag of Marbles","reliquary:PorcupineQuills","Molten Egg 2","HornCleat","Cleave+1","hubris:EmptyBottle","Juzu Bracelet","PreservedInsect","hubris:IronBody","reliquary:WeakTea","Pommel Strike+1","Shrug It Off","aspiration:FrozenJewel","Sling","reliquary:CitrusReamer","Frozen Eye","ThievingMod:ThievingPotion"],"campfire_rested":1,"item_purchase_floors":[0,0,0,0,0,0,0,0,0,0,0,0,3,36,36,36,38,53],"current_hp_per_floor":[30,33,33,37,43,49,52,58,58,64,64,60,66,67,67,68,77,77,80,80,84,84,84,60,60,60,63,66,76,76,79,79,59,88,78,78,83,83,81,42,42,15,15,14,17,23,23,74,112,132,132,132,132,133,142],"gold":186,"neow_bonus":"","is_daily":false,"chose_seed":false,"campfire_upgraded":7,"win_rate":0.0,"timestamp":1613854122,"path_taken":["M","?","$","M","M","E","?","E","T","E","R","?","M","M","R","BOSS","M","M","M","M","?","R","M","R","T","?","?","E","R","E","R","BOSS","M","$","M","$","M","E","R","E","T","E","?","E","R","M","R","BOSS","R","$","E","BOSS"],"items_purchased_type":["Relic","Relic","Relic","Relic","Relic","Card","Relic","Relic","Relic","Relic","Relic","Card","Card","Relic","Relic","Relic","Relic","Potion"],"build_version":"2020-12-22","purchased_purges":0,"victory":true,"max_hp_per_floor":[80,80,80,80,80,80,80,80,80,80,80,80,80,80,80,80,80,80,80,80,84,84,84,84,84,84,84,84,88,88,94,94,98,98,104,104,108,108,114,116,116,120,120,122,122,126,126,128,128,132,132,132,132,138,142],"card_choices":[{"not_picked":["Perfected Strike+1","Anger+1"],"picked":"Body Slam+1","floor":1.0},{"not_picked":["Dual Wield","Second Wind","Combust"],"picked":"SKIP","floor":4.0},{"not_picked":["Feel No Pain","Blood for Blood+1","Combust"],"picked":"SKIP","floor":5.0},{"not_picked":["Anger+1","Heavy Blade+1","Havoc"],"picked":"SKIP","floor":6.0},{"not_picked":["Fire Breathing","Warcry","Intimidate"],"picked":"SKIP","floor":8.0},{"not_picked":["Juggernaut","Dropkick+1"],"picked":"Spot Weakness","floor":10.0},{"not_picked":["Sentinel","Anger+1"],"picked":"Sword Boomerang+1","floor":13.0},{"not_picked":["Pommel Strike+1","Uppercut+1"],"picked":"Heavy Blade+1","floor":14.0},{"not_picked":["Bludgeon+1","Immolate+1"],"picked":"Limit Break","floor":16.0},{"not_picked":["Headbutt+1","Armaments"],"picked":"Shrug It Off+1","floor":18.0},{"not_picked":["Thunderclap+1","Bloodletting"],"picked":"Feed+1","floor":19.0},{"not_picked":["Sword Boomerang+1","hubris:ReadiedAction","Searing Blow+1"],"picked":"SKIP","floor":20.0},{"not_picked":["hubris:ReadiedAction","Cleave+1"],"picked":"Twin Strike+1","floor":21.0},{"not_picked":["Perfected Strike+1","Burning Pact","Clash+1"],"picked":"SKIP","floor":24.0},{"not_picked":["Immolate+1","Headbutt+1"],"picked":"conspire:Purge","floor":29.0},{"not_picked":["Shrug It Off","Limit Break","conspire:HitWhereItHurts+1"],"picked":"Singing Bowl","floor":31.0},{"not_picked":["Offering","Brutality","Reaper+1"],"picked":"hubris:StunningStrike+1","floor":33.0},{"not_picked":["conspire:ExplosiveBarrier","Warcry+1","Metallicize+1","Cleave+1"],"picked":"Singing Bowl","floor":35.0},{"not_picked":["Headbutt+1","Dual Wield","Perfected Strike+1"],"picked":"Heavy Blade+1","floor":37.0},{"not_picked":["Thunderclap+1","hubris:ReadiedAction","Havoc","Exhume"],"picked":"Singing Bowl","floor":39.0},{"not_picked":["Berserk","hubris:StunningStrike+1","Combust+1","Brutality"],"picked":"Singing Bowl","floor":40.0},{"not_picked":["Anger+1","Burning Pact","Heavy Blade+1"],"picked":"Barricade","floor":42.0},{"not_picked":["Offering","Twin Strike+1","Clash+1","Sword Boomerang+1"],"picked":"Singing Bowl","floor":44.0},{"not_picked":["conspire:Purge","Sword Boomerang+1","Barricade"],"picked":"Reaper+1","floor":46.0},{"not_picked":["Blood for Blood+1","Ghostly Armor","Clash+1","Barricade"],"picked":"Singing Bowl","floor":48.0},{"not_picked":["conspire:Purge","Carnage+1","Berserk","Cleave+1"],"picked":"Singing Bowl","floor":54}],"player_experience":419100,"relics_obtained":[{"floor":6.0,"key":"Pantograph"},{"floor":8.0,"key":"Incense Burner"},{"floor":9.0,"key":"reliquary:Knoch"},{"floor":10.0,"key":"reliquary:HotPoker"},{"floor":28.0,"key":"reliquary:PartyBalloon"},{"floor":29.0,"key":"Singing Bowl"},{"floor":31.0,"key":"Question Card"},{"floor":40.0,"key":"Charon\u0027s Ashes"},{"floor":42.0,"key":"hubris:MysteriousPyramids"},{"floor":43.0,"key":"Art of War"},{"floor":44.0,"key":"Unceasing Top"},{"floor":46.0,"key":"conspire:DeflatedDodgeball"},{"floor":54,"key":"reliquary:PrincelyHelmet"}],"event_choices":[{"damage_healed":0.0,"max_hp_gain":0.0,"max_hp_loss":0.0,"gold_gain":0.0,"event_name":"The Woman in Blue","player_choice":"Bought 1 Potion","floor":7.0,"gold_loss":0.0,"damage_taken":0.0},{"damage_healed":0.0,"max_hp_gain":0.0,"max_hp_loss":0.0,"gold_gain":0.0,"event_name":"Scrap Ooze","player_choice":"Success","floor":12.0,"gold_loss":0.0,"damage_taken":7.0,"relics_obtained":["Bronze Scales"]},{"damage_healed":0.0,"max_hp_gain":0.0,"max_hp_loss":0.0,"gold_gain":0.0,"event_name":"N\u0027loth","player_choice":"Traded Relic","floor":22.0,"relics_lost":["PreservedInsect"],"gold_loss":0.0,"damage_taken":0.0,"relics_obtained":["Nloth\u0027s Gift"]},{"damage_healed":0.0,"max_hp_gain":0.0,"max_hp_loss":0.0,"gold_gain":0.0,"event_name":"Duplicator","player_choice":"Copied","floor":27.0,"gold_loss":0.0,"damage_taken":0.0,"cards_obtained":["Limit Break"]}],"is_beta":false,"boss_relics":[{"not_picked":["aspiration:RunicSpoon","hubris:ScarierMask"],"picked":"reliquary:RustamsPendant"},{"not_picked":["energizedSpire:NeverEndingSparkler","conspire:RoyalGoblet"],"picked":"reliquary:Ember"}],"items_purged_floors":[],"is_endless":false,"potions_floor_spawned":[4,5,10,14,19,21,24,29,37,42,46],"ascension_level":10}}