{"host":"0ueeacaatm8t6jyh","time":1613804993,"event":{"mods":["AchievementEnabler","BaseMod","Colored Powertips","Minty Spire (QoL Compilation)","Quick Restart","Rare Cards Sparkle","Shop Mod","StSLib"],"gold_per_floor":[114,114,114,39,49,74,74,85,85,103,118,118,152,166,166,243,293,313,326,326,326,381,381,381],"floor_reached":23,"language":"ZHS","playtime":799,"items_purged":["Regret"],"score":372,"play_id":"274248e1-db34-4d30-83de-15d332af767f","local_time":"20210220150953","is_ascension_mode":true,"campfire_choices":[{"data":"Neutralize","floor":7.0,"key":"SMITH"},{"data":"Deadly Poison","floor":12.0,"key":"SMITH"},{"data":"Acrobatics","floor":15.0,"key":"SMITH"}],"circlet_count":0,"master_deck":["AscendersBane","Strike_G","Strike_G","Strike_G","Defend_G","Defend_G","Defend_G","Defend_G","Survivor","Neutralize+1","Deadly Poison+1","PiercingWail","Acrobatics+1","Backflip","A Thousand Cuts+1","Prepared","Acrobatics"],"relics":["Ring of the Snake","Pocketwatch","Bird Faced Urn","Meat on the Bone","Sundial","Tiny House","Happy Flower"],"acts_visited":["Exordium","TheCity"],"potions_floor_usage":[],"damage_taken":[{"damage":0.0,"enemies":"2 Louse","floor":1.0,"turns":4.0},{"damage":0.0,"enemies":"Small Slimes","floor":5.0,"turns":4.0},{"damage":27.0,"enemies":"Lagavulin","floor":6.0,"turns":7.0},{"damage":0.0,"enemies":"Cultist","floor":8.0,"turns":4.0},{"damage":1.0,"enemies":"Gremlin Gang","floor":10.0,"turns":4.0},{"damage":4.0,"enemies":"Large Slime","floor":11.0,"turns":7.0},{"damage":21.0,"enemies":"Gremlin Nob","floor":13.0,"turns":4.0},{"damage":10.0,"enemies":"2 Fungi Beasts","floor":14.0,"turns":4.0},{"damage":9.0,"enemies":"Hexaghost","floor":16.0,"turns":9.0},{"damage":14.0,"enemies":"2 Thieves","floor":18.0,"turns":3.0},{"damage":21.0,"enemies":"Shell Parasite","floor":19.0,"turns":6.0},{"damage":27,"enemies":"Gremlin Leader","floor":23,"turns":2}],"seed_played":"7788361132409067036","potions_obtained":[{"floor":6.0,"key":"Explosive Potion"},{"floor":8.0,"key":"Strength Potion"},{"floor":11.0,"key":"DuplicationPotion"},{"floor":14.0,"key":"LiquidBronze"},{"floor":17.0,"key":"DuplicationPotion"},{"floor":18.0,"key":"SteroidPotion"}],"is_trial":false,"path_per_floor":["M","?","?","$","M","E","R","M","T","M","M","R","E","M","R","B",null,"M","M","?","?","T","E"],"character_chosen":"THE_SILENT","items_purchased":[],"campfire_rested":0,"item_purchase_floors":[],"current_hp_per_floor":[59,59,59,59,59,32,32,32,32,31,39,39,30,32,32,35,59,49,42,42,24,24,0,0],"gold":381,"neow_bonus":"REMOVE_TWO","is_daily":false,"chose_seed":false,"campfire_upgraded":3,"win_rate":0.0,"timestamp":1613804993,"path_taken":["M","?","?","$","M","E","R","M","T","?","?","R","E","M","R","BOSS","M","M","?","?","?","E"],"items_purchased_type":[],"build_version":"2020-12-22","purchased_purges":1,"victory":false,"max_hp_per_floor":[60,60,60,60,60,60,60,60,60,60,60,60,60,60,60,60,65,65,65,65,70,70,70,70],"card_choices":[{"not_picked":["Dodge and Roll","Leg Sweep","Setup"],"picked":"SKIP","floor":1.0},{"not_picked":["Poisoned Stab","All Out Attack","Quick Slash"],"picked":"SKIP","floor":5.0},{"not_picked":["Leg Sweep","Deadly Poison","Sucker Punch"],"picked":"SKIP","floor":6.0},{"not_picked":["Distraction","Dash"],"picked":"PiercingWail","floor":8.0},{"not_picked":["Expertise","Slice"],"picked":"Acrobatics","floor":10.0},{"not_picked":["Dagger Spray","Choke","Underhanded Strike"],"picked":"SKIP","floor":11.0},{"not_picked":["Well Laid Plans","Deadly Poison"],"picked":"Backflip","floor":13.0},{"not_picked":["Leg Sweep","All Out Attack","Accuracy"],"picked":"SKIP","floor":14.0},{"not_picked":["Die Die Die","After Image"],"picked":"A Thousand Cuts","floor":16.0},{"not_picked":["Bouncing Flask","Terror"],"picked":"Prepared","floor":17.0},{"not_picked":["Underhanded Strike","Sucker Punch","Choke"],"picked":"SKIP","floor":18.0},{"not_picked":["Quick Slash","Infinite Blades"],"picked":"Acrobatics","floor":19.0}],"player_experience":561708,"relics_obtained":[{"floor":6.0,"key":"Bird Faced Urn"},{"floor":9.0,"key":"Meat on the Bone"},{"floor":13.0,"key":"Sundial"},{"floor":22.0,"key":"Happy Flower"}],"event_choices":[{"damage_healed":0.0,"max_hp_gain":0.0,"max_hp_loss":0.0,"gold_gain":0.0,"event_name":"Big Fish","player_choice":"Box","floor":2.0,"gold_loss":0.0,"damage_taken":0.0,"relics_obtained":["Pocketwatch"],"cards_obtained":["Regret"]},{"damage_healed":0.0,"max_hp_gain":0.0,"max_hp_loss":0.0,"gold_gain":0.0,"cards_transformed":["Strike_G"],"event_name":"Transmorgrifier","player_choice":"Transformed","floor":3.0,"gold_loss":0.0,"damage_taken":0.0,"cards_obtained":["Deadly Poison"]},{"damage_healed":0.0,"max_hp_gain":0.0,"max_hp_loss":0.0,"gold_gain":0.0,"event_name":"Vampires","player_choice":"Ignored","floor":20.0,"gold_loss":0.0,"damage_taken":0.0},{"damage_healed":0.0,"max_hp_gain":5.0,"max_hp_loss":0.0,"gold_gain":0.0,"event_name":"Forgotten Altar","player_choice":"Shed Blood","floor":21.0,"gold_loss":0.0,"damage_taken":23.0}],"is_beta":false,"boss_relics":[{"not_picked":["Ectoplasm","Sozu"],"picked":"Tiny House"}],"items_purged_floors":[4],"is_endless":false,"potions_floor_spawned":[6,8,11,14,18],"killed_by":"Gremlin Leader","ascension_level":17}}