{"host":"pszcj3piwl6eu8b1","time":1613781862,"event":{"mods":["2.2 Compatiblity","Act Like it!","Aspiration","BaseMod","Better Altar","Better Match","Better Note","Better Sensory Stone","Better Skull","Better Third Choice","Better Vampires","CCEM2","Downfall","Elementarium","Energized Spire","Gensokyo","GifTheSpireLib","Hallownest","Hubris","Marisa????????","Menagerie","Minty Spire (QoL Compilation)","Permanent Neow","Quarter Circle Forward PUNCH!","Quick Restart","Replay The Spire","Ruina","Shop Mod","StSLib","Stuff the Spire","The Animator","The Blue Laboratory"],"gold_per_floor":[362,362,230,230,261,294,309,41,67,111,157,170,185,225,225,298,298,310,310,338,338,338,338,338,368,449,469,483,433,91,103,103,178,178,197,197,197,213,153,153,153],"floor_reached":40,"language":"ENG","playtime":5097,"items_purged":["animator:Defend","animator:Strike"],"score":828,"play_id":"c12f85d4-5cb0-4a6f-9e1c-7ff105d1153f","local_time":"20210219164422","is_ascension_mode":true,"campfire_choices":[{"data":"animator:MetalKnight","floor":15.0,"key":"SMITH"},{"data":"Gensokyo:LittleGreenMen","floor":23.0,"key":"SMITH"},{"floor":32.0,"key":"REST"}],"circlet_count":0,"master_deck":["AscendersBane","animator:Strike_OnePunchMan","animator:Strike","animator:Strike","animator:Defend","animator:Genos","animator:MumenRider","animator:TukaLunaMarceau","animator:MetalKnight+1","animator:Boros","animator:Geryuganshoop","animator:Sonic","animator:Mikaela+1","animator:YuiTsuruno","animator:Fredrika","Gensokyo:LittleGreenMen+1","animator:Shizu","animator:Shinoa","animator:MumenRider","Gensokyo:ShootingStar","animator:Eris","Gensokyo:CustomPotion"],"relics":["animator:LivingPicture","StuffTheSpire:OccultApparatus","animator:PurgingStone","hubris:Icosahedron","Akabeko","Lee\u0027s Waffle","StuffTheSpire:HeavyRock","animator:ShionDessert","Pet Ghost","Gensokyo:RedStar","Du-Vu Doll","CCEMRelics:BundleOfDynamite","Nunchaku","hubris:Stopwatch","Gensokyo:DualWield"],"acts_visited":["Exordium","Gensokyo:Gensokyoer","Gensokyo:Gensokyoest"],"potions_floor_usage":[],"damage_taken":[{"damage":12.0,"enemies":"2 Louse","floor":1.0,"turns":3.0},{"damage":4.0,"enemies":"Jaw Worm","floor":5.0,"turns":2.0},{"damage":5.0,"enemies":"Gremlin Nob","floor":6.0,"turns":3.0},{"damage":0.0,"enemies":"Cultist","floor":7.0,"turns":3.0},{"damage":12.0,"enemies":"Lagavulin","floor":10.0,"turns":4.0},{"damage":0.0,"enemies":"2 Fungi Beasts","floor":12.0,"turns":2.0},{"damage":0.0,"enemies":"Exordium Wildlife","floor":13.0,"turns":2.0},{"damage":3.0,"enemies":"Gremlin Nob","floor":14.0,"turns":3.0},{"damage":18.0,"enemies":"Slime Boss","floor":16.0,"turns":6.0},{"damage":3.0,"enemies":"Gensokyo:CosmicMonolith","floor":18.0,"turns":2.0},{"damage":2.0,"enemies":"Gensokyo:AngelMirror","floor":20.0,"turns":2.0},{"damage":17.0,"enemies":"Gensokyo:Koishi","floor":25.0,"turns":6.0},{"damage":8.0,"enemies":"Gensokyo:Monolith_and_Dog","floor":27.0,"turns":3.0},{"damage":33.0,"enemies":"Gensokyo:Slime_Group","floor":28.0,"turns":4.0},{"damage":12.0,"enemies":"Gensokyo:Wraith","floor":31.0,"turns":3.0},{"damage":20.0,"enemies":"Gensokyo:Eternal_Rivals","floor":33.0,"turns":7.0},{"damage":5.0,"enemies":"Gensokyo:3_Bats","floor":35.0,"turns":3.0},{"damage":28.0,"enemies":"Gensokyo:AncientGuardian","floor":38.0,"turns":5.0},{"damage":59,"enemies":"Gensokyo:Marisa","floor":40,"turns":3}],"seed_played":"4075534619642551432","potions_obtained":[{"floor":5.0,"key":"ColorlessPotion"},{"floor":6.0,"key":"Energy Potion"},{"floor":10.0,"key":"blueLaboratory:BubblePotion"},{"floor":16.0,"key":"blueLaboratory:BottleOfVodka"},{"floor":20.0,"key":"blueLaboratory:HorrorPotion"},{"floor":27.0,"key":"LiquidBronze"},{"floor":31.0,"key":"Dexterity Potion"},{"floor":33.0,"key":"FearPotion"}],"is_trial":false,"path_per_floor":["M","?","$","?","M","E","M","$","T","E","?","M","M","E","R","B",null,"M","?","M","?","?","R","?","E","T","M","M","?","$","M","R","B",null,"M","?","?","M","?","E"],"character_chosen":"THE_ANIMATOR","items_purchased":["blueLaboratory:FruitPunch","Lee\u0027s Waffle","CCEMRelics:BundleOfDynamite","Nunchaku"],"campfire_rested":1,"item_purchase_floors":[3,8,30,30],"current_hp_per_floor":[27,20,20,20,18,13,14,70,70,61,61,61,62,62,62,50,66,63,63,61,61,61,61,61,49,49,42,12,19,19,7,28,49,66,67,67,67,42,42,0,0],"gold":153,"neow_bonus":"TWO_FIFTY_GOLD","is_daily":false,"chose_seed":false,"campfire_upgraded":2,"win_rate":0.0,"timestamp":1613781862,"path_taken":["M","?","$","?","M","E","M","?","T","E","?","M","?","E","R","BOSS","M","?","M","?","?","R","?","E","T","M","M","?","?","M","R","BOSS","M","?","?","M","?","E"],"items_purchased_type":["Potion","Relic","Relic","Relic"],"build_version":"2020-12-22","purchased_purges":2,"victory":false,"max_hp_per_floor":[60,60,60,60,62,62,63,70,70,70,70,70,71,71,71,71,71,71,71,71,71,63,63,63,63,63,64,64,71,71,71,71,71,71,71,71,71,71,71,71,71],"card_choices":[{"not_picked":["animator:Jibril","animator:Alexander"],"picked":"animator:TukaLunaMarceau","floor":1.0},{"not_picked":["animator:Yuuichirou","animator:Mikaela"],"picked":"animator:MetalKnight","floor":5.0},{"not_picked":["animator:Yuuichirou","animator:IrohaTamaki","animator:LeleiLaLalena"],"picked":"SKIP","floor":6.0},{"not_picked":["animator:SilverFang","animator:MumenRider"],"picked":"animator:Boros","floor":7.0},{"not_picked":["animator:CowGirl","animator:Darkness"],"picked":"animator:Geryuganshoop","floor":10.0},{"not_picked":["animator:Souei","animator:SuzuneAmano","animator:Alexander"],"picked":"SKIP","floor":12.0},{"not_picked":["animator:Geryuganshoop","animator:Kuribayashi"],"picked":"animator:Sonic","floor":13.0},{"not_picked":["animator:KrulTepes","animator:Shinoa"],"picked":"animator:Mikaela","floor":14.0},{"not_picked":["animator:Assassin","animator:ZankiKiguchi"],"picked":"animator:YuiTsuruno","floor":18.0},{"not_picked":["animator:ZankiKiguchi","animator:Shichika+1"],"picked":"animator:Fredrika","floor":20.0},{"not_picked":["Gensokyo:Kunekune","Gensokyo:SlitMouthedWoman"],"picked":"Gensokyo:LittleGreenMen","floor":22.0},{"not_picked":["animator:Shigure","animator:Fredrika"],"picked":"animator:Shizu","floor":25.0},{"not_picked":["animator:IrohaTamaki","animator:YachiyoNanami"],"picked":"animator:Shinoa","floor":27.0},{"not_picked":["animator:YuiTsuruno","animator:SuzuneAmano"],"picked":"animator:MumenRider","floor":28.0},{"not_picked":["animator:Gillette","animator:Kuribayashi","animator:NagisaMomoe"],"picked":"SKIP","floor":31.0},{"not_picked":[],"picked":"Gensokyo:ShootingStar","floor":33.0},{"not_picked":["animator:Gilgamesh","animator:FeridBathory"],"picked":"animator:Eris","floor":33.0},{"not_picked":["animator:HighElfArcher","animator:YuiTsuruno+1","animator:YaoHaDucy"],"picked":"SKIP","floor":35.0},{"not_picked":["animator:HighElfArcher","animator:YuiTsuruno+1","animator:YaoHaDucy"],"picked":"SKIP","floor":35.0},{"not_picked":["animator:Hakurou","animator:Souei+1","animator:Shuna"],"picked":"SKIP","floor":38.0}],"player_experience":1434972,"relics_obtained":[{"floor":6.0,"key":"Akabeko"},{"floor":9.0,"key":"StuffTheSpire:HeavyRock"},{"floor":10.0,"key":"animator:ShionDessert"},{"floor":14.0,"key":"Pet Ghost"},{"floor":25.0,"key":"Du-Vu Doll"}],"event_choices":[{"cards_removed":["animator:Defend"],"damage_healed":0.0,"max_hp_gain":0.0,"max_hp_loss":0.0,"gold_gain":0.0,"event_name":"Golden Wing","player_choice":"Card Removal","floor":2.0,"gold_loss":0.0,"damage_taken":7.0}],"is_beta":false,"boss_relics":[{"not_picked":["Cursed Key","Replay:Wanted Poster","energizedSpire:CursedPentagram"]},{"not_picked":["Velvet Choker","CCEMRelics:GreenEgg"],"picked":"hubris:Stopwatch"}],"items_purged_floors":[3,8],"is_endless":false,"potions_floor_spawned":[5,6,10,13,16,20,25,27,31,33],"killed_by":"Gensokyo:Marisa","ascension_level":20}}