{"host":"xsfbp1yx1f2ea5z7","time":1613827882,"event":{"mods":["100% Spire Juice","AchievementEnabler","Act Like it!","Bard","BaseMod","Beaked The Cultist","Better Altar","Better Match","Better Note","Better Sensory Stone","Better Skull","Better Third Choice","BetterRewards","Block Reminder","ChefMod","Colored Map","Colored Powertips","Conspire","DeckTracker","Downfall","GifTheSpireLib","Halation","Hermit","Hubris","Infinite Spire","Jedi Mod","Jorbs\u0027s Wanderer Trilogy","Marked Mod","Mimic Mod","Minty Spire (QoL Compilation)","Replay The Spire","Robot Space Explorer","Shade Mod","Spicy Shops","StSLib","The Blackbeard","The Hierophant","The Jungle","The Marked","The Mystic","The Runesmith","TheBandit","Unceasing Turn Reminder","Wandering Minibosses","everything is the same but u backflip on backflip"],"gold_per_floor":[99,115,115,134,44,63,88,116,132,132,123,123,123,133,152,147,147,147],"floor_reached":16,"language":"ENG","playtime":652,"items_purged":["sneckomod:Strike"],"score":104,"play_id":"2a24bfc7-f750-431f-9209-970cc142fb08","local_time":"20210220213122","is_ascension_mode":false,"campfire_choices":[{"data":"sneckomod:RainOfDice","floor":10,"key":"SMITH"}],"circlet_count":0,"master_deck":["sneckomod:Strike","sneckomod:Strike","sneckomod:Defend","sneckomod:Defend","sneckomod:Defend","sneckomod:TailWhip+1","sneckomod:SnekBite","sneckomod:Unknown","sneckomod:UnknownUncommonAttack","sneckomod:UnknownExhaust","sneckomod:Unknown1Cost","sneckomod:SoulDraw","sneckomod:ImprovisedGuard","sneckomod:RainOfDice+1","sneckomod:SnakeSap","Slimebound:DisruptingSlam+1","sneckomod:QuickMove","sneckomod:UnknownX"],"relics":["sneckomod:SneckoSoul","Smiling Mask","Onion Ring"],"acts_visited":["Exordium"],"potions_floor_usage":[14],"damage_taken":[{"damage":2,"enemies":"2 Louse","floor":2,"turns":2},{"damage":0,"enemies":"Cultist","floor":4,"turns":2},{"damage":0,"enemies":"downfall:FleeingMerchant","floor":5,"turns":4},{"damage":10,"enemies":"Small Slimes","floor":6,"turns":2},{"damage":26,"enemies":"Gremlin Nob","floor":8,"turns":4},{"damage":5,"enemies":"Blue Slaver","floor":9,"turns":3},{"damage":15,"enemies":"Exordium Thugs","floor":11,"turns":6},{"damage":0,"enemies":"2 Fungi Beasts","floor":14,"turns":2},{"damage":8,"enemies":"Blue Slaver","floor":15,"turns":3},{"damage":26,"enemies":"SI_SHIV_ARCHETYPE","floor":16,"turns":8}],"seed_played":"3240166926986727099","potions_obtained":[{"floor":2,"key":"Swift Potion"},{"floor":3,"key":"sneckomod:CheatPotion"},{"floor":3,"key":"Milkshake"}],"is_trial":false,"path_per_floor":["R","M","?","M","$","M","T","E","M","R","M","?","R","M","M","B"],"character_chosen":"THE_SNECKO","items_purchased":[],"campfire_rested":0,"item_purchase_floors":[],"current_hp_per_floor":[90,88,88,90,90,80,80,54,49,49,34,34,34,34,26,0,0,0],"gold":147,"neow_bonus":"UPGRADE_CARD","is_daily":false,"chose_seed":false,"campfire_upgraded":1,"win_rate":0.0,"timestamp":1613827882,"path_taken":["R","M","?","?","$","?","T","E","M","R","?","?","R","M","M","BOSS"],"items_purchased_type":[],"build_version":"2020-12-22","purchased_purges":1,"victory":false,"max_hp_per_floor":[90,90,90,90,90,90,90,90,90,90,90,90,90,90,90,90,90,90],"card_choices":[{"not_picked":["sneckomod:DiceCrush","sneckomod:UnknownCommonSkill"],"picked":"sneckomod:UnknownUncommonAttack","floor":2},{"not_picked":["sneckomod:DiceBlock","sneckomod:UnknownBlock"],"picked":"sneckomod:UnknownExhaust","floor":4},{"not_picked":["sneckomod:UnknownDraw","sneckomod:UnknownX"],"picked":"sneckomod:Unknown1Cost","floor":5},{"not_picked":["sneckomod:DefensiveFlair","sneckomod:UnknownCommonSkill"],"picked":"sneckomod:SoulDraw","floor":6},{"not_picked":["sneckomod:RainOfDice","sneckomod:UnknownRareSkill"],"picked":"sneckomod:ImprovisedGuard","floor":8},{"not_picked":["sneckomod:Unknown1Cost","sneckomod:Unknown0Cost"],"picked":"sneckomod:RainOfDice","floor":9},{"not_picked":["sneckomod:Unknown1Cost","sneckomod:UnknownBlock"],"picked":"sneckomod:SnakeSap","floor":11},{"not_picked":["sneckomod:DiceBlock","sneckomod:SoulDraw"],"picked":"sneckomod:QuickMove","floor":14},{"not_picked":["sneckomod:UnknownCommonSkill","sneckomod:WideSting"],"picked":"sneckomod:UnknownX","floor":15}],"player_experience":107177,"relics_obtained":[{"floor":7,"key":"Smiling Mask"},{"floor":8,"key":"Onion Ring"}],"event_choices":[{"damage_healed":0,"gold_gain":0,"player_choice":"Got Potions","damage_taken":0,"max_hp_gain":0,"max_hp_loss":0,"event_name":"Lab","floor":3,"gold_loss":0}],"is_beta":false,"boss_relics":[],"items_purged_floors":[5],"is_endless":false,"potions_floor_spawned":[2,4,9],"killed_by":"SI_SHIV_ARCHETYPE","ascension_level":0}}