{"host":"21daswlctsv3qaxk","time":1613839881,"event":{"mods":["BaseMod","Downfall","Minty Spire (QoL Compilation)","Replay The Spire","StSLib","The Cursed","The Servant 0.9.4"],"gold_per_floor":[99,111,123,135,135,148,148,164,164,176,206,225,400,158,176,275,275,275,289,303,303,403,403,427,527,554,554,554,554],"floor_reached":27,"language":"ENG","playtime":1940,"items_purged":["Doubt"],"score":235,"play_id":"a11099c7-5608-4381-ac1f-77276029c4c2","local_time":"20210220175121","is_ascension_mode":false,"campfire_choices":[{"floor":1,"key":"RECALL"},{"data":"Slimebound:SplitBruiser","floor":9,"key":"SMITH"},{"data":"Slimebound:SlimeBarrage","floor":18,"key":"SMITH"}],"circlet_count":0,"master_deck":["Slimebound:Strike_Slimebound","Slimebound:Strike_Slimebound","Slimebound:Tackle","Slimebound:Defend_Slimebound","Slimebound:Defend_Slimebound","Slimebound:Split","Slimebound:CorrosiveSpit","Slimebound:RainOfGoop","Slimebound:SplitLeeching","Slimebound:GoopSpray","Slimebound:Gluttony","Slimebound:SplitBruiser+1","Slimebound:MegaLick","Slimebound:LevelUp","Slimebound:SlimeBarrage+1","Slimebound:SelfFormingGoo","Slimebound:Nibble+1","Slimebound:SlimeTap+1","Slimebound:DouseInSlime","Slimebound:SplitBruiser","Slimebound:MassRepurpose"],"relics":["Slimebound:AbsorbEndCombat","Ornamental Fan","Chemical X","SlaversCollar","Girya","Question Card","Tiny Chest","MealTicket"],"acts_visited":["Exordium","TheCity"],"potions_floor_usage":[11,11,11,19,26,26],"damage_taken":[{"damage":4,"enemies":"Jaw Worm","floor":2,"turns":3},{"damage":1,"enemies":"Cultist","floor":3,"turns":3},{"damage":0,"enemies":"2 Louse","floor":4,"turns":2},{"damage":2,"enemies":"2 Fungi Beasts","floor":6,"turns":3},{"damage":21,"enemies":"Large Slime","floor":8,"turns":5},{"damage":7,"enemies":"Blue Slaver","floor":10,"turns":3},{"damage":7,"enemies":"Lagavulin","floor":11,"turns":4},{"damage":2,"enemies":"3 Louse","floor":12,"turns":2},{"damage":0,"enemies":"downfall:FleeingMerchant","floor":14,"turns":4},{"damage":0,"enemies":"Large Slime","floor":15,"turns":5},{"damage":16,"enemies":"SI_SHIV_ARCHETYPE","floor":16,"turns":11},{"damage":12,"enemies":"Shell Parasite","floor":19,"turns":6},{"damage":16,"enemies":"downfall:LooterAlt2","floor":20,"turns":4},{"damage":19,"enemies":"Colosseum Nobs","floor":22,"turns":4},{"damage":34,"enemies":"Slavers","floor":26,"turns":4},{"damage":10,"enemies":"Centurion and Healer","floor":27,"turns":1}],"seed_played":"6128931065461938687","potions_obtained":[{"floor":4,"key":"ColorlessPotion"},{"floor":6,"key":"Doom Potion"},{"floor":8,"key":"Guardian:BlockOnCardUsePotion"},{"floor":10,"key":"DuplicationPotion"},{"floor":16,"key":"Adrenaline Potion"},{"floor":20,"key":"Weak Potion"},{"floor":22,"key":"Fire Potion"}],"is_trial":false,"path_per_floor":["R","M","M","M","?","M","T","M","R","M","E","M","?","$","M","B",null,"R","M","M","?","?","?","T","?","E","M"],"character_chosen":"SLIMEBOUND","items_purchased":["Chemical X"],"campfire_rested":0,"item_purchase_floors":[14],"current_hp_per_floor":[71,67,70,71,71,71,71,58,58,53,50,52,52,54,56,48,71,71,63,49,49,36,36,36,36,6,0,0,0],"gold":554,"neow_bonus":"TEN_PERCENT_HP_BONUS","is_daily":false,"chose_seed":false,"campfire_upgraded":2,"win_rate":0.0,"timestamp":1613839881,"path_taken":["R","M","M","M","?","?","T","?","R","M","E","M","?","$","M","BOSS","R","M","M","?","?","?","T","?","E","M"],"items_purchased_type":["Relic"],"build_version":"2020-12-22","purchased_purges":1,"victory":false,"max_hp_per_floor":[71,71,71,71,71,71,71,71,71,71,71,71,71,71,71,71,71,71,71,71,71,71,71,71,71,71,71,71,71],"card_choices":[{"not_picked":["Slimebound:LeechingTouch","Slimebound:FinishingTackle"],"picked":"Slimebound:RainOfGoop","floor":2},{"not_picked":["Slimebound:FlameTackle","Slimebound:AcidTongue"],"picked":"Slimebound:SplitLeeching","floor":3},{"not_picked":["Slimebound:RollThrough","Slimebound:DisruptingSlam"],"picked":"Slimebound:GoopSpray","floor":4},{"not_picked":["Slimebound:SlimeSpikes","Slimebound:ItLooksTasty"],"picked":"Slimebound:Gluttony","floor":6},{"not_picked":["Slimebound:SlimeSpikes","Slimebound:Prepare"],"picked":"Slimebound:SplitBruiser","floor":8},{"not_picked":["Slimebound:GoopSpray","Slimebound:Repurpose"],"picked":"Slimebound:MegaLick","floor":10},{"not_picked":["Slimebound:SlimeSpikes","Slimebound:Nibble","Slimebound:FormOfPuddle"],"picked":"SKIP","floor":11},{"not_picked":["Slimebound:SplitAcid","Slimebound:SlimeTap"],"picked":"Slimebound:LevelUp","floor":12},{"not_picked":["Slimebound:FirmFortitude","Slimebound:Prepare"],"picked":"Slimebound:SlimeBarrage","floor":14},{"not_picked":["Slimebound:Schlurp","Slimebound:RejuvenatingLick","Slimebound:SlimeSpikes"],"picked":"SKIP","floor":15},{"not_picked":["Slimebound:SlimeSlap","Slimebound:WasteNot"],"picked":"Slimebound:SelfFormingGoo","floor":16},{"not_picked":["Slimebound:ComboTackle","Slimebound:PressTheAttack+1"],"picked":"Slimebound:Nibble+1","floor":19},{"not_picked":["Slimebound:Schlurp","Slimebound:RainOfGoop"],"picked":"Slimebound:SlimeTap+1","floor":20},{"not_picked":["Slimebound:RollThrough","Slimebound:PressTheAttack","Slimebound:GrowthPunch"],"picked":"Slimebound:MassRepurpose","floor":26}],"player_experience":226221,"relics_obtained":[{"floor":11,"key":"Ornamental Fan"},{"floor":22,"key":"Girya"},{"floor":22,"key":"Question Card"},{"floor":24,"key":"Tiny Chest"},{"floor":26,"key":"MealTicket"}],"event_choices":[{"cards_removed":["Slimebound:Defend_Slimebound"],"damage_healed":0,"gold_gain":0,"player_choice":"Offered Basic","damage_taken":0,"max_hp_gain":0,"max_hp_loss":0,"event_name":"Bonfire Elementals","floor":5,"gold_loss":0},{"damage_healed":0,"gold_gain":0,"cards_transformed":["Slimebound:Strike_Slimebound","Slimebound:Defend_Slimebound"],"player_choice":"Became Test Subject","damage_taken":0,"max_hp_gain":0,"max_hp_loss":0,"event_name":"Drug Dealer","floor":21,"gold_loss":0,"cards_obtained":["Slimebound:DouseInSlime","Slimebound:SplitBruiser"]}],"is_beta":false,"boss_relics":[{"not_picked":["bronze:MakeshiftBattery","Replay:Wanted Poster"],"picked":"SlaversCollar"}],"items_purged_floors":[14],"is_endless":false,"potions_floor_spawned":[4,6,8,10,16,20,22],"killed_by":"Centurion and Healer","ascension_level":0}}