{"host":"dowi7cgbhepuzvpj","time":1613809084,"event":{"mods":["AchievementEnabler","BaseMod","Keyboard Shortcuts","Minty Spire (QoL Compilation)","Permanent Neow","Quick Restart","StSLib","SuperFastMode"],"gold_per_floor":[0,0,0,18,18,18,18,37,64,92,102,123,123,12,12,83,83,97,73,91,91,91,91,101,121,121,121,46,46,78,0,0,71,71,82,82,96,96,113,113,145,156,156,20,45,62,62,20,20,20,20,20,20,20,49,49],"floor_reached":57,"language":"KOR","playtime":2237,"items_purged":["Strike_R"],"score":2817,"play_id":"20b4abc9-dd6f-42a3-beb8-791e47cd6ee8","local_time":"20210220171804","is_ascension_mode":true,"campfire_choices":[{"floor":6,"key":"REST"},{"floor":13,"key":"RECALL"},{"floor":15,"key":"REST"},{"floor":23,"key":"REST"},{"data":"Strike_R","floor":27,"key":"PURGE"},{"data":"Defend_R","floor":32,"key":"PURGE"},{"data":"Defend_R","floor":40,"key":"PURGE"},{"data":"Disarm","floor":49,"key":"PURGE"},{"data":"Fire Breathing","floor":53,"key":"PURGE"}],"circlet_count":0,"master_deck":["AscendersBane","Defend_R+1","Defend_R+1","Apotheosis+1","Pommel Strike","Flame Barrier","True Grit","Evolve","Power Through+1","Limit Break","Demon Form","True Grit","Reaper","Offering","Sword Boomerang+1","Madness","Pommel Strike","Madness","Madness","Feel No Pain"],"relics":["Burning Blood","FossilizedHelix","Bottled Lightning","Fusion Hammer","StoneCalendar","Odd Mushroom","Membership Card","Mark of Pain","Bottled Lightning","Peace Pipe","Torii","Philosopher\u0027s Stone","MealTicket","The Courier","Ice Cream","Du-Vu Doll","Bird Faced Urn"],"acts_visited":["Exordium","TheCity","TheBeyond","TheEnding"],"potions_floor_usage":[10,56,56],"damage_taken":[{"damage":0,"enemies":"Small Slimes","floor":4,"turns":3},{"damage":0,"enemies":"Jaw Worm","floor":8,"turns":3},{"damage":9,"enemies":"Lagavulin","floor":10,"turns":4},{"damage":0,"enemies":"2 Fungi Beasts","floor":11,"turns":4},{"damage":0,"enemies":"The Mushroom Lair","floor":12,"turns":6},{"damage":0,"enemies":"Slime Boss","floor":16,"turns":5},{"damage":0,"enemies":"3 Byrds","floor":18,"turns":3},{"damage":8,"enemies":"2 Thieves","floor":19,"turns":5},{"damage":8,"enemies":"Snake Plant","floor":20,"turns":4},{"damage":15,"enemies":"Cultist and Chosen","floor":24,"turns":7},{"damage":8,"enemies":"Chosen and Byrds","floor":25,"turns":7},{"damage":16,"enemies":"Book of Stabbing","floor":30,"turns":7},{"damage":0,"enemies":"Champ","floor":33,"turns":9},{"damage":31,"enemies":"3 Darklings","floor":35,"turns":6},{"damage":18,"enemies":"3 Shapes","floor":37,"turns":4},{"damage":14,"enemies":"Maw","floor":39,"turns":7},{"damage":15,"enemies":"Nemesis","floor":41,"turns":5},{"damage":15,"enemies":"Writhing Mass","floor":42,"turns":8},{"damage":0,"enemies":"Mind Bloom Boss Battle","floor":45,"turns":5},{"damage":0,"enemies":"4 Shapes","floor":46,"turns":6},{"damage":8,"enemies":"Time Eater","floor":50,"turns":6},{"damage":69,"enemies":"Awakened One","floor":51,"turns":6},{"damage":53,"enemies":"Shield and Spear","floor":55,"turns":7},{"damage":61,"enemies":"The Heart","floor":56,"turns":7}],"seed_played":"-3320130575610686575","potions_obtained":[{"floor":4,"key":"PowerPotion"},{"floor":8,"key":"SneckoOil"},{"floor":18,"key":"Swift Potion"},{"floor":30,"key":"Strength Potion"}],"is_trial":false,"path_per_floor":["M","?","?","M","?","R","$","M","T","E","M","?","R","$","R","B",null,"M","M","M","?","?","R","M","M","T","R","?","?","E","$","R","B",null,"M","?","M","?","M","R","E","M","T","$","?","M","?","$","R","B","B",null,"R","$","E","B",null],"character_chosen":"IRONCLAD","items_purchased":["Membership Card","Reaper","Ice Cream","Fire Breathing","Feel No Pain"],"campfire_rested":3,"item_purchase_floors":[14,31,44,48,48],"current_hp_per_floor":[65,65,58,64,41,63,63,69,69,66,72,75,75,75,75,75,75,75,73,71,71,71,75,66,64,64,64,64,64,54,54,54,75,75,75,75,75,65,75,75,66,75,75,75,75,75,61,75,75,73,68,73,73,75,75,43],"gold":49,"neow_bonus":"ONE_RARE_RELIC","is_daily":false,"chose_seed":false,"campfire_upgraded":0,"win_rate":0.0,"timestamp":1613809084,"path_taken":["M","?","?","M","?","R","?","M","T","E","M","?","R","$","R","BOSS","M","M","M","?","?","R","M","?","T","R","?","?","E","?","R","BOSS","M","?","?","?","M","R","E","M","T","$","?","M","?","$","R","BOSS","BOSS","R","$","E","BOSS"],"items_purchased_type":["Relic","Card","Relic","Card","Card"],"build_version":"2020-12-22","purchased_purges":1,"victory":true,"max_hp_per_floor":[75,75,75,75,75,75,75,75,75,75,75,75,75,75,75,75,75,75,75,75,75,75,75,75,75,75,75,75,75,75,75,75,75,75,75,75,75,75,75,75,75,75,75,75,75,75,75,75,75,75,75,75,75,75,75,75],"card_choices":[{"not_picked":["Rampage","Wild Strike"],"picked":"Fire Breathing","floor":4},{"not_picked":["Dark Embrace","Clash"],"picked":"Pommel Strike","floor":8},{"not_picked":["Combust","Perfected Strike"],"picked":"Flame Barrier","floor":10},{"not_picked":["Heavy Blade","Armaments"],"picked":"True Grit","floor":11},{"not_picked":["Whirlwind","Sword Boomerang"],"picked":"Evolve","floor":12},{"not_picked":["Brutality","Demon Form"],"picked":"Limit Break","floor":16},{"not_picked":["Combust","Anger","Rage+1"],"picked":"SKIP","floor":18},{"not_picked":["Clash+1","Intimidate","Armaments"],"picked":"SKIP","floor":19},{"not_picked":["Armaments","Second Wind"],"picked":"Demon Form","floor":20},{"not_picked":["Clothesline","Twin Strike"],"picked":"True Grit","floor":24},{"not_picked":["Thunderclap","Flame Barrier","Armaments"],"picked":"SKIP","floor":25},{"not_picked":["Iron Wave+1","Immolate","Thunderclap"],"picked":"SKIP","floor":30},{"not_picked":["Corruption","Demon Form"],"picked":"Offering","floor":33},{"not_picked":["Twin Strike","Combust"],"picked":"Sword Boomerang+1","floor":35},{"not_picked":["Rupture","Bloodletting+1","Sword Boomerang+1"],"picked":"SKIP","floor":37},{"not_picked":["Thinking Ahead","Chrysalis"],"picked":"Madness","floor":38},{"not_picked":["Wild Strike","Hemokinesis+1"],"picked":"Pommel Strike","floor":39},{"not_picked":["Flame Barrier","Clash","Heavy Blade+1"],"picked":"SKIP","floor":41},{"not_picked":["Clothesline","Clash","Cleave"],"picked":"SKIP","floor":42},{"not_picked":["Body Slam","Thunderclap+1","Pommel Strike"],"picked":"SKIP","floor":46},{"not_picked":["True Grit","Berserk","Clash"],"picked":"SKIP","floor":55}],"player_experience":885633,"relics_obtained":[{"floor":10,"key":"StoneCalendar"},{"floor":12,"key":"Odd Mushroom"},{"floor":26,"key":"Bottled Lightning"},{"floor":30,"key":"Torii"},{"floor":41,"key":"MealTicket"},{"floor":43,"key":"The Courier"},{"floor":45,"key":"Du-Vu Doll"},{"floor":55,"key":"Bird Faced Urn"}],"event_choices":[{"damage_healed":0,"gold_gain":0,"cards_transformed":["Strike_R"],"player_choice":"Change","damage_taken":0,"max_hp_gain":0,"max_hp_loss":0,"event_name":"Living Wall","floor":2,"gold_loss":0,"cards_obtained":["Disarm"]},{"cards_removed":["Strike_R"],"damage_healed":0,"gold_gain":0,"player_choice":"Card Removal","damage_taken":7,"max_hp_gain":0,"max_hp_loss":0,"event_name":"Golden Wing","floor":3,"gold_loss":0},{"damage_healed":0,"gold_gain":0,"player_choice":"Entered Light","damage_taken":23,"max_hp_gain":0,"max_hp_loss":0,"event_name":"Shining Light","floor":5,"gold_loss":0,"cards_upgraded":["Defend_R","Defend_R"]},{"damage_healed":0,"gold_gain":0,"player_choice":"Fought Mushrooms","damage_taken":0,"max_hp_gain":0,"max_hp_loss":0,"event_name":"Mushrooms","floor":12,"gold_loss":0},{"damage_healed":0,"gold_gain":0,"player_choice":"Ignored","damage_taken":0,"max_hp_gain":0,"max_hp_loss":0,"event_name":"The Mausoleum","floor":21,"gold_loss":0},{"cards_removed":["Fire Breathing"],"damage_healed":0,"gold_gain":0,"player_choice":"Purged","damage_taken":0,"max_hp_gain":0,"max_hp_loss":0,"event_name":"Purifier","floor":22,"gold_loss":0},{"cards_removed":["Bash"],"damage_healed":0,"gold_gain":0,"player_choice":"Gave Gold","damage_taken":0,"max_hp_gain":0,"max_hp_loss":0,"event_name":"Beggar","floor":28,"gold_loss":75},{"damage_healed":0,"gold_gain":0,"player_choice":"Ignored","damage_taken":0,"max_hp_gain":0,"max_hp_loss":0,"event_name":"Vampires","floor":29,"gold_loss":0},{"cards_removed":["Strike_R"],"damage_healed":0,"gold_gain":0,"player_choice":"Offered Basic","damage_taken":0,"max_hp_gain":0,"max_hp_loss":0,"event_name":"Bonfire Elementals","floor":36,"gold_loss":0},{"damage_healed":0,"gold_gain":0,"player_choice":"Memory 3","damage_taken":10,"max_hp_gain":0,"max_hp_loss":0,"event_name":"SensoryStone","floor":38,"gold_loss":0},{"damage_healed":0,"gold_gain":0,"player_choice":"Fight","damage_taken":0,"max_hp_gain":0,"max_hp_loss":0,"event_name":"MindBloom","floor":45,"gold_loss":0},{"damage_healed":0,"gold_gain":0,"player_choice":"Embrace Madness","damage_taken":14,"max_hp_gain":0,"max_hp_loss":0,"event_name":"Winding Halls","floor":47,"gold_loss":0,"cards_obtained":["Madness","Madness"]}],"is_beta":false,"boss_relics":[{"not_picked":["Tiny House","SlaversCollar"],"picked":"Mark of Pain"},{"not_picked":["Astrolabe","Cursed Key"],"picked":"Philosopher\u0027s Stone"}],"items_purged_floors":[14],"is_endless":false,"potions_floor_spawned":[4,8,18,25,30,41,42,45,55],"ascension_level":20}}