{"host":"saki","time":1613819007,"event":{"mods":["ATMod(阿瑾Mod)","BaseMod","Energized Spire","Koishi","Marisa（F雨　魔理沙）","Minty Spire (QoL Compilation)","Nova Terra(诺娃・泰拉)","Quick Restart","Reimu（博丽灵梦）","StSLib","TestMod","The Runesmith","Waifu the Spire","Youmu（魂魄妖梦）","Yuyuko","[GremlinLeader]The Maniac","【遗物卡牌】REMEMod"],"gold_per_floor":[112,112,112,112,112,138,151,179,179,309,309,324,324,655,655,759,759,772,784,784,784,776,805,805,918,973,1107,1107,1107,70,90,90,600,600,613,966,966,84,101,101,0,136,159,298,73,473,493,625,625,734],"floor_reached":51,"language":"ZHS","playtime":1792,"items_purged":["Poor:ReiMu","Strike_MRS","Strike_MRS"],"score":1779,"play_id":"ff52b767-5efc-4408-afb0-b02365c76409","local_time":"20210220190327","is_ascension_mode":true,"campfire_choices":[{"data":"TreasureHunter","floor":11,"key":"SMITH"},{"floor":15,"key":"REST"},{"floor":24,"key":"REST"},{"floor":28,"key":"REST"},{"data":"DragonMeteor","floor":32,"key":"SMITH"},{"data":"BlazingStar","floor":40,"key":"SMITH"},{"data":"UltimateShortwave","floor":49,"key":"SMITH"}],"circlet_count":0,"master_deck":["AscendersBane","Strike_MRS","Defend_MRS","Defend_MRS","Defend_MRS","Defend_MRS","MasterSpark","UpSweep","AT_MachinaRedman","TreasureHunter+1","WitchLeyline","PropBag","CasketOfStar","SatelliteIllusion+1","EscapeVelocity+1","MeteoricShower","Orbital","SuperNova+1","WitchLeyline","DragonMeteor+1","Necronomicurse","Writhe","Parasite","Parasite","Wraith","Pain","Injury","PowerUp+1","BlazingStar+1","UltimateShortwave+1","CasketOfStar+1"],"relics":["MiniHakkero","AT_ATBox","REME_ComplimentaryCards","testmod-Alchemist","NeowsBlessing","Lantern","Boot","Pen Nib","Frozen Egg 2","AT_TheCollector","The Courier","YidongShenshe:ReiMu","AT_EbonyIvory","Pantograph","testmod-ConstraintPeriapt","REME_ChargedStone","Necronomicon","HornCleat","testmod-Justice","testmod-Acrobat","PreservedInsect","Meat on the Bone","ShroomBag","Lee\u0027s Waffle","testmod-InjuryResistance","testmod-Antiphasic","AT_ArchangelStaff","testmod-Laevatain","Old Coin","Runesmith:UraniumAnvil","CatCart","AT_BellDemon","REME_HandOfSuture","REME_HourglassOfDeath","Sling","TungstenRod","Toy Ornithopter","Lizard Tail","Mastiff:ReiMu","Molten Egg 2","AT_Kusabimaru","Kunai","AT_Manta","Du-Vu Doll"],"acts_visited":["Exordium","TheCity","TheBeyond"],"potions_floor_usage":[10,23,23,23],"damage_taken":[{"damage":0,"enemies":"2 Louse","floor":1,"turns":1},{"damage":0,"enemies":"3 Sentries","floor":6,"turns":1},{"damage":0,"enemies":"Small Slimes","floor":7,"turns":1},{"damage":22,"enemies":"Lagavulin","floor":8,"turns":6},{"damage":0,"enemies":"Gremlin Nob","floor":10,"turns":2},{"damage":4,"enemies":"Jaw Worm","floor":12,"turns":2},{"damage":14,"enemies":"3 Sentries","floor":14,"turns":4},{"damage":0,"enemies":"Slime Boss","floor":16,"turns":4},{"damage":11,"enemies":"Spheric Guardian","floor":18,"turns":3},{"damage":24,"enemies":"2 Thieves","floor":19,"turns":2},{"damage":5,"enemies":"Centurion and Healer","floor":22,"turns":2},{"damage":2,"enemies":"REME_1_Revenger","floor":23,"turns":2},{"damage":12,"enemies":"Book of Stabbing","floor":25,"turns":3},{"damage":21,"enemies":"Gremlin Leader","floor":27,"turns":4},{"damage":18,"enemies":"Shelled Parasite and Fungi","floor":31,"turns":3},{"damage":14,"enemies":"Collector","floor":33,"turns":5},{"damage":12,"enemies":"3 Darklings","floor":35,"turns":2},{"damage":3,"enemies":"Orin","floor":36,"turns":6},{"damage":0,"enemies":"Orb Walker","floor":39,"turns":1},{"damage":34,"enemies":"Reptomancer","floor":42,"turns":3},{"damage":10,"enemies":"Giant Head","floor":44,"turns":3},{"damage":41,"enemies":"Jaw Worm Horde","floor":47,"turns":2},{"damage":0,"enemies":"Reptomancer","floor":48,"turns":2},{"damage":64,"enemies":"Time Eater","floor":50,"turns":3}],"seed_played":"74651588942296365","potions_obtained":[{"floor":8,"key":"SteroidPotion"},{"floor":10,"key":"LiquidMemories"},{"floor":12,"key":"SneckoOil"},{"floor":18,"key":"testmod-TestPotion"},{"floor":19,"key":"Fire Potion"},{"floor":22,"key":"Explosive Potion"},{"floor":36,"key":"Explosive Potion"},{"floor":39,"key":"PowerPotion"},{"floor":47,"key":"GamblersBrew"}],"is_trial":false,"path_per_floor":["M","?","?","$","T","E","M","E","T","E","R","M","?","E","R","B",null,"M","M","?","?","M","E","R","E","T","E","R","?","$","M","R","B",null,"M","?","?","$","M","R","$","E","T","E","$","?","M","E","R","B",null],"character_chosen":"MARISA","items_purchased":["ShroomBag","Lee\u0027s Waffle","testmod-InjuryResistance","testmod-Antiphasic","AT_ArchangelStaff","testmod-Laevatain","AT_BellDemon","REME_HandOfSuture","REME_HourglassOfDeath","Sling","TungstenRod","UltimateShortwave","Block Potion","BlessingOfTheForge","testmod-TimePotion"],"campfire_rested":3,"item_purchase_floors":[30,30,30,30,30,30,38,38,38,38,38,41,41,45,45],"current_hp_per_floor":[68,68,68,68,68,68,68,46,46,46,46,42,42,28,50,75,75,64,41,41,25,23,31,53,43,43,25,47,47,82,69,69,81,82,70,78,78,78,78,78,78,53,53,49,49,49,28,51,51,41],"gold":734,"neow_bonus":"THREE_ENEMY_KILL","is_daily":false,"chose_seed":false,"campfire_upgraded":4,"win_rate":0.0,"timestamp":1613819007,"path_taken":["M","?","?","$","?","E","M","E","T","E","R","M","?","E","R","BOSS","M","M","?","?","M","E","R","E","T","E","R","?","$","M","R","BOSS","M","?","?","$","M","R","$","E","T","E","$","?","M","E","R","BOSS"],"items_purchased_type":["Relic","Relic","Relic","Relic","Relic","Relic","Relic","Relic","Relic","Relic","Relic","Card","Potion","Potion","Potion"],"build_version":"2020-12-18","purchased_purges":3,"victory":true,"max_hp_per_floor":[75,75,75,75,75,75,75,75,75,75,75,75,75,75,75,75,75,75,75,75,75,75,75,75,75,75,75,75,75,82,82,82,82,82,82,82,82,82,82,82,82,87,87,87,87,87,92,92,92,102],"card_choices":[{"not_picked":["Acceleration","ShootingEcho"],"picked":"WitchLeyline","floor":1},{"not_picked":["EventHorizon","ShootingEcho","RefractionSpark"],"picked":"SKIP","floor":6},{"not_picked":["OneTimeOff","IllusionStar"],"picked":"CasketOfStar","floor":7},{"not_picked":["SprinkleStarSeal","6A"],"picked":"SatelliteIllusion+1","floor":8},{"not_picked":["EarthLightRay","MachineGunSpark"],"picked":"EscapeVelocity+1","floor":10},{"not_picked":["AsteroidBelt","ChargingUp"],"picked":"MeteoricShower","floor":12},{"not_picked":["BlazeAway","OneTimeOff"],"picked":"Orbital","floor":14},{"not_picked":["JA","TreasureHunter"],"picked":"SuperNova+1","floor":16},{"not_picked":["6A","UnstableBomb"],"picked":"WitchLeyline","floor":18},{"not_picked":["DoubleSpark+1","ShootTheMoon","MagicChant"],"picked":"SKIP","floor":19},{"not_picked":["6A","PowerUp","DoubleSpark"],"picked":"SKIP","floor":22},{"not_picked":["GrandCross","Acceleration","BlazeAway"],"picked":"SKIP","floor":23},{"not_picked":["PowerUp","ManaConvection","PulseMagic"],"picked":"SKIP","floor":25},{"not_picked":["DarkSpark","MagicAbsorber","Robbery"],"picked":"SKIP","floor":27},{"not_picked":["DeepEcoloBomb","GalacticHalo"],"picked":"PowerUp+1","floor":31},{"not_picked":["EscapeVelocity+1","AbsoluteMagnitude"],"picked":"BlazingStar","floor":33},{"not_picked":["GravityBeat+1","MeteoricShower","DC+1"],"picked":"SKIP","floor":35},{"not_picked":["MilkyWay","StarBarrage"],"picked":"PowerUp","floor":36},{"not_picked":["Acceleration","IllusionStar+1","GrandCross+1"],"picked":"SKIP","floor":39},{"not_picked":["DarkMatter","OneTimeOff"],"picked":"CasketOfStar+1","floor":42},{"not_picked":["DarkSpark+1","PulseMagic","MilkyWay"],"picked":"SKIP","floor":44},{"not_picked":["MilkyWay","DoubleSpark+1","FairyDestructionRay+1"],"picked":"SKIP","floor":47},{"not_picked":["MysteriousBeam+1","ShootingEcho+1","EnergyFlow+1"],"picked":"SKIP","floor":48}],"player_experience":317859,"relics_obtained":[{"floor":5,"key":"Lantern"},{"floor":6,"key":"Boot"},{"floor":8,"key":"Pen Nib"},{"floor":8,"key":"Frozen Egg 2"},{"floor":9,"key":"AT_TheCollector"},{"floor":10,"key":"The Courier"},{"floor":14,"key":"AT_EbonyIvory"},{"floor":14,"key":"Pantograph"},{"floor":16,"key":"testmod-ConstraintPeriapt"},{"floor":21,"key":"Necronomicon"},{"floor":23,"key":"HornCleat"},{"floor":25,"key":"testmod-Justice"},{"floor":26,"key":"testmod-Acrobat"},{"floor":27,"key":"PreservedInsect"},{"floor":33,"key":"Old Coin"},{"floor":36,"key":"CatCart"},{"floor":42,"key":"Toy Ornithopter"},{"floor":42,"key":"Lizard Tail"},{"floor":43,"key":"Mastiff:ReiMu"},{"floor":44,"key":"Molten Egg 2"},{"floor":44,"key":"AT_Kusabimaru"},{"floor":47,"key":"Kunai"},{"floor":48,"key":"AT_Manta"},{"floor":48,"key":"Du-Vu Doll"}],"event_choices":[{"damage_healed":0,"gold_gain":0,"player_choice":"Ignored","damage_taken":0,"max_hp_gain":0,"max_hp_loss":0,"event_name":"给自己的盒子","floor":2,"gold_loss":0},{"damage_healed":0,"gold_gain":0,"cards_transformed":["Strike_MRS"],"player_choice":"Change","damage_taken":0,"max_hp_gain":0,"max_hp_loss":0,"event_name":"Living Wall","floor":3,"gold_loss":0,"cards_obtained":["PropBag"]},{"damage_healed":0,"gold_gain":0,"player_choice":"带走神社","damage_taken":0,"relics_obtained":["YidongShenshe:ReiMu"],"max_hp_gain":0,"max_hp_loss":0,"event_name":"yidonshenshe","floor":13,"gold_loss":0,"cards_obtained":["Poor:ReiMu"]},{"damage_healed":0,"gold_gain":0,"player_choice":"Read","damage_taken":0,"max_hp_gain":0,"max_hp_loss":0,"event_name":"The Library","floor":20,"gold_loss":0,"cards_obtained":["DragonMeteor"]},{"damage_healed":0,"gold_gain":0,"player_choice":"Obtained Book","damage_taken":16,"max_hp_gain":0,"max_hp_loss":0,"event_name":"Cursed Tome","floor":21,"gold_loss":0},{"damage_healed":0,"gold_gain":0,"player_choice":"Opened","damage_taken":0,"relics_obtained":["Meat on the Bone"],"max_hp_gain":0,"max_hp_loss":0,"event_name":"The Mausoleum","floor":29,"gold_loss":0,"cards_obtained":["Writhe"]},{"damage_healed":0,"gold_gain":0,"player_choice":"Fight","damage_taken":0,"max_hp_gain":0,"max_hp_loss":0,"event_name":"OrinTheCat","floor":36,"gold_loss":0},{"cards_removed":["PowerUp"],"damage_healed":0,"gold_gain":0,"player_choice":"Removed Skill","damage_taken":0,"max_hp_gain":0,"max_hp_loss":0,"event_name":"Falling","floor":37,"gold_loss":0},{"damage_healed":0,"gold_gain":400,"player_choice":"Sell","damage_taken":0,"max_hp_gain":0,"max_hp_loss":0,"event_name":"恩洛斯的盘子","floor":46,"relics_lost":["testmod-TestBox"],"gold_loss":0}],"is_beta":true,"boss_relics":[{"not_picked":["REME_DemonsWealth","energizedSpire:NeverEndingSparkler"],"picked":"REME_ChargedStone"},{"not_picked":["energizedSpire:HugeHouse","Sozu"],"picked":"Runesmith:UraniumAnvil"}],"items_purged_floors":[30,38,45],"is_endless":false,"potions_floor_spawned":[8,10,12,18,19,22,36,39,47],"ascension_level":12}}