{"host":"2l5k2wp87eek7qja","time":1613780379,"event":{"mods":["BaseMod","Colored Map","Minty Spire (QoL Compilation)","Relic Stats"],"gold_per_floor":[117,78,3,20,20,55,55,83,109,139,119,148,162,177,177,253,253,267,267,267,109,24,24,51,51,77,108,108,123,140,65,65,142,142,161,161,214,70,120,120,154,165,234,248,283,283,283,300,300,300,300,300,300,11,43,43,43],"floor_reached":56,"language":"ENG","playtime":2896,"items_purged":["Dagger Spray","Dagger Throw+1","Backstab"],"score":2034,"play_id":"0f629ef3-8684-420a-97b9-56b1d9828a94","local_time":"20210220021939","is_ascension_mode":true,"campfire_choices":[{"data":"Dagger Throw","floor":7.0,"key":"SMITH"},{"data":"Noxious Fumes","floor":15.0,"key":"SMITH"},{"data":"Blade Dance","floor":23.0,"key":"SMITH"},{"data":"Blade Dance","floor":25.0,"key":"SMITH"},{"data":"Ghostly","floor":32.0,"key":"SMITH"},{"data":"Burst","floor":40.0,"key":"SMITH"},{"data":"Ghostly","floor":46.0,"key":"SMITH"},{"floor":49.0,"key":"RECALL"},{"data":"Ghostly","floor":53.0,"key":"SMITH"}],"circlet_count":0,"master_deck":["AscendersBane","Defend_G+1","Defend_G+1","Defend_G+1","Defend_G+1","Defend_G+1","Survivor","Neutralize","Blade Dance+1","Noxious Fumes+1","Blade Dance+1","After Image","Concentrate+1","Cloak And Dagger+1","Acrobatics+1","Cloak And Dagger+1","Ghostly+1","Ghostly+1","Ghostly+1","Well Laid Plans","Noxious Fumes","Burst+1","Blur+1","Infinite Blades","Accuracy","Crippling Poison","Tools of the Trade","Deflect+1","Terror"],"relics":["Ring of the Snake","NeowsBlessing","Nunchaku","Incense Burner","Juzu Bracelet","Strawberry","Pen Nib","Astrolabe","MutagenicStrength","Bronze Scales","Bag of Preparation","Tingsha","Centennial Puzzle","Tiny Chest","WristBlade","Paper Crane","Meat on the Bone","Regal Pillow","Akabeko"],"acts_visited":["Exordium","TheCity","TheBeyond","TheEnding"],"potions_floor_usage":[56,56],"damage_taken":[{"damage":0.0,"enemies":"Jaw Worm","floor":1.0,"turns":1.0},{"damage":0.0,"enemies":"Cultist","floor":4.0,"turns":1.0},{"damage":0.0,"enemies":"Gremlin Nob","floor":6.0,"turns":1.0},{"damage":7.0,"enemies":"3 Sentries","floor":8.0,"turns":10.0},{"damage":6.0,"enemies":"Gremlin Nob","floor":10.0,"turns":3.0},{"damage":2.0,"enemies":"3 Sentries","floor":12.0,"turns":4.0},{"damage":0.0,"enemies":"Small Slimes","floor":13.0,"turns":3.0},{"damage":3.0,"enemies":"Blue Slaver","floor":14.0,"turns":2.0},{"damage":22.0,"enemies":"Hexaghost","floor":16.0,"turns":9.0},{"damage":6.0,"enemies":"Spheric Guardian","floor":18.0,"turns":5.0},{"damage":4.0,"enemies":"Gremlin Leader","floor":24.0,"turns":9.0},{"damage":0.0,"enemies":"Book of Stabbing","floor":27.0,"turns":3.0},{"damage":0.0,"enemies":"2 Thieves","floor":29.0,"turns":2.0},{"damage":0.0,"enemies":"Chosen and Byrds","floor":30.0,"turns":3.0},{"damage":9.0,"enemies":"Automaton","floor":33.0,"turns":8.0},{"damage":0.0,"enemies":"3 Darklings","floor":35.0,"turns":4.0},{"damage":30.0,"enemies":"Nemesis","floor":41.0,"turns":5.0},{"damage":0.0,"enemies":"Orb Walker","floor":42.0,"turns":1.0},{"damage":0.0,"enemies":"Sphere and 2 Shapes","floor":44.0,"turns":8.0},{"damage":0.0,"enemies":"Reptomancer","floor":45.0,"turns":3.0},{"damage":0.0,"enemies":"4 Shapes","floor":48.0,"turns":6.0},{"damage":12.0,"enemies":"Awakened One","floor":50.0,"turns":13.0},{"damage":2.0,"enemies":"Donu and Deca","floor":51.0,"turns":9.0},{"damage":2.0,"enemies":"Shield and Spear","floor":55.0,"turns":7.0},{"damage":30,"enemies":"The Heart","floor":56,"turns":9}],"seed_played":"1504968997403927333","potions_obtained":[{"floor":8.0,"key":"EntropicBrew"},{"floor":11.0,"key":"SpeedPotion"},{"floor":12.0,"key":"Fire Potion"},{"floor":14.0,"key":"SteroidPotion"},{"floor":16.0,"key":"Ancient Potion"},{"floor":18.0,"key":"ColorlessPotion"},{"floor":24.0,"key":"CultistPotion"},{"floor":33.0,"key":"EntropicBrew"},{"floor":42.0,"key":"CunningPotion"},{"floor":55.0,"key":"BlessingOfTheForge"}],"is_trial":false,"path_per_floor":["M","$","?","M","?","E","R","E","T","E","?","E","M","M","R","B",null,"M","?","?","$","?","R","E","R","T","E","?","M","M","$","R","B",null,"M","?","T","$","?","R","E","M","T","M","E","R","?","M","R","B","B",null,"R","$","E","B"],"character_chosen":"THE_SILENT","items_purchased":["Dash","Bronze Scales","Accuracy","Terror","LiquidBronze"],"campfire_rested":0,"item_purchase_floors":[2,21,38,54,54],"current_hp_per_floor":[59,59,59,59,59,59,59,52,52,53,53,51,51,48,48,26,61,55,55,55,55,55,55,51,51,51,51,36,36,36,36,36,27,34,34,34,34,34,34,34,4,4,4,16,28,28,28,28,28,28,26,32,32,32,30,0,0],"gold":43,"neow_bonus":"THREE_ENEMY_KILL","is_daily":false,"chose_seed":false,"campfire_upgraded":8,"win_rate":0.0,"timestamp":1613780379,"path_taken":["M","$","?","M","?","E","R","E","T","E","?","E","M","M","R","BOSS","M","?","?","$","?","R","E","R","T","E","?","M","M","?","R","BOSS","M","?","?","$","?","R","E","M","T","M","E","R","?","M","R","BOSS","BOSS","R","$","E","BOSS"],"items_purchased_type":["Card","Relic","Card","Card","Potion"],"build_version":"2020-12-22","purchased_purges":3,"victory":false,"max_hp_per_floor":[66,66,66,66,66,66,66,66,66,73,73,73,73,73,73,73,73,73,73,73,73,73,73,73,73,73,73,36,36,36,36,36,36,36,36,36,36,36,36,36,36,36,36,36,36,36,34,34,34,34,34,34,34,34,34,34,34],"relic_stats":{"Regal Pillow":0,"counters":[25,129],"Astrolabe":["Concentrate","Cloak And Dagger","Acrobatics"],"Tingsha":[189],"Pen Nib":[41],"Juzu Bracelet":2,"Bag of Preparation":[30],"Nunchaku":[45],"Centennial Puzzle":[17],"Bronze Scales":[387],"Tiny Chest":1,"obtain_stats":[{"Regal Pillow":45,"NeowsBlessing":0,"Astrolabe":17,"Tingsha":24,"Pen Nib":12,"Incense Burner":8,"Juzu Bracelet":9,"Bag of Preparation":22,"Paper Crane":41,"Akabeko":55,"Nunchaku":6,"Centennial Puzzle":26,"WristBlade":34,"Strawberry":10,"MutagenicStrength":20,"Bronze Scales":21,"Tiny Chest":27,"Ring of the Snake":0,"Meat on the Bone":43},{"Regal Pillow":20,"NeowsBlessing":0,"Astrolabe":9,"Tingsha":11,"Pen Nib":6,"Incense Burner":4,"Juzu Bracelet":4,"Bag of Preparation":10,"Paper Crane":17,"Akabeko":24,"Nunchaku":3,"Centennial Puzzle":11,"WristBlade":15,"Strawberry":5,"MutagenicStrength":10,"Bronze Scales":10,"Tiny Chest":12,"Ring of the Snake":0,"Meat on the Bone":18},{"Regal Pillow":85,"NeowsBlessing":0,"Astrolabe":34,"Tingsha":48,"Pen Nib":20,"Incense Burner":13,"Juzu Bracelet":13,"Bag of Preparation":39,"Paper Crane":73,"Akabeko":120,"Nunchaku":3,"Centennial Puzzle":48,"WristBlade":64,"Strawberry":16,"MutagenicStrength":39,"Bronze Scales":39,"Tiny Chest":51,"Ring of the Snake":0,"Meat on the Bone":74}],"Ring of the Snake":[50],"Meat on the Bone":36},"card_choices":[{"not_picked":["Underhanded Strike","Finisher","Prepared"],"picked":"SKIP","floor":1.0},{"not_picked":["Tactician","Outmaneuver"],"picked":"Backstab","floor":4.0},{"not_picked":["Outmaneuver","Eviscerate"],"picked":"Dagger Throw","floor":6.0},{"not_picked":["Deadly Poison","Flechettes"],"picked":"Dagger Spray","floor":8.0},{"not_picked":["Sucker Punch","Quick Slash"],"picked":"Blade Dance","floor":10.0},{"not_picked":["Poisoned Stab","Backflip"],"picked":"Noxious Fumes","floor":12.0},{"not_picked":["Flying Knee","Concentrate"],"picked":"Blade Dance","floor":13.0},{"not_picked":["Cloak And Dagger","Eviscerate","Deflect"],"picked":"SKIP","floor":14.0},{"not_picked":["Venomology","Tools of the Trade"],"picked":"After Image","floor":16.0},{"not_picked":["Bane+1","Cloak And Dagger","Sucker Punch"],"picked":"SKIP","floor":18.0},{"not_picked":["PiercingWail","Poisoned Stab+1"],"picked":"Cloak And Dagger+1","floor":24.0},{"not_picked":["Deflect","Phantasmal Killer","Cloak And Dagger"],"picked":"SKIP","floor":27.0},{"not_picked":["Bane+1","Escape Plan"],"picked":"Well Laid Plans","floor":29.0},{"not_picked":["Quick Slash","Bullet Time"],"picked":"Noxious Fumes","floor":30.0},{"not_picked":["Venomology","Tools of the Trade"],"picked":"Burst","floor":33.0},{"not_picked":["Outmaneuver","Poisoned Stab"],"picked":"Blur+1","floor":35.0},{"not_picked":["Blade Dance","Sucker Punch","Acrobatics"],"picked":"SKIP","floor":41.0},{"not_picked":["Cloak And Dagger","Flying Knee"],"picked":"Crippling Poison","floor":42.0},{"not_picked":["Leg Sweep","Distraction","Backflip"],"picked":"SKIP","floor":44.0},{"not_picked":["Leg Sweep","Distraction","Backflip"],"picked":"SKIP","floor":44.0},{"not_picked":["Die Die Die","Blur"],"picked":"Tools of the Trade","floor":45.0},{"not_picked":["Distraction","Heel Hook"],"picked":"Deflect+1","floor":48.0},{"not_picked":["Flying Knee+1","Deadly Poison+1","Dagger Spray"],"picked":"SKIP","floor":55.0},{"not_picked":["Flying Knee+1","Deadly Poison+1","Dagger Spray"],"picked":"SKIP","floor":55.0}],"player_experience":822493,"relics_obtained":[{"floor":6.0,"key":"Nunchaku"},{"floor":8.0,"key":"Incense Burner"},{"floor":9.0,"key":"Juzu Bracelet"},{"floor":10.0,"key":"Strawberry"},{"floor":12.0,"key":"Pen Nib"},{"floor":24.0,"key":"Tingsha"},{"floor":26.0,"key":"Centennial Puzzle"},{"floor":27.0,"key":"Tiny Chest"},{"floor":41.0,"key":"Paper Crane"},{"floor":43.0,"key":"Meat on the Bone"},{"floor":45.0,"key":"Regal Pillow"},{"floor":55.0,"key":"Akabeko"}],"event_choices":[{"cards_removed":["Strike_G"],"damage_healed":0.0,"max_hp_gain":0.0,"max_hp_loss":0.0,"gold_gain":0.0,"event_name":"The Cleric","player_choice":"Card Removal","floor":3.0,"gold_loss":75.0,"damage_taken":0.0},{"cards_removed":["Strike_G"],"damage_healed":0.0,"max_hp_gain":0.0,"max_hp_loss":0.0,"gold_gain":0.0,"event_name":"Purifier","player_choice":"Purged","floor":5.0,"gold_loss":0.0,"damage_taken":0.0},{"damage_healed":0.0,"max_hp_gain":0.0,"max_hp_loss":0.0,"gold_gain":0.0,"event_name":"The Woman in Blue","player_choice":"Bought 1 Potion","floor":11.0,"gold_loss":0.0,"damage_taken":0.0},{"damage_healed":0.0,"max_hp_gain":0.0,"max_hp_loss":0.0,"gold_gain":0.0,"event_name":"Back to Basics","player_choice":"Simplicity","floor":19.0,"gold_loss":0.0,"damage_taken":0.0,"cards_upgraded":["Defend_G","Defend_G","Defend_G","Defend_G","Defend_G"]},{"damage_healed":0.0,"max_hp_gain":0.0,"max_hp_loss":0.0,"gold_gain":0.0,"event_name":"Drug Dealer","player_choice":"Inject Mutagens","floor":20.0,"gold_loss":0.0,"damage_taken":0.0,"relics_obtained":["MutagenicStrength"]},{"damage_healed":0.0,"max_hp_gain":0.0,"max_hp_loss":0.0,"gold_gain":0.0,"event_name":"Addict","player_choice":"Obtained Relic","floor":22.0,"gold_loss":85.0,"damage_taken":0.0,"relics_obtained":["Bag of Preparation"]},{"damage_healed":0.0,"max_hp_gain":0.0,"max_hp_loss":37.0,"gold_gain":0.0,"event_name":"Ghosts","player_choice":"Became a Ghost","floor":28.0,"gold_loss":0.0,"damage_taken":0.0,"cards_obtained":["Ghostly","Ghostly","Ghostly"]},{"damage_healed":0.0,"max_hp_gain":0.0,"max_hp_loss":0.0,"gold_gain":0.0,"cards_transformed":["Dash"],"event_name":"Transmorgrifier","player_choice":"Transformed","floor":36.0,"gold_loss":0.0,"damage_taken":0.0,"cards_obtained":["Infinite Blades"]},{"damage_healed":0.0,"max_hp_gain":0.0,"max_hp_loss":0.0,"gold_gain":50.0,"event_name":"Golden Shrine","player_choice":"Pray","floor":39.0,"gold_loss":0.0,"damage_taken":0.0},{"damage_healed":0.0,"max_hp_gain":0.0,"max_hp_loss":2.0,"gold_gain":0.0,"event_name":"Winding Halls","player_choice":"Max HP","floor":47.0,"gold_loss":0.0,"damage_taken":0.0}],"is_beta":false,"boss_relics":[{"not_picked":["Calling Bell","Busted Crown"],"picked":"Astrolabe"},{"not_picked":["Cursed Key","Pandora\u0027s Box"],"picked":"WristBlade"}],"items_purged_floors":[31,38,54],"is_endless":false,"potions_floor_spawned":[8,12,14,16,18,24,29,33,41,42,55],"killed_by":"The Heart","ascension_level":20}}