{"host":"bq4pt811tk9yrmjl","time":1613832795,"event":{"mods":["AchievementEnabler","BaseMod","Colored Map","Colored Powertips","Defuse TimeMaze Blight","Minty Spire (QoL Compilation)","Smile Girya","StSLib","SuperFastMode"],"gold_per_floor":[117,117,63,63,81,112,129,140,189,189,189,219,219,68,68,168,168,178,93,113,113,113,113,144,144,144,164,178,178,192,211,211,314,314,329,329,28,28,41,76,125,140,140,189,208,208,61,111,111,111,111,111,12,12,12],"floor_reached":54,"language":"ENG","playtime":721,"items_purged":[],"score":780,"play_id":"fe6a10e6-7e15-481f-bbf6-9631f98e9894","local_time":"20210220125315","is_ascension_mode":true,"campfire_choices":[{"data":"Metallicize","floor":10.0,"key":"SMITH"},{"data":"Anger","floor":13.0,"key":"SMITH"},{"data":"Whirlwind","floor":15.0,"key":"SMITH"},{"data":"Demon Form","floor":23.0,"key":"SMITH"},{"data":"Twin Strike","floor":25.0,"key":"SMITH"},{"data":"Bash","floor":32.0,"key":"SMITH"},{"floor":46,"key":"RECALL"},{"data":"Limit Break","floor":49,"key":"SMITH"},{"data":"Armaments","floor":52,"key":"SMITH"}],"circlet_count":0,"master_deck":["Strike_R","Strike_R","Strike_R","Strike_R","Strike_R","Defend_R","Defend_R+1","Defend_R","Defend_R+1","Bash+1","Metallicize+1","Clash","Anger+1","Twin Strike+1","Whirlwind+1","Demon Form+1","Wild Strike+1","Flame Barrier+1","Cleave+1","Flex+1","Limit Break+1","Bloodletting+1","Disarm+1","Armaments+1"],"relics":["Burning Blood","NeowsBlessing","StrikeDummy","Bronze Scales","Medical Kit","Mark of Pain","Gremlin Horn","MutagenicStrength","Meat on the Bone","Vajra","Busted Crown","Sling","Pen Nib","Darkstone Periapt","Prayer Wheel","Self Forming Clay","Regal Pillow","Ancient Tea Set","StoneCalendar"],"acts_visited":["Exordium","TheCity","TheBeyond","TheEnding"],"potions_floor_usage":[40,42,45,50,54],"damage_taken":[{"damage":0.0,"enemies":"Cultist","floor":1.0,"turns":1.0},{"damage":0.0,"enemies":"Jaw Worm","floor":5.0,"turns":1.0},{"damage":0.0,"enemies":"Lagavulin","floor":6.0,"turns":1.0},{"damage":0.0,"enemies":"Small Slimes","floor":7.0,"turns":3.0},{"damage":9.0,"enemies":"Blue Slaver","floor":8.0,"turns":3.0},{"damage":10.0,"enemies":"Gremlin Nob","floor":12.0,"turns":3.0},{"damage":47.0,"enemies":"The Guardian","floor":16.0,"turns":12.0},{"damage":10.0,"enemies":"Spheric Guardian","floor":18.0,"turns":3.0},{"damage":0.0,"enemies":"3 Byrds","floor":20.0,"turns":2.0},{"damage":0.0,"enemies":"Gremlin Leader","floor":24.0,"turns":3.0},{"damage":10.0,"enemies":"Centurion and Healer","floor":27.0,"turns":4.0},{"damage":5.0,"enemies":"Sentry and Sphere","floor":28.0,"turns":3.0},{"damage":0.0,"enemies":"3 Cultists","floor":30.0,"turns":2.0},{"damage":3.0,"enemies":"Snake Plant","floor":31.0,"turns":3.0},{"damage":19.0,"enemies":"Collector","floor":33.0,"turns":5.0},{"damage":22.0,"enemies":"3 Darklings","floor":35.0,"turns":3.0},{"damage":0.0,"enemies":"3 Shapes","floor":39.0,"turns":1.0},{"damage":0,"enemies":"Reptomancer","floor":40,"turns":2},{"damage":10,"enemies":"2 Orb Walkers","floor":41,"turns":3},{"damage":27,"enemies":"Spire Growth","floor":42,"turns":3},{"damage":3,"enemies":"Sphere and 2 Shapes","floor":45,"turns":1},{"damage":0,"enemies":"Mind Bloom Boss Battle","floor":48,"turns":4},{"damage":53,"enemies":"Time Eater","floor":50,"turns":8},{"damage":68,"enemies":"Shield and Spear","floor":54,"turns":4}],"seed_played":"-9189424615744375762","potions_obtained":[{"floor":1.0,"key":"AttackPotion"},{"floor":6.0,"key":"PowerPotion"},{"floor":12.0,"key":"SpeedPotion"},{"floor":16.0,"key":"DuplicationPotion"},{"floor":24.0,"key":"AttackPotion"},{"floor":28.0,"key":"PowerPotion"},{"floor":35.0,"key":"Energy Potion"},{"floor":39.0,"key":"PowerPotion"},{"floor":41,"key":"Block Potion"},{"floor":42,"key":"Weak Potion"}],"is_trial":false,"path_per_floor":["M","$","$","?","M","E","M","M","T","R","?","E","R","$","R","B",null,"M","?","M","$","?","R","E","R","T","M","M","?","M","M","R","B",null,"M","?","$","?","M","E","?","M","T","T","M","R","$","?","R","B",null,"R","$","E"],"character_chosen":"IRONCLAD","items_purchased":["Clash","Medical Kit","Sling","Pen Nib","Ancient Tea Set","Dexterity Potion","Explosive Potion"],"campfire_rested":0,"item_purchase_floors":[3,14,37,37,47,53,53],"current_hp_per_floor":[80,80,80,80,80,80,80,77,77,77,61,57,57,57,57,16,80,76,76,80,80,80,80,80,80,80,76,77,77,80,80,80,67,80,64,64,64,64,70,76,72,51,51,51,54,54,54,60,60,25,80,80,80,12,12],"gold":12,"neow_bonus":"THREE_ENEMY_KILL","is_daily":false,"chose_seed":false,"campfire_upgraded":8,"win_rate":0.0,"timestamp":1613832795,"path_taken":["M","?","$","?","M","E","M","?","T","R","?","E","R","$","R","BOSS","M","?","M","$","?","R","E","R","T","M","M","?","M","M","R","BOSS","M","?","$","?","M","E","?","M","T","?","?","R","$","?","R","BOSS","R","$","E"],"items_purchased_type":["Card","Relic","Relic","Relic","Relic","Potion","Potion"],"build_version":"2020-12-22","purchased_purges":0,"victory":false,"max_hp_per_floor":[80,80,80,80,80,80,80,80,80,80,80,80,80,80,80,80,80,80,80,80,80,80,80,80,80,80,80,80,80,80,80,80,80,80,80,80,80,80,80,80,80,80,80,80,80,80,80,80,80,80,80,80,80,80,80],"card_choices":[{"not_picked":["Cleave","Reckless Charge"],"picked":"Metallicize","floor":1.0},{"not_picked":["Twin Strike","Headbutt"],"picked":"Anger","floor":5.0},{"not_picked":["Havoc","Feel No Pain","Headbutt"],"picked":"SKIP","floor":6.0},{"not_picked":["Wild Strike","Searing Blow"],"picked":"Twin Strike","floor":7.0},{"not_picked":["Clash","Sentinel"],"picked":"Whirlwind","floor":8.0},{"not_picked":["Sentinel","Havoc","Power Through"],"picked":"SKIP","floor":12.0},{"not_picked":["Corruption","Brutality"],"picked":"Demon Form","floor":16.0},{"not_picked":["Shrug It Off","Wild Strike+1","Ghostly Armor"],"picked":"SKIP","floor":18.0},{"not_picked":["Shrug It Off","Ghostly Armor"],"picked":"Wild Strike+1","floor":18.0},{"not_picked":["Perfected Strike","Infernal Blade","Anger"],"picked":"SKIP","floor":20.0},{"not_picked":["Clash","Pummel","Burning Pact"],"picked":"SKIP","floor":24.0},{"not_picked":["Carnage","Intimidate"],"picked":"Flame Barrier+1","floor":27.0},{"not_picked":["Headbutt","Feed"],"picked":"Cleave+1","floor":28.0},{"not_picked":["Dark Embrace","Clothesline"],"picked":"Flex+1","floor":30.0},{"not_picked":["Clothesline","Intimidate","Shockwave"],"picked":"SKIP","floor":31.0},{"not_picked":["Reaper","Demon Form"],"picked":"Limit Break","floor":33.0},{"not_picked":["Havoc"],"picked":"SKIP","floor":35.0},{"not_picked":["Twin Strike"],"picked":"SKIP","floor":39.0},{"not_picked":["Havoc"],"picked":"SKIP","floor":40},{"not_picked":[],"picked":"Bloodletting+1","floor":42},{"not_picked":[],"picked":"Disarm+1","floor":42},{"not_picked":[],"picked":"Armaments","floor":45},{"not_picked":["Whirlwind"],"picked":"SKIP","floor":45}],"player_experience":280560,"relics_obtained":[{"floor":6.0,"key":"StrikeDummy"},{"floor":12.0,"key":"Bronze Scales"},{"floor":24.0,"key":"Meat on the Bone"},{"floor":26.0,"key":"Vajra"},{"floor":40,"key":"Darkstone Periapt"},{"floor":41,"key":"Prayer Wheel"},{"floor":43,"key":"Self Forming Clay"},{"floor":44,"key":"Regal Pillow"},{"floor":48,"key":"StoneCalendar"}],"event_choices":[{"damage_healed":0.0,"max_hp_gain":0.0,"max_hp_loss":0.0,"gold_gain":0.0,"event_name":"Transmorgrifier","player_choice":"Ignored","floor":4.0,"gold_loss":0.0,"damage_taken":0.0},{"damage_healed":0.0,"max_hp_gain":0.0,"max_hp_loss":0.0,"gold_gain":0.0,"event_name":"Shining Light","player_choice":"Entered Light","floor":11.0,"gold_loss":0.0,"damage_taken":16.0,"cards_upgraded":["Defend_R","Defend_R"]},{"damage_healed":0.0,"max_hp_gain":0.0,"max_hp_loss":0.0,"gold_gain":0.0,"event_name":"Addict","player_choice":"Obtained Relic","floor":19.0,"gold_loss":85.0,"damage_taken":0.0,"relics_obtained":["Gremlin Horn"]},{"damage_healed":0.0,"max_hp_gain":0.0,"max_hp_loss":0.0,"gold_gain":0.0,"event_name":"Drug Dealer","player_choice":"Inject Mutagens","floor":22.0,"gold_loss":0.0,"damage_taken":0.0,"relics_obtained":["MutagenicStrength"]},{"damage_healed":0.0,"max_hp_gain":0.0,"max_hp_loss":0.0,"gold_gain":0.0,"event_name":"Ghosts","player_choice":"Ignored","floor":29.0,"gold_loss":0.0,"damage_taken":0.0},{"damage_healed":0.0,"max_hp_gain":0.0,"max_hp_loss":0.0,"gold_gain":0.0,"event_name":"Tomb of Lord Red Mask","player_choice":"Ignored","floor":36.0,"gold_loss":0.0,"damage_taken":0.0},{"damage_healed":0.0,"max_hp_gain":0.0,"max_hp_loss":0.0,"gold_gain":0.0,"event_name":"SensoryStone","player_choice":"Memory 1","floor":38.0,"gold_loss":0.0,"damage_taken":0.0},{"damage_healed":0,"gold_gain":0,"player_choice":"Fight","damage_taken":0,"max_hp_gain":0,"max_hp_loss":0,"event_name":"Mysterious Sphere","floor":41,"gold_loss":0},{"damage_healed":0,"gold_gain":0,"player_choice":"Fight","damage_taken":0,"max_hp_gain":0,"max_hp_loss":0,"event_name":"MindBloom","floor":48,"gold_loss":0}],"is_beta":false,"boss_relics":[{"not_picked":["Runic Pyramid","SacredBark"],"picked":"Mark of Pain"},{"not_picked":["Astrolabe","Runic Cube"],"picked":"Busted Crown"}],"items_purged_floors":[],"is_endless":false,"potions_floor_spawned":[1,6,12,16,24,28,35,39,41,42],"killed_by":"Shield and Spear","ascension_level":1}}