{"host":"prxrhpgaxnj4om9r","time":1613822778,"event":{"mods":["AchievementEnabler","BaseMod","Colored Map","DeckTracker","Minty Spire (QoL Compilation)"],"gold_per_floor":[110,185,185,201,201,244,244,270,297,333,333,342,367,408,408,517,517,541,559,412,455,468,468,509,42,42,42,42,70,140,178,178,178,178],"floor_reached":33,"language":"KOR","playtime":1058,"items_purged":[],"score":376,"play_id":"13b28ca7-5072-4395-b2aa-57d2135f2c5b","local_time":"20210220210618","is_ascension_mode":false,"campfire_choices":[{"data":"Eruption","floor":7.0,"key":"SMITH"},{"data":"Ragnarok","floor":11.0,"key":"SMITH"},{"data":"ForeignInfluence","floor":15.0,"key":"SMITH"},{"floor":23,"key":"REST"},{"floor":27,"key":"RECALL"},{"floor":32,"key":"REST"}],"circlet_count":0,"master_deck":["Strike_P","Strike_P","Defend_P","Defend_P","Eruption+1","Vigilance","WreathOfFlame","Consecrate","Ragnarok+1","SandsOfTime","Worship","SandsOfTime","ForeignInfluence+1","SandsOfTime","DeusExMachina","Adaptation","Evaluate","Blasphemy","EmptyMind","Crescendo","Judgement","Halt","Halt+1","Sanctity"],"relics":["PureWater","NeowsBlessing","CeramicFish","PreservedInsect","FossilizedHelix","Bronze Scales","Philosopher\u0027s Stone","Damaru","Red Mask","Letter Opener","StoneCalendar","Ornamental Fan","SsserpentHead","Frozen Egg 2"],"acts_visited":["Exordium","TheCity"],"potions_floor_usage":[24,24,30,31,33],"damage_taken":[{"damage":0.0,"enemies":"Small Slimes","floor":1.0,"turns":1.0},{"damage":0.0,"enemies":"2 Louse","floor":4.0,"turns":1.0},{"damage":0.0,"enemies":"3 Sentries","floor":6.0,"turns":1.0},{"damage":0.0,"enemies":"Cultist","floor":8.0,"turns":1.0},{"damage":0.0,"enemies":"Gremlin Nob","floor":10.0,"turns":2.0},{"damage":0.0,"enemies":"Exordium Wildlife","floor":13.0,"turns":2.0},{"damage":0.0,"enemies":"3 Sentries","floor":14.0,"turns":1.0},{"damage":37.0,"enemies":"The Guardian","floor":16.0,"turns":5.0},{"damage":8.0,"enemies":"3 Byrds","floor":18.0,"turns":3.0},{"damage":32,"enemies":"Masked Bandits","floor":21,"turns":3},{"damage":0,"enemies":"Spheric Guardian","floor":22,"turns":2},{"damage":1,"enemies":"Slavers","floor":24,"turns":3},{"damage":0,"enemies":"Snecko","floor":29,"turns":3},{"damage":0,"enemies":"Snake Plant","floor":30,"turns":2},{"damage":20,"enemies":"Gremlin Leader","floor":31,"turns":3},{"damage":70,"enemies":"Champ","floor":33,"turns":8}],"seed_played":"-8772145405923315054","potions_obtained":[{"floor":4.0,"key":"SpeedPotion"},{"floor":8.0,"key":"EssenceOfSteel"},{"floor":13.0,"key":"Energy Potion"},{"floor":14.0,"key":"SmokeBomb"},{"floor":21,"key":"Ancient Potion"},{"floor":29,"key":"StancePotion"},{"floor":30,"key":"Fire Potion"},{"floor":31,"key":"SteroidPotion"}],"is_trial":false,"path_per_floor":["M","?","?","M","?","E","R","M","T","E","R","?","M","E","R","B",null,"M","?","$","?","M","R","E","$","T","R","?","M","M","E","R","B"],"character_chosen":"WATCHER","items_purchased":["Damaru","StoneCalendar","Judgement"],"campfire_rested":2,"item_purchase_floors":[20,25,25],"current_hp_per_floor":[72,61,61,61,61,61,61,61,61,61,61,61,61,61,61,24,72,64,64,64,32,32,53,52,52,52,52,52,52,52,32,53,0,0],"gold":178,"neow_bonus":"THREE_ENEMY_KILL","is_daily":false,"chose_seed":false,"campfire_upgraded":3,"win_rate":0.0,"timestamp":1613822778,"path_taken":["M","?","?","?","?","E","R","M","T","E","R","?","M","E","R","BOSS","M","?","$","?","M","R","E","$","T","R","?","M","?","E","R","BOSS"],"items_purchased_type":["Relic","Relic","Card"],"build_version":"2020-12-22","purchased_purges":0,"victory":false,"max_hp_per_floor":[72,72,72,72,72,72,72,72,72,72,72,72,72,72,72,72,72,72,72,72,72,72,72,72,72,72,72,72,72,72,72,72,72,72],"card_choices":[{"not_picked":["FollowUp","EmptyFist"],"picked":"WreathOfFlame","floor":1.0},{"not_picked":["EmptyFist","Evaluate"],"picked":"Consecrate","floor":4.0},{"not_picked":["Worship","TalkToTheHand"],"picked":"Ragnarok","floor":6.0},{"not_picked":["Consecrate","EmptyFist"],"picked":"SandsOfTime","floor":8.0},{"not_picked":["Prostrate","BowlingBash"],"picked":"Worship","floor":10.0},{"not_picked":["FlyingSleeves","FearNoEvil"],"picked":"ForeignInfluence","floor":13.0},{"not_picked":["WaveOfTheHand","Weave"],"picked":"SandsOfTime","floor":14.0},{"not_picked":["ConjureBlade","SpiritShield"],"picked":"DeusExMachina","floor":16.0},{"not_picked":["Sanctity","BowlingBash"],"picked":"Adaptation","floor":18.0},{"not_picked":["FollowUp+1","ThirdEye+1"],"picked":"EmptyMind","floor":21},{"not_picked":["EmptyBody","Adaptation","Nirvana"],"picked":"SKIP","floor":22},{"not_picked":["Vengeance","Consecrate"],"picked":"Crescendo","floor":24},{"not_picked":["InnerPeace","SashWhip"],"picked":"Halt","floor":29},{"not_picked":["MasterReality","ClearTheMind"],"picked":"Halt+1","floor":30},{"not_picked":["ForeignInfluence","Consecrate"],"picked":"Sanctity","floor":31}],"player_experience":554477,"relics_obtained":[{"floor":6.0,"key":"CeramicFish"},{"floor":9.0,"key":"PreservedInsect"},{"floor":10.0,"key":"FossilizedHelix"},{"floor":14.0,"key":"Bronze Scales"},{"floor":21,"key":"Red Mask"},{"floor":24,"key":"Letter Opener"},{"floor":26,"key":"Ornamental Fan"},{"floor":31,"key":"Frozen Egg 2"}],"event_choices":[{"damage_healed":0.0,"max_hp_gain":0.0,"max_hp_loss":0.0,"gold_gain":75.0,"event_name":"World of Goop","player_choice":"Gather Gold","floor":2.0,"gold_loss":0.0,"damage_taken":11.0},{"cards_removed":["Defend_P"],"damage_healed":0.0,"max_hp_gain":0.0,"max_hp_loss":0.0,"gold_gain":0.0,"event_name":"Purifier","player_choice":"Purged","floor":3.0,"gold_loss":0.0,"damage_taken":0.0},{"damage_healed":0.0,"max_hp_gain":0.0,"max_hp_loss":0.0,"gold_gain":0.0,"event_name":"The Cleric","player_choice":"Leave","floor":5.0,"gold_loss":0.0,"damage_taken":0.0},{"damage_healed":0.0,"max_hp_gain":0.0,"max_hp_loss":0.0,"gold_gain":0.0,"cards_transformed":["Strike_P"],"event_name":"Living Wall","player_choice":"Change","floor":12.0,"gold_loss":0.0,"damage_taken":0.0,"cards_obtained":["SandsOfTime"]},{"damage_healed":0.0,"max_hp_gain":0.0,"max_hp_loss":0.0,"gold_gain":0.0,"cards_transformed":["Defend_P","Strike_P"],"event_name":"Drug Dealer","player_choice":"Became Test Subject","floor":19.0,"gold_loss":0.0,"damage_taken":0.0,"cards_obtained":["Evaluate","Blasphemy"]},{"damage_healed":0,"gold_gain":0,"player_choice":"Fought Bandits","damage_taken":0,"max_hp_gain":0,"max_hp_loss":0,"event_name":"Masked Bandits","floor":21,"gold_loss":0},{"damage_healed":0,"gold_gain":0,"player_choice":"Trade","damage_taken":0,"relics_obtained":["SsserpentHead"],"max_hp_gain":0,"max_hp_loss":0,"event_name":"FaceTrader","floor":28,"gold_loss":0}],"is_beta":false,"boss_relics":[{"not_picked":["VioletLotus","Runic Dome"],"picked":"Philosopher\u0027s Stone"}],"items_purged_floors":[],"is_endless":false,"potions_floor_spawned":[4,8,13,14,21,29,30,31],"killed_by":"Champ","ascension_level":0}}