{"host":"t81nzcd9m7brb0qe","time":1613818822,"event":{"mods":["2.2 Compatiblity","BaseMod","Colored Map","Dark Map","Highlight Path","Minty Spire (QoL Compilation)","Slay-I","StSLib"],"gold_per_floor":[217,217,234,250,31,62,74,74,101,101,116,116,130,180,180,284,284,301,301,312,312,392,392,425,425,452,484,484,1,1,13,13,13,13],"floor_reached":33,"language":"ENG","playtime":2947,"items_purged":["Strike_G+1"],"score":323,"play_id":"1f20de88-fa17-47af-8268-cb54fe0ae5ad","local_time":"20210220030022","is_ascension_mode":true,"campfire_choices":[{"floor":10,"key":"REST"},{"data":"Blur","floor":12,"key":"SMITH"},{"floor":15,"key":"REST"},{"data":"Neutralize","floor":23,"key":"SMITH"},{"floor":25,"key":"REST"},{"data":"Cloak And Dagger","floor":28,"key":"SMITH"},{"data":"Reflex","floor":32,"key":"SMITH"}],"circlet_count":0,"master_deck":["Strike_G+1","Strike_G+1","Strike_G+1","Defend_G+1","Defend_G+1","Defend_G+1","Defend_G+1","Defend_G+1","Survivor+1","Neutralize+1","Noxious Fumes","Reflex+1","Blur+1","Cloak And Dagger+1","Sucker Punch+1","Deadly Poison","Die Die Die","Quick Slash","Backstab","Die Die Die+1","Terror+1","PiercingWail+1","Sucker Punch","PiercingWail","Backflip","Acrobatics+1"],"relics":["Ring of the Snake","PreservedInsect","Akabeko","Potion Belt","Omamori","Calling Bell","Bag of Marbles","Gremlin Horn","CaptainsWheel","Meat on the Bone","Orichalcum","Whetstone","Bronze Scales","StoneCalendar","War Paint"],"acts_visited":["Exordium","TheCity"],"potions_floor_usage":[1,16,33,33,33,33],"damage_taken":[{"damage":3,"enemies":"Jaw Worm","floor":1,"turns":9},{"damage":5,"enemies":"Cultist","floor":3,"turns":4},{"damage":0,"enemies":"Small Slimes","floor":4,"turns":5},{"damage":51,"enemies":"Gremlin Nob","floor":6,"turns":6},{"damage":3,"enemies":"3 Louse","floor":7,"turns":4},{"damage":2,"enemies":"Looter","floor":11,"turns":3},{"damage":0,"enemies":"Blue Slaver","floor":13,"turns":4},{"damage":45,"enemies":"Hexaghost","floor":16,"turns":12},{"damage":0,"enemies":"Chosen","floor":18,"turns":3},{"damage":17,"enemies":"Shell Parasite","floor":20,"turns":5},{"damage":19,"enemies":"Gremlin Leader","floor":24,"turns":3},{"damage":0,"enemies":"Slavers","floor":27,"turns":1},{"damage":0,"enemies":"Sentry and Sphere","floor":31,"turns":4},{"damage":64,"enemies":"Champ","floor":33,"turns":13}],"seed_played":"-3015822599291183507","potions_obtained":[{"floor":1,"key":"Fruit Juice"},{"floor":4,"key":"Energy Potion"},{"floor":6,"key":"Ancient Potion"},{"floor":13,"key":"CunningPotion"},{"floor":18,"key":"Swift Potion"},{"floor":24,"key":"BlessingOfTheForge"},{"floor":31,"key":"FearPotion"}],"is_trial":false,"path_per_floor":["M","?","M","M","$","E","M","?","T","R","M","R","M","?","R","B",null,"M","?","M","?","T","R","E","R","T","E","R","$","?","M","R","B"],"character_chosen":"THE_SILENT","items_purchased":["PreservedInsect","Sucker Punch","Deadly Poison","StoneCalendar","Backflip","Energy Potion"],"campfire_rested":3,"item_purchase_floors":[5,5,5,29,29,29],"current_hp_per_floor":[72,72,67,67,67,16,13,13,13,35,33,33,33,33,55,10,75,75,75,58,58,58,58,39,61,61,61,61,61,61,61,61,0,0],"gold":13,"neow_bonus":"HUNDRED_GOLD","is_daily":false,"chose_seed":false,"campfire_upgraded":4,"win_rate":0.0,"timestamp":1613818822,"path_taken":["M","?","?","M","$","E","M","?","T","R","M","R","M","?","R","BOSS","M","?","M","?","?","R","E","R","T","E","R","$","?","M","R","BOSS"],"items_purchased_type":["Relic","Card","Card","Relic","Card","Potion"],"build_version":"2020-12-22","purchased_purges":1,"victory":false,"max_hp_per_floor":[75,75,75,75,75,75,75,75,75,75,75,75,75,75,75,75,75,75,75,75,75,75,75,75,75,75,75,75,75,75,75,75,75,75],"card_choices":[{"not_picked":["Quick Slash","Concentrate"],"picked":"Noxious Fumes","floor":1},{"not_picked":["Riddle With Holes","Reflex"],"picked":"Blur","floor":3},{"not_picked":["PiercingWail","Riddle With Holes"],"picked":"Cloak And Dagger","floor":4},{"not_picked":["Catalyst","Blur"],"picked":"Die Die Die","floor":6},{"not_picked":["Accuracy","Underhanded Strike"],"picked":"Quick Slash","floor":7},{"not_picked":["Choke","Reflex","Bane"],"picked":"SKIP","floor":11},{"not_picked":["Sucker Punch","Acrobatics"],"picked":"Backstab","floor":13},{"not_picked":["Venomology","Corpse Explosion"],"picked":"Die Die Die","floor":16},{"not_picked":["Bane","Poisoned Stab+1"],"picked":"Terror","floor":18},{"not_picked":["Quick Slash+1","Dagger Throw+1"],"picked":"PiercingWail+1","floor":20},{"not_picked":["Envenom","Bane"],"picked":"Sucker Punch","floor":24},{"not_picked":["Deflect","Bane+1"],"picked":"PiercingWail","floor":27},{"not_picked":["Dagger Spray+1","Underhanded Strike"],"picked":"Acrobatics+1","floor":31}],"player_experience":132470,"relics_obtained":[{"floor":6,"key":"Akabeko"},{"floor":9,"key":"Omamori"},{"floor":17,"key":"Bag of Marbles"},{"floor":17,"key":"Gremlin Horn"},{"floor":17,"key":"CaptainsWheel"},{"floor":22,"key":"Meat on the Bone"},{"floor":24,"key":"Orichalcum"},{"floor":26,"key":"Whetstone"},{"floor":27,"key":"Bronze Scales"}],"event_choices":[{"damage_healed":0,"gold_gain":0,"cards_transformed":["Strike_G"],"player_choice":"Transformed","damage_taken":0,"max_hp_gain":0,"max_hp_loss":0,"event_name":"Transmorgrifier","floor":2,"gold_loss":0,"cards_obtained":["Reflex"]},{"damage_healed":0,"gold_gain":0,"player_choice":"Searched \u00272\u0027 times","damage_taken":0,"relics_obtained":["Potion Belt"],"max_hp_gain":0,"max_hp_loss":0,"event_name":"Dead Adventurer","floor":8,"gold_loss":0},{"damage_healed":0,"gold_gain":50,"player_choice":"Gained Gold","damage_taken":0,"max_hp_gain":0,"max_hp_loss":0,"event_name":"Golden Wing","floor":14,"gold_loss":0},{"damage_healed":0,"gold_gain":0,"player_choice":"Ignored","damage_taken":0,"max_hp_gain":0,"max_hp_loss":0,"event_name":"Vampires","floor":19,"gold_loss":0},{"damage_healed":0,"gold_gain":0,"player_choice":"Simplicity","damage_taken":0,"max_hp_gain":0,"max_hp_loss":0,"event_name":"Back to Basics","floor":21,"gold_loss":0,"cards_upgraded":["Strike_G","Strike_G","Strike_G","Strike_G","Defend_G","Defend_G","Defend_G","Defend_G","Defend_G"]},{"damage_healed":0,"gold_gain":0,"player_choice":"Opened","damage_taken":0,"relics_obtained":["War Paint"],"max_hp_gain":0,"max_hp_loss":0,"event_name":"The Mausoleum","floor":30,"gold_loss":0}],"is_beta":false,"boss_relics":[{"not_picked":["Empty Cage","Tiny House"],"picked":"Calling Bell"}],"items_purged_floors":[29],"is_endless":false,"potions_floor_spawned":[1,4,6,13,18,24,31],"killed_by":"Champ","ascension_level":1}}