{"host":"kh6fvhxn285ncg0o","time":1613811846,"event":{"mods":["Act Like it!","BaseMod","Colored Map","Friendly Minions","Keyboard Shortcuts","Minty Spire (QoL Compilation)","Quick Restart","Relic Stats","StSLib","SuperFastMode","UnlockEverythingMod"],"gold_per_floor":[117,42,53,53,72,72,84,112,112,112,139,214,214,214,214],"floor_reached":14,"language":"KOR","playtime":148,"items_purged":[],"score":196,"play_id":"7ff8aa3c-433c-4481-ac30-baa5e2402b69","local_time":"20210220180406","is_ascension_mode":true,"campfire_choices":[{"data":"Fire Breathing","floor":6,"key":"SMITH"},{"floor":13,"key":"REST"}],"circlet_count":0,"master_deck":["AscendersBane","Strike_R","Strike_R","Strike_R","Strike_R","Defend_R","Defend_R","Defend_R","Defend_R","Bash","Fire Breathing+1","Power Through","Seeing Red","Body Slam"],"relics":["Burning Blood","NeowsBlessing","Gremlin Horn","Turnip","CaptainsWheel","StrikeDummy"],"acts_visited":["Exordium"],"potions_floor_usage":[8,8,11],"damage_taken":[{"damage":0,"enemies":"Cultist","floor":1,"turns":1},{"damage":0,"enemies":"Small Slimes","floor":3,"turns":1},{"damage":0,"enemies":"2 Louse","floor":5,"turns":1},{"damage":18,"enemies":"Lots of Slimes","floor":7,"turns":4},{"damage":28,"enemies":"Gremlin Nob","floor":8,"turns":4},{"damage":33,"enemies":"Lagavulin","floor":11,"turns":10},{"damage":38,"enemies":"Gremlin Nob","floor":14,"turns":4}],"seed_played":"-5655398979903524389","potions_obtained":[{"floor":1,"key":"PowerPotion"},{"floor":7,"key":"Swift Potion"},{"floor":8,"key":"Regen Potion"}],"is_trial":false,"path_per_floor":["M","?","M","$","M","R","M","E","T","?","E","?","R","E"],"character_chosen":"IRONCLAD","items_purchased":[],"campfire_rested":1,"item_purchase_floors":[],"current_hp_per_floor":[74,74,75,75,75,75,63,41,41,30,18,7,29,0,0],"gold":214,"neow_bonus":"THREE_ENEMY_KILL","is_daily":false,"chose_seed":false,"campfire_upgraded":1,"win_rate":0.0,"timestamp":1613811846,"path_taken":["M","?","M","$","M","R","M","E","T","?","E","?","R","E"],"items_purchased_type":[],"build_version":"2020-12-22","purchased_purges":0,"victory":false,"max_hp_per_floor":[75,75,75,75,75,75,75,75,75,75,75,75,75,75,75],"relic_stats":{"Gremlin Horn":[0,0],"counters":[7,25],"Turnip":[0],"obtain_stats":[{"CaptainsWheel":10,"NeowsBlessing":0,"Gremlin Horn":8,"Turnip":9,"StrikeDummy":11,"Burning Blood":0},{"CaptainsWheel":5,"NeowsBlessing":0,"Gremlin Horn":5,"Turnip":5,"StrikeDummy":6,"Burning Blood":0},{"CaptainsWheel":11,"NeowsBlessing":0,"Gremlin Horn":11,"Turnip":11,"StrikeDummy":21,"Burning Blood":0}],"Burning Blood":25},"card_choices":[{"not_picked":["Rampage","Evolve"],"picked":"Fire Breathing","floor":1},{"not_picked":["Wild Strike","Whirlwind"],"picked":"Power Through","floor":3},{"not_picked":["Twin Strike","Sword Boomerang"],"picked":"Seeing Red","floor":5},{"not_picked":["Rampage","Iron Wave","Pommel Strike"],"picked":"SKIP","floor":8},{"not_picked":["Entrench","Heavy Blade"],"picked":"Body Slam","floor":11}],"player_experience":1480911,"relics_obtained":[{"floor":8,"key":"Gremlin Horn"},{"floor":9,"key":"Turnip"},{"floor":11,"key":"StrikeDummy"}],"event_choices":[{"cards_removed":["Strike_R"],"damage_healed":0,"gold_gain":0,"player_choice":"Card Removal","damage_taken":0,"max_hp_gain":0,"max_hp_loss":0,"event_name":"The Cleric","floor":2,"gold_loss":75},{"damage_healed":0,"gold_gain":0,"player_choice":"Success","damage_taken":11,"relics_obtained":["CaptainsWheel"],"max_hp_gain":0,"max_hp_loss":0,"event_name":"Scrap Ooze","floor":10,"gold_loss":0},{"damage_healed":0,"gold_gain":75,"player_choice":"Gather Gold","damage_taken":11,"max_hp_gain":0,"max_hp_loss":0,"event_name":"World of Goop","floor":12,"gold_loss":0}],"is_beta":false,"boss_relics":[],"items_purged_floors":[],"is_endless":false,"potions_floor_spawned":[1,7,8],"killed_by":"Gremlin Nob","ascension_level":20}}