{"host":"tdq5vwehmzjlkkx3","time":1613855172,"event":{"mods":["2.2 Compatiblity","Act Like it!","Aspiration","Astrologer","BaseMod","Beaked The Cultist","Better Altar","Better Match","Better Note","Better Third Choice","BetterRewards","Clockwork Mod","Colored Map","Colorless Booster Pack","Conjunction","Conspire","Defuse TimeMaze Blight","Downfall","Energized Spire","FetchMod","Friendly Minions","FruityMod","GifTheSpireLib","Glutton Mod","Gremlin Mod","Halation","Hallownest","Highlight Path","Hubris","Infinite Spire","Key Reminder","Lotus Mark","Mimic Mod","Minty Spire (QoL Compilation)","Pale of the Ancients","Random Character Button","Reworked Bosses","SCP261 Mod","Small Relic Pack","StSLib","Strawberry Spire","Stuff the Spire","The Bladedancer","The Clintock","The Construct","The Disciple","The Jungle","The Marked","The Mystic","The Servant","TheFirefly","Trackpad","Unceasing Turn Reminder","UnlockEverythingMod","Wandering Minibosses"],"gold_per_floor":[99,114,127,227,240,266,266,266,281,308,26,43,43,43,55,155,155,155,169,187,287,307,35,59,79,98,126,143,243,255,255,265,363,363,363,375,109,109,109,109,136,169,169,187,187,187,199,199,211,211],"floor_reached":51,"language":"ENG","playtime":3697,"items_purged":["Guardian:Strike_Guardian","Guardian:Defend_Guardian","Guardian:Defend_Guardian"],"score":861,"play_id":"3c01a0f9-9cfd-416a-9d73-410e2e36a76a","local_time":"20210220130612","is_ascension_mode":false,"campfire_choices":[{"data":"Guardian:BronzeArmor","floor":1,"key":"SMITH"},{"data":"Guardian:Orbwalk","floor":8,"key":"SMITH"},{"data":"Guardian:FloatingOrbs","floor":13,"key":"SMITH"},{"data":"Guardian:FloatingOrbs","floor":18,"key":"SMITH"},{"data":"Guardian:FloatingOrbs","floor":29,"key":"SMITH"},{"data":"Echo Form","floor":35,"key":"SMITH"},{"data":"StuffTheSpire:BrainWave","floor":46,"key":"SMITH"}],"circlet_count":0,"master_deck":["Guardian:Strike_Guardian","Guardian:Strike_Guardian","Guardian:Defend_Guardian","Guardian:Defend_Guardian","Guardian:CurlUp","Guardian:TwinSlam","Guardian:BronzeArmor+1","Guardian:Recover","Guardian:Clone","Guardian:FloatingOrbs+1","Guardian:Orbwalk+1","Guardian:ShieldCharger","Guardian:ShieldCharger","Guardian:BronzeOrb","Guardian:FloatingOrbs+1","Guardian:BronzeOrb","Guardian:FloatingOrbs+1","Guardian:StasisStrike","Defragment","Loop+1","Echo Form+1","expansioncontent:Hexaburn","StuffTheSpire:BrainWave+1","Electrodynamics+1","Parasite"],"relics":["Guardian:ModeShifter","trackpad:Mousetrap","Lizard Tail","Oddly Smooth Stone","keyreminder:keyreminder","DollysMirror","aspiration:DefectSkillbook","downfall:GremlinWheel","StuffTheSpire:Experiment12","aspiration:HiddenCompartment","aspiration:StickyExplosives_weak","downfall:HeartBlessingGreen","energizedSpire:MagnifyingGlass","trackpad:PetRock","halation:EternalFortune","conspire:RoyalGoblet","aspiration:EmptySkull","strawberrySpire:Treaders","Vajra"],"acts_visited":["Exordium","TheCity","TheBeyond"],"potions_floor_usage":[10,21,21,25,28],"damage_taken":[{"damage":0,"enemies":"Small Slimes","floor":2,"turns":4},{"damage":0,"enemies":"Jaw Worm","floor":3,"turns":6},{"damage":1,"enemies":"Cultist","floor":5,"turns":5},{"damage":0,"enemies":"Lagavulin","floor":6,"turns":10},{"damage":13,"enemies":"Red Slaver","floor":9,"turns":3},{"damage":0,"enemies":"Gremlin Nob","floor":10,"turns":5},{"damage":0,"enemies":"downfall:FleeingMerchant","floor":11,"turns":4},{"damage":0,"enemies":"2 Fungi Beasts","floor":12,"turns":3},{"damage":0,"enemies":"Exordium Wildlife","floor":15,"turns":3},{"damage":0,"enemies":"IC_STATUS_ARCHETYPE","floor":16,"turns":7},{"damage":4,"enemies":"Shell Parasite","floor":19,"turns":5},{"damage":0,"enemies":"Chosen","floor":20,"turns":4},{"damage":15,"enemies":"Chosen","floor":21,"turns":3},{"damage":0,"enemies":"Centurion and Healer","floor":22,"turns":5},{"damage":0,"enemies":"downfall:FleeingMerchant","floor":23,"turns":4},{"damage":0,"enemies":"Sentry and Sphere","floor":25,"turns":4},{"damage":0,"enemies":"Cultist and Chosen","floor":26,"turns":4},{"damage":12,"enemies":"Slavers","floor":27,"turns":5},{"damage":4,"enemies":"Snake Plant","floor":28,"turns":4},{"damage":0,"enemies":"conspire:HollyBat","floor":30,"turns":6},{"damage":0,"enemies":"Centurion and Healer","floor":32,"turns":4},{"damage":9,"enemies":"DF_ARCHETYPE_CLAW","floor":33,"turns":6},{"damage":0,"enemies":"3 Shapes","floor":36,"turns":4},{"damage":0,"enemies":"downfall:FleeingMerchant","floor":37,"turns":4},{"damage":0,"enemies":"Giant Head","floor":42,"turns":8},{"damage":5,"enemies":"Orb Walker","floor":44,"turns":4},{"damage":14,"enemies":"Jaw Worm Horde","floor":47,"turns":4},{"damage":0,"enemies":"Writhing Mass","floor":49,"turns":5},{"damage":0,"enemies":"SI_POISON_ARCHETYPE","floor":50,"turns":7}],"seed_played":"154488847832260936","potions_obtained":[{"floor":5,"key":"Swift Potion"},{"floor":9,"key":"Explosive Potion"},{"floor":10,"key":"SCP261:DewritoBlazePotion"},{"floor":15,"key":"conspire:TimeTravelPotion"},{"floor":21,"key":"SCP261:BlastolaColaPotion"},{"floor":22,"key":"SteroidPotion"},{"floor":25,"key":"Fruit Juice"},{"floor":26,"key":"Energy Potion"},{"floor":30,"key":"DistilledChaos"},{"floor":33,"key":"conspire:TimeTravelPotion"}],"is_trial":false,"path_per_floor":["R","M","M","?","M","E","T","R","M","E","$","M","R","?","M","B",null,"R","M","M","?","M","$","T","M","M","E","M","R","M","?","M","B",null,"R","M","$","?","AVR","?","T","E","?","M","?","R","M","?","M","B",null],"character_chosen":"GUARDIAN","items_purchased":["DollysMirror","Guardian:BronzeOrb","StuffTheSpire:Experiment12","trackpad:PetRock","expansioncontent:Hexaburn"],"campfire_rested":0,"item_purchase_floors":[11,11,23,37,37],"current_hp_per_floor":[80,80,80,80,79,79,79,79,66,66,66,66,66,66,66,66,80,80,76,76,76,76,76,76,81,81,69,65,65,65,65,65,56,85,85,85,85,88,88,80,80,80,80,75,75,75,61,61,61,61],"gold":211,"neow_bonus":"THREE_CARDS","is_daily":false,"chose_seed":false,"campfire_upgraded":7,"win_rate":0.0,"timestamp":1613855172,"path_taken":["R","M","M","?","M","E","T","R","M","E","$","M","R","?","M","BOSS","R","M","M","?","?","?","T","M","M","E","M","R","M","?","M","BOSS","R","M","$","?","AVR","?","T","E","?","M","?","R","M","?","M","BOSS"],"items_purchased_type":["Relic","Card","Relic","Relic","Card"],"build_version":"2020-12-22","purchased_purges":3,"victory":true,"max_hp_per_floor":[80,80,80,80,80,80,80,80,80,80,80,80,80,80,80,80,80,80,80,80,80,80,80,80,85,85,85,85,85,85,85,85,85,85,85,85,85,88,88,80,80,80,80,80,80,80,80,80,80,80],"card_choices":[{"not_picked":["Guardian:Recover","Guardian:Suspension"],"picked":"Guardian:BronzeArmor","floor":0},{"not_picked":["Guardian:Reroute","Guardian:Repulse"],"picked":"Guardian:Recover","floor":2},{"not_picked":["Guardian:Reroute","Guardian:Suspension"],"picked":"Guardian:Clone","floor":3},{"not_picked":["Guardian:PrimingBeam","Guardian:BronzeArmor"],"picked":"Guardian:FloatingOrbs","floor":5},{"not_picked":["Guardian:Gem_Red","Guardian:Emergency"],"picked":"Guardian:Orbwalk","floor":6},{"not_picked":["Guardian:Gem_Lightblue","Guardian:BodySlam"],"picked":"Guardian:ShieldCharger","floor":9},{"not_picked":["Guardian:Harden","Guardian:Reroute"],"picked":"Guardian:ShieldCharger","floor":10},{"not_picked":["Guardian:Incinerate","Guardian:Gem_Lightblue"],"picked":"Guardian:BronzeOrb","floor":11},{"not_picked":["Guardian:Harden","Guardian:RollAttack"],"picked":"Guardian:FloatingOrbs","floor":12},{"not_picked":["Guardian:VentSteam","Guardian:CrystalBeam","Guardian:PrismaticBeam"],"picked":"SKIP","floor":15},{"not_picked":["Guardian:VentSteam","Guardian:CrystalBeam","Guardian:PrismaticBeam"],"picked":"SKIP","floor":15},{"not_picked":["Guardian:SphericShield","Guardian:AncientConstruct"],"picked":"Guardian:StasisStrike","floor":16},{"not_picked":["Guardian:WalkerClaw","Guardian:Suspension","Scrape+1","Rebound"],"picked":"SKIP","floor":19},{"not_picked":["Blizzard","Guardian:TemporalShield","strawberrySpire:AngeryBot+1"],"picked":"Guardian:Gem_Lightblue","floor":20},{"not_picked":["strawberrySpire:THEL","Doom and Gloom+1","strawberrySpire:NeonFlight"],"picked":"Defragment","floor":22},{"not_picked":["Guardian:TemporalStrike","Hologram+1","Guardian:VentSteam+1","strawberrySpire:DataDump"],"picked":"SKIP","floor":23},{"not_picked":["Guardian:Reroute","Genetic Algorithm","strawberrySpire:NeonFlight+1","strawberrySpire:Gammacceleration"],"picked":"SKIP","floor":25},{"not_picked":["Steam+1","Guardian:PrimingBeam","Guardian:ChargeCore+1","Darkness+1"],"picked":"SKIP","floor":26},{"not_picked":["Guardian:VentSteam+1","strawberrySpire:NeonFlight","Consume"],"picked":"Loop+1","floor":27},{"not_picked":["strawberrySpire:HateBit+1","Darkness","Steam+1","Sweeping Beam+1"],"picked":"SKIP","floor":28},{"not_picked":["strawberrySpire:Disconnect+1","Guardian:Gem_Red","StuffTheSpire:LoadUp","Guardian:WalkerClaw"],"picked":"SKIP","floor":30},{"not_picked":["Leap","Guardian:BodySlam","Guardian:PrismaticBarrier","Streamline+1"],"picked":"SKIP","floor":32},{"not_picked":["Guardian:FierceBash","Meteor Strike","Guardian:Gem_Synthetic"],"picked":"Echo Form","floor":33},{"not_picked":["Steam+1","StuffTheSpire:Plugnplay","StuffTheSpire:GlassShard","Recycle+1"],"picked":"SKIP","floor":36},{"not_picked":["strawberrySpire:Refactor","StuffTheSpire:Synthwave","strawberrySpire:DataDump","Conserve Battery+1"],"picked":"SKIP","floor":37},{"not_picked":["Guardian:TimeBomb+1","Sweeping Beam+1","Guardian:SentryBeam+1","Guardian:CrystalBeam"],"picked":"SKIP","floor":42},{"not_picked":["Ball Lightning+1","Guardian:Gem_Red","strawberrySpire:Adapter"],"picked":"Electrodynamics","floor":44},{"not_picked":["Guardian:PiercingHide","Guardian:WalkerClaw","Guardian:VentSteam+1","Static Discharge"],"picked":"SKIP","floor":47},{"not_picked":["Guardian:Gem_Green","Guardian:Suspension+1","conspire:Rain+1","Guardian:PiercingHide+1"],"picked":"SKIP","floor":49}],"player_experience":414751,"relics_obtained":[{"floor":6,"key":"trackpad:Mousetrap"},{"floor":7,"key":"Lizard Tail"},{"floor":10,"key":"Oddly Smooth Stone"},{"floor":21,"key":"downfall:GremlinWheel"},{"floor":24,"key":"aspiration:HiddenCompartment"},{"floor":27,"key":"aspiration:StickyExplosives_weak"},{"floor":41,"key":"strawberrySpire:Treaders"},{"floor":42,"key":"Vajra"}],"event_choices":[{"damage_healed":0,"gold_gain":0,"player_choice":"Leave","damage_taken":0,"max_hp_gain":0,"max_hp_loss":0,"event_name":"conspire:Investor","floor":14,"gold_loss":0},{"damage_healed":0,"gold_gain":200,"player_choice":"Gold","damage_taken":0,"max_hp_gain":0,"max_hp_loss":0,"event_name":"Wheel of Change","floor":29,"gold_loss":0},{"cards_removed":["Guardian:Strike_Guardian"],"damage_healed":0,"gold_gain":0,"player_choice":"Removed Attack","damage_taken":0,"max_hp_gain":0,"max_hp_loss":0,"event_name":"Falling","floor":43,"gold_loss":0}],"is_beta":false,"boss_relics":[{"not_picked":["Philosopher\u0027s Stone","conspire:SlowCooker"],"picked":"aspiration:DefectSkillbook"},{"not_picked":["relicPack:StarArrow","trackpad:StolenKidneys"],"picked":"energizedSpire:MagnifyingGlass"}],"items_purged_floors":[11,23,39],"is_endless":false,"potions_floor_spawned":[5,9,10,15,21,22,25,26,30,33,42,49],"ascension_level":0}}