{"host":"3zb2ho7bzwxq1psp","time":1613801663,"event":{"mods":["AchievementEnabler","AlwaysNeverKeys","Aspiration","BaseMod","BetterRewards","CatGirl Mod","Colored Map","Hubris","Minty Spire (QoL Compilation)","Permanent Neow","Quick Restart","Rare Cards Sparkle","Replay The Spire","Shop Mod","StSLib","The Judge","The Jungle","Unceasing Turn Reminder"],"gold_per_floor":[111,161,161,123,123,123,150,150,150,150,16,16,16,16,16,88,88,101,4962,4962,4912,4912,4940,4959,4959,4959,4772,4800,4818,4849,4718,4718,4790,4890,4900,4900,4900,4900,4900,4927,4937,4969,4969,4999,4999,4999,4497,4513,4513,4581,4581,4581,4076,4140,4208],"floor_reached":56,"language":"ENG","playtime":2633,"items_purged":["Strike_P","Strike_P","Strike_P","Strike_P","Defend_P","Defend_P","Eruption"],"score":2681,"play_id":"80032a35-82a6-49a9-933e-a9c5b2c6f264","local_time":"20210219221423","is_ascension_mode":true,"campfire_choices":[{"data":"LikeWater","floor":6,"key":"SMITH"},{"data":"Prostrate","floor":10,"key":"SMITH"},{"floor":13,"key":"REST"},{"floor":15,"key":"DIG"},{"data":"hubris:DuctTapeCard+4","floor":32,"key":"SMITH"},{"data":"hubris:DuctTapeCard+5","floor":45,"key":"SMITH"},{"data":"hubris:DuctTapeCard+6","floor":49,"key":"SMITH"},{"data":"hubris:DuctTapeCard+7","floor":52,"key":"SMITH"}],"circlet_count":0,"master_deck":["Vigilance+1","EmptyFist+1","FollowUp+1","Adaptation+1","BattleHymn+1","Prostrate+1","FollowUp+1","Prostrate+1","LikeWater+1","Consecrate+1","JustLucky+1","Prostrate+1","LikeWater+1","BattleHymn+1","BattleHymn+1","Consecrate+1","TalkToTheHand+1","PathToVictory+1","SashWhip+1","Brilliance+1","hubris:DuctTapeCard+8","Ragnarok+1","Ragnarok+1","JustLucky+1","Flechettes+1","Magnetism+1","SashWhip+1","Leap+1","ReplayTheSpireMod:Brewmster+1","LikeWater+1","Metamorphosis+1","Replay:BasicMightCard+1","Panache+1","Vengeance+1","Study+1","Mind Blast+1"],"relics":["PureWater","Blue Candle","Lee\u0027s Waffle","MerchantsRug","hubris:FunFungus","Gremlin Horn","Lantern","Orichalcum","Yang","Toxic Egg 2","Membership Card","Molten Egg 2","Blood Vial","Anchor","Mirror","Mercury Hourglass","Simple Rune","ClockworkSouvenir","Juzu Bracelet","hubris:EmptyBottle","Potion Belt","Pen Nib","Happy Flower","Nunchaku","Replay:Baseball","Akabeko","Golden Egg","ReplayTheSpireMod:Ninjato","Vajra","Mummified Hand","Bronze Scales","hubris:PeanutButter","hubris:Towel","InkBottle","Ornamental Fan","aspiration:FetidBarrel","aspiration:PoetsPen_weak","hubris:DuctTape","MutagenicStrength","Replay:Bottled Eggs","PrismaticShard","Replay:Towering Pillar of Hats","aspiration:Nostalgia","WordoMod:Obsidian","Replay:Mystery Machine","Bag of Marbles","Replay:Wanted Poster","White Beast Statue","Replay:Bandana","Bag of Preparation","hubris:Icosahedron","Counterbalance","Frozen Egg 2","ReplayTheSpireMod:ShopPack","Regal Pillow","hubris:TenFootPole","HandDrill","aspiration:SeaSaltIceCream","Replay:Rubber Ducky","Strawberry"],"acts_visited":["Exordium","TheCity","TheBeyond","TheEnding"],"potions_floor_usage":[16,16,16,16,23,33,40,42,42,44,50,50,50,54,55,55,55,55,55,55],"damage_taken":[{"damage":0,"enemies":"Cultist","floor":1,"turns":2},{"damage":0,"enemies":"Lagavulin","floor":7,"turns":3},{"damage":0,"enemies":"Fading Forest","floor":16,"turns":5},{"damage":0,"enemies":"Chosen","floor":18,"turns":2},{"damage":0,"enemies":"Slavers","floor":23,"turns":1},{"damage":0,"enemies":"Shell Parasite","floor":24,"turns":1},{"damage":0,"enemies":"Replay:Snechameleon","floor":28,"turns":2},{"damage":0,"enemies":"3 Cultists","floor":29,"turns":1},{"damage":0,"enemies":"Book of Stabbing","floor":30,"turns":1},{"damage":0,"enemies":"Collector","floor":33,"turns":1},{"damage":0,"enemies":"3 Darklings","floor":35,"turns":1},{"damage":0,"enemies":"R_Hoarder","floor":40,"turns":3},{"damage":0,"enemies":"3 Shapes","floor":41,"turns":1},{"damage":0,"enemies":"Giant Head","floor":42,"turns":2},{"damage":0,"enemies":"Writhing Mass","floor":44,"turns":2},{"damage":0,"enemies":"Nemesis","floor":48,"turns":1},{"damage":0,"enemies":"Replay:Hell Engine","floor":50,"turns":1},{"damage":0,"enemies":"Shield and Spear","floor":54,"turns":2},{"damage":0,"enemies":"The Heart","floor":55,"turns":3}],"seed_played":"7878749612482736615","potions_obtained":[{"floor":23,"key":"SkillPotion"},{"floor":42,"key":"AttackPotion"},{"floor":44,"key":"GamblersBrew"},{"floor":48,"key":"Adrenaline Potion"}],"is_trial":false,"path_per_floor":["M","?","?","$","?","R","E","?","T","R","$","?","R","?","R_BF","B",null,"M","$","?","?","?","E","M","?","T","$","E","M","E","$","R","B",null,"M","?","?","?","?","E","M","E","T","M","R","?","$","E","R","B",null,"R","$","E","B",null],"character_chosen":"WATCHER","items_purchased":["Blue Candle","Lee\u0027s Waffle","EmptyFist","MerchantsRug","Gremlin Horn","FollowUp","Lantern","Orichalcum","Adaptation","Yang","BattleHymn","Prostrate","Toxic Egg 2","Guide Book","Membership Card","Molten Egg 2","FollowUp+1","Blood Vial","LiquidBronze","Anchor","Mirror","AttackPotion","Prostrate+1","LikeWater","Mercury Hourglass","Whetstone","Simple Rune","ClockworkSouvenir","Juzu Bracelet","hubris:EmptyBottle","Potion Belt","SkillPotion","Pen Nib","Happy Flower","Ambrosia","Pear","Nunchaku","Replay:Baseball","Akabeko","Golden Egg","ReplayTheSpireMod:Ninjato","Vajra","Consecrate+1","JustLucky+1","Prostrate+1","LikeWater","Bronze Scales","BattleHymn","TalkToTheHand+1","Ornamental Fan","hubris:DuctTape","Ragnarok+1","aspiration:Nostalgia","JustLucky+1","Magnetism","SashWhip+1","Counterbalance","Frozen Egg 2","ReplayTheSpireMod:ShopPack","ReplayTheSpireMod:Brewmster+1","LikeWater+1","hubris:TenFootPole","HandDrill","aspiration:SeaSaltIceCream","Vengeance+1","EssenceOfSteel","Strength Potion","Study+1","Mind Blast+1"],"campfire_rested":1,"item_purchase_floors":[0,0,0,0,0,0,0,0,0,0,0,0,0,0,0,0,0,0,0,0,0,0,0,0,0,0,0,0,0,0,0,0,0,0,0,0,0,0,0,0,0,0,0,0,0,0,0,0,4,11,19,27,27,27,31,31,47,47,47,47,47,53,53,53,53,53,53,53,53],"current_hp_per_floor":[85,85,85,85,85,85,85,85,85,85,85,59,84,87,87,88,88,88,88,88,88,88,88,88,76,76,76,83,85,87,87,87,88,88,88,83,83,83,84,84,84,84,84,84,84,84,84,84,84,84,84,84,84,91,91],"gold":4208,"neow_bonus":"","is_daily":false,"chose_seed":false,"campfire_upgraded":6,"win_rate":0.0,"timestamp":1613801663,"path_taken":["M","?","?","?","?","R","E","?","T","R","$","?","R","?","R_BF","BOSS","M","$","?","?","?","E","M","?","T","$","E","M","E","$","R","BOSS","M","?","?","?","?","E","M","E","T","M","R","?","$","E","R","BOSS","R","$","E","BOSS"],"items_purchased_type":["Relic","Relic","Card","Relic","Relic","Card","Relic","Relic","Card","Relic","Card","Card","Relic","Relic","Relic","Relic","Card","Relic","Potion","Relic","Relic","Potion","Card","Card","Relic","Relic","Relic","Relic","Relic","Relic","Relic","Potion","Relic","Relic","Potion","Relic","Relic","Relic","Relic","Relic","Relic","Relic","Card","Card","Card","Card","Relic","Card","Card","Relic","Relic","Card","Relic","Card","Card","Card","Relic","Relic","Relic","Card","Card","Relic","Relic","Relic","Card","Potion","Potion","Card","Card"],"build_version":"2020-12-22","purchased_purges":7,"victory":true,"max_hp_per_floor":[85,85,85,85,85,85,85,85,85,85,85,85,85,88,88,88,88,88,88,88,88,88,88,88,88,88,88,88,88,88,88,88,88,88,88,88,88,84,84,84,84,84,84,84,84,84,84,84,84,84,84,84,84,91,91],"card_choices":[{"not_picked":["PathToVictory+1","Fasting2"],"picked":"Consecrate+1","floor":1},{"not_picked":["Swivel+1","Fasting2"],"picked":"SashWhip+1","floor":7},{"not_picked":["Wish+1","ConjureBlade+1"],"picked":"Brilliance+1","floor":16},{"not_picked":["PathToVictory+1","MentalFortress","CrushJoints+1"],"picked":"SKIP","floor":18},{"not_picked":["PathToVictory+1","Protect+1","CrushJoints+1"],"picked":"SKIP","floor":23},{"not_picked":["FollowUp+1","Study"],"picked":"Ragnarok+1","floor":24},{"not_picked":["Chaos+1","hubris:SlightOfHand+1"],"picked":"Flechettes+1","floor":28},{"not_picked":["ReplayTheSpireMod:System Scan+1","theCatGirl:ShockedWitness","Amplify+1"],"picked":"SKIP","floor":29},{"not_picked":["PathToVictory+1","Blade Dance+1","Warcry+1"],"picked":"SKIP","floor":30},{"not_picked":["Mind Blast+1","Replay:BluntJabs+1"],"picked":"Bouncing Flask+1","floor":35},{"not_picked":["theCatGirl:ChangeOfPlans+1","ReplayTheSpireMod:Corrosion Curse+1","theCatGirl:UnrelentingAssault+1"],"picked":"SKIP","floor":40},{"not_picked":["Conserve Battery+1","BootSequence+1"],"picked":"Leap+1","floor":41},{"not_picked":["theCatGirl:TripLunge+1","Hidden Blade+1","Turbo+1"],"picked":"SKIP","floor":42},{"not_picked":["WordoMod:ShackleGuard+1","Pummel+1","Leap+1"],"picked":"SKIP","floor":44},{"not_picked":["Replay:BasicMightCard","ReplayTheSpireMod:Necrogeddon"],"picked":"Metamorphosis","floor":47},{"not_picked":["The Bomb","Forethought"],"picked":"Replay:BasicMightCard","floor":47},{"not_picked":["Poisoned Strike","Secret Technique"],"picked":"Panache","floor":47},{"not_picked":["Skewer+1","Prepared+1","theCatGirl:Slip+1"],"picked":"SKIP","floor":48},{"not_picked":["Replay:BluntJabs+1","SignatureMove+1","theCatGirl:Prepared+1"],"picked":"SKIP","floor":54}],"player_experience":207788,"relics_obtained":[{"floor":7,"key":"hubris:PeanutButter"},{"floor":9,"key":"InkBottle"},{"floor":15,"key":"aspiration:FetidBarrel"},{"floor":23,"key":"Replay:Bottled Eggs"},{"floor":25,"key":"PrismaticShard"},{"floor":26,"key":"Replay:Towering Pillar of Hats"},{"floor":28,"key":"Replay:Mystery Machine"},{"floor":30,"key":"Bag of Marbles"},{"floor":40,"key":"White Beast Statue"},{"floor":42,"key":"Replay:Bandana"},{"floor":43,"key":"Bag of Preparation"},{"floor":48,"key":"Regal Pillow"},{"floor":54,"key":"Strawberry"}],"event_choices":[{"damage_healed":0,"gold_gain":50,"player_choice":"Pray","damage_taken":0,"max_hp_gain":0,"max_hp_loss":0,"event_name":"Golden Shrine","floor":2,"gold_loss":0},{"cards_removed":["BattleHymn"],"damage_healed":0,"gold_gain":0,"player_choice":"Card Removal","damage_taken":0,"max_hp_gain":0,"max_hp_loss":0,"event_name":"Wheel of Change","floor":3,"gold_loss":0},{"damage_healed":0,"gold_gain":0,"player_choice":"Entered Light","damage_taken":26,"max_hp_gain":0,"max_hp_loss":0,"event_name":"Shining Light","floor":12,"gold_loss":0,"cards_upgraded":["Defend_P","Vigilance"]},{"damage_healed":0,"gold_gain":0,"player_choice":"Inject Mutagens","damage_taken":0,"relics_obtained":["MutagenicStrength"],"max_hp_gain":0,"max_hp_loss":0,"event_name":"Drug Dealer","floor":20,"gold_loss":0},{"damage_healed":0,"gold_gain":0,"player_choice":"Upgrade","damage_taken":0,"max_hp_gain":0,"max_hp_loss":0,"event_name":"Designer","floor":21,"gold_loss":50,"cards_upgraded":["hubris:DuctTapeCard"]},{"damage_healed":0,"gold_gain":0,"player_choice":"Simplicity","damage_taken":0,"max_hp_gain":0,"max_hp_loss":0,"event_name":"Back to Basics","floor":22,"gold_loss":0,"cards_upgraded":[]},{"damage_healed":0,"gold_gain":0,"player_choice":"Bought 0 Potions","damage_taken":0,"max_hp_gain":0,"max_hp_loss":0,"event_name":"The Woman in Blue","floor":36,"gold_loss":0},{"damage_healed":0,"gold_gain":0,"player_choice":"Ignored","damage_taken":0,"max_hp_gain":0,"max_hp_loss":0,"event_name":"Tomb of Lord Red Mask","floor":37,"gold_loss":0},{"damage_healed":0,"gold_gain":0,"player_choice":"Max HP","damage_taken":0,"max_hp_gain":0,"max_hp_loss":4,"event_name":"Winding Halls","floor":38,"gold_loss":0},{"cards_removed":["Bouncing Flask"],"damage_healed":1,"gold_gain":0,"player_choice":"Offered Uncommon","damage_taken":0,"max_hp_gain":0,"max_hp_loss":0,"event_name":"Bonfire Elementals","floor":39,"gold_loss":0}],"is_beta":false,"boss_relics":[{"not_picked":["Ectoplasm","Runic Pyramid"],"picked":"aspiration:PoetsPen_weak"},{"not_picked":["Abe\u0027s Treasure","Coffee Dripper"],"picked":"Replay:Wanted Poster"}],"items_purged_floors":[0,0,0,0,0,0,0],"is_endless":false,"potions_floor_spawned":[7,23,28,40,41,42,44,48,54],"ascension_level":17}}