{"host":"hmb95rboouqzgqy7","time":1613830688,"event":{"mods":["BaseMod","Colored Map","Colored Powertips","Highlight Path","Minty Spire (QoL Compilation)","Permanent Neow","Quick Restart","Relic Stats","StSLib"],"gold_per_floor":[212,137,119,133,152,152,186,186,213,163,178,178,210,240,240,343,343,360,310,345,355,369,369,379,409,435,451,451,485,485,503,503,601,601,619,841,841,852,869,869,895,915,960,960,656,681,483,516,516,516,516,516,20,53,53],"floor_reached":56,"language":"ENG","playtime":3983,"items_purged":["Strike_G","Strike_G","Strike_G","Strike_G","Strike_G","Defend_G"],"score":1645,"play_id":"c968ff1d-71ce-4a51-a3b8-0b374d2519b6","local_time":"20210220081808","is_ascension_mode":true,"campfire_choices":[{"data":"Catalyst","floor":6.0,"key":"SMITH"},{"data":"Crippling Poison","floor":8.0,"key":"SMITH"},{"data":"Adrenaline","floor":12.0,"key":"SMITH"},{"data":"Bouncing Flask","floor":15.0,"key":"SMITH"},{"data":"Adrenaline","floor":23.0,"key":"SMITH"},{"data":"Bouncing Flask","floor":28.0,"key":"SMITH"},{"data":"Bouncing Flask","floor":30.0,"key":"SMITH"},{"data":"Backflip","floor":32.0,"key":"SMITH"},{"data":"Burst","floor":40.0,"key":"SMITH"},{"floor":44,"key":"RECALL"},{"data":"Defend_G","floor":49,"key":"SMITH"},{"data":"Defend_G","floor":52,"key":"SMITH"}],"circlet_count":0,"master_deck":["Defend_G","Defend_G+1","Defend_G+1","Defend_G+1","Survivor+1","Neutralize","Catalyst+1","Bouncing Flask+1","Bouncing Flask+1","Crippling Poison+1","Adrenaline+1","Bouncing Flask+1","Adrenaline+1","Backflip+1","Burst+1","Acrobatics+1","Thinking Ahead"],"relics":["Ring of the Snake","WingedGreaves","Snake Skull","Bag of Preparation","Smiling Mask","Oddly Smooth Stone","Omamori","Sozu","Red Mask","Mummified Hand","Strawberry","SlaversCollar","War Paint","Lantern","Singing Bowl","Bag of Marbles","Medical Kit","Calipers","Art of War","Orichalcum","OrangePellets","Lizard Tail"],"acts_visited":["Exordium","TheCity","TheBeyond","TheEnding"],"potions_floor_usage":[55,55],"damage_taken":[{"damage":1.0,"enemies":"2 Louse","floor":1.0,"turns":2.0},{"damage":1.0,"enemies":"Small Slimes","floor":3.0,"turns":3.0},{"damage":3.0,"enemies":"Jaw Worm","floor":4.0,"turns":3.0},{"damage":8.0,"enemies":"Exordium Thugs","floor":5.0,"turns":5.0},{"damage":0.0,"enemies":"Gremlin Nob","floor":7.0,"turns":2.0},{"damage":5.0,"enemies":"Red Slaver","floor":11.0,"turns":3.0},{"damage":21.0,"enemies":"3 Sentries","floor":13.0,"turns":5.0},{"damage":0.0,"enemies":"Gremlin Nob","floor":14.0,"turns":2.0},{"damage":0.0,"enemies":"The Guardian","floor":16.0,"turns":3.0},{"damage":2.0,"enemies":"2 Thieves","floor":18.0,"turns":2.0},{"damage":8.0,"enemies":"Masked Bandits","floor":20.0,"turns":3.0},{"damage":0.0,"enemies":"3 Byrds","floor":21.0,"turns":2.0},{"damage":0.0,"enemies":"Snecko","floor":22.0,"turns":2.0},{"damage":0.0,"enemies":"Shelled Parasite and Fungi","floor":24.0,"turns":2.0},{"damage":9.0,"enemies":"Book of Stabbing","floor":25.0,"turns":3.0},{"damage":4.0,"enemies":"Centurion and Healer","floor":27.0,"turns":2.0},{"damage":9.0,"enemies":"Gremlin Leader","floor":29.0,"turns":3.0},{"damage":2.0,"enemies":"Cultist and Chosen","floor":31.0,"turns":3.0},{"damage":1.0,"enemies":"Automaton","floor":33.0,"turns":3.0},{"damage":0.0,"enemies":"Orb Walker","floor":35.0,"turns":1.0},{"damage":7.0,"enemies":"3 Darklings","floor":38.0,"turns":2.0},{"damage":0.0,"enemies":"Maw","floor":39.0,"turns":2.0},{"damage":0.0,"enemies":"Reptomancer","floor":41.0,"turns":2.0},{"damage":0.0,"enemies":"Sphere and 2 Shapes","floor":42.0,"turns":2.0},{"damage":0,"enemies":"Giant Head","floor":46,"turns":2},{"damage":0,"enemies":"Reptomancer","floor":48,"turns":1},{"damage":0,"enemies":"Time Eater","floor":50,"turns":2},{"damage":0,"enemies":"Shield and Spear","floor":54,"turns":3},{"damage":19,"enemies":"The Heart","floor":55,"turns":3}],"seed_played":"5135014318209586501","potions_obtained":[{"floor":1.0,"key":"GamblersBrew"},{"floor":3.0,"key":"LiquidBronze"},{"floor":7.0,"key":"Poison Potion"}],"is_trial":false,"path_per_floor":["M","$","M","M","M","R","E","R","T","$","M","R","E","E","R","B",null,"M","$","?","M","M","R","M","E","T","M","R","E","R","M","R","B",null,"M","?","?","M","M","R","E","M","T","R","$","E","$","E","R","B",null,"R","$","E","B",null],"character_chosen":"THE_SILENT","items_purchased":["Singing Bowl","Medical Kit","Art of War","Orichalcum","OrangePellets"],"campfire_rested":0,"item_purchase_floors":[45,47,53,53,53],"current_hp_per_floor":[69,69,68,65,57,57,57,57,57,57,52,52,31,31,31,31,70,68,68,60,60,60,60,60,51,51,47,47,45,45,43,43,42,77,77,77,77,70,70,70,70,70,70,70,70,72,72,72,72,72,79,79,79,79,60],"gold":53,"neow_bonus":"HUNDRED_GOLD","is_daily":false,"chose_seed":false,"campfire_upgraded":11,"win_rate":0.0,"timestamp":1613830688,"path_taken":["M","$","M","M","M","R","E","R","T","$","M","R","E","E","R","BOSS","M","$","?","M","M","R","M","E","T","M","R","E","R","M","R","BOSS","M","?","?","M","M","R","E","M","T","R","$","E","?","E","R","BOSS","R","$","E","BOSS"],"items_purchased_type":["Relic","Relic","Relic","Relic","Relic"],"build_version":"2020-12-22","purchased_purges":6,"victory":true,"max_hp_per_floor":[70,70,70,70,70,70,70,70,70,70,70,70,70,70,70,70,70,70,70,70,70,70,70,70,70,70,70,70,77,77,77,77,77,77,77,77,77,77,77,77,77,77,77,77,77,79,79,79,79,79,79,79,79,79,79],"relic_stats":{"Singing Bowl":2,"counters":[29,73],"Snake Skull":[343],"Bag of Preparation":[48],"War Paint":["Defend_G","Survivor"],"Orichalcum":[12],"Smiling Mask":500,"Medical Kit":[4],"Sozu":0,"OrangePellets":[0],"Lizard Tail":0,"Mummified Hand":[0],"Art of War":[1],"obtain_stats":[{"Lantern":43,"Calipers":48,"Singing Bowl":45,"Vajra":0,"Oddly Smooth Stone":13,"Snake Skull":5,"Bag of Preparation":7,"Omamori":14,"War Paint":41,"Orichalcum":53,"Smiling Mask":9,"Medical Kit":47,"Sozu":17,"SlaversCollar":34,"OrangePellets":53,"Lizard Tail":54,"Mummified Hand":25,"Strawberry":29,"WingedGreaves":0,"Red Mask":20,"Bag of Marbles":46,"Art of War":53,"Ring of the Snake":0},{"Lantern":24,"Calipers":26,"Singing Bowl":24,"Vajra":0,"Oddly Smooth Stone":7,"Snake Skull":4,"Bag of Preparation":5,"Omamori":8,"War Paint":23,"Orichalcum":27,"Smiling Mask":5,"Medical Kit":25,"Sozu":9,"SlaversCollar":19,"OrangePellets":27,"Lizard Tail":28,"Mummified Hand":15,"Strawberry":17,"WingedGreaves":0,"Red Mask":11,"Bag of Marbles":25,"Art of War":27,"Ring of the Snake":0},{"Lantern":62,"Calipers":65,"Singing Bowl":62,"Vajra":0,"Oddly Smooth Stone":23,"Snake Skull":12,"Bag of Preparation":15,"Omamori":25,"War Paint":60,"Orichalcum":67,"Smiling Mask":15,"Medical Kit":64,"Sozu":28,"SlaversCollar":53,"OrangePellets":67,"Lizard Tail":70,"Mummified Hand":42,"Strawberry":47,"WingedGreaves":0,"Red Mask":33,"Bag of Marbles":64,"Art of War":67,"Ring of the Snake":0}],"Ring of the Snake":[58]},"card_choices":[{"not_picked":["Outmaneuver","Backflip"],"picked":"Catalyst","floor":1.0},{"not_picked":["Deflect","Footwork","Backflip"],"picked":"SKIP","floor":3.0},{"not_picked":["Setup","Dash"],"picked":"Crippling Poison","floor":4.0},{"not_picked":["Corpse Explosion","Crippling Poison","Prepared"],"picked":"SKIP","floor":5.0},{"not_picked":["Predator","Tools of the Trade"],"picked":"Bouncing Flask","floor":7.0},{"not_picked":["Concentrate","Dagger Throw"],"picked":"Backflip","floor":11.0},{"not_picked":["Reflex","Sucker Punch","Deflect"],"picked":"SKIP","floor":13.0},{"not_picked":["Quick Slash","Dodge and Roll","Dagger Spray"],"picked":"SKIP","floor":14.0},{"not_picked":["Caltrops+1","Accuracy"],"picked":"Backflip","floor":18.0},{"not_picked":["Riddle With Holes","Endless Agony","Slice+1"],"picked":"SKIP","floor":21.0},{"not_picked":["Endless Agony","Riddle With Holes","Underhanded Strike+1"],"picked":"SKIP","floor":22.0},{"not_picked":["Endless Agony","Riddle With Holes","Underhanded Strike+1"],"picked":"SKIP","floor":22.0},{"not_picked":["Quick Slash","Sucker Punch+1","Outmaneuver"],"picked":"SKIP","floor":24.0},{"not_picked":["Eviscerate","After Image","Dagger Spray"],"picked":"SKIP","floor":25.0},{"not_picked":["Infinite Blades","Dodge and Roll","Underhanded Strike"],"picked":"SKIP","floor":27.0},{"not_picked":["Infinite Blades","Dodge and Roll","Underhanded Strike"],"picked":"SKIP","floor":27.0},{"not_picked":["Dagger Throw+1","Setup","Backflip"],"picked":"SKIP","floor":29.0},{"not_picked":["Quick Slash+1","Outmaneuver","Dagger Throw"],"picked":"SKIP","floor":31.0},{"not_picked":["Venomology","Unload"],"picked":"Burst","floor":33.0},{"not_picked":["Deflect","Eviscerate"],"picked":"Acrobatics+1","floor":35.0},{"not_picked":["Madness","Apotheosis"],"picked":"Thinking Ahead","floor":37.0},{"not_picked":["Finisher+1","Infinite Blades","PiercingWail"],"picked":"SKIP","floor":38.0},{"not_picked":["Underhanded Strike","Dagger Throw","Prepared"],"picked":"SKIP","floor":39.0},{"not_picked":["Leg Sweep+1","Acrobatics+1","Quick Slash+1"],"picked":"SKIP","floor":41.0},{"not_picked":["Backflip+1","Deflect","Calculated Gamble+1"],"picked":"SKIP","floor":42.0},{"not_picked":["Bouncing Flask","Grand Finale","Caltrops+1"],"picked":"Singing Bowl","floor":46},{"not_picked":["Dash","Accuracy","Blade Dance"],"picked":"SKIP","floor":48},{"not_picked":["Blade Dance+1","Underhanded Strike+1"],"picked":"Setup","floor":54}],"player_experience":114169,"relics_obtained":[{"floor":7.0,"key":"Bag of Preparation"},{"floor":9.0,"key":"Smiling Mask"},{"floor":13.0,"key":"Oddly Smooth Stone"},{"floor":14.0,"key":"Omamori"},{"floor":20.0,"key":"Red Mask"},{"floor":25.0,"key":"Mummified Hand"},{"floor":29.0,"key":"Strawberry"},{"floor":41.0,"key":"War Paint"},{"floor":43.0,"key":"Snake Skull"},{"floor":46,"key":"Bag of Marbles"},{"floor":48,"key":"Calipers"},{"floor":54,"key":"Lizard Tail"}],"event_choices":[{"damage_healed":0.0,"max_hp_gain":0.0,"max_hp_loss":0.0,"gold_gain":0.0,"event_name":"Masked Bandits","player_choice":"Fought Bandits","floor":20.0,"gold_loss":0.0,"damage_taken":0.0},{"damage_healed":0.0,"max_hp_gain":0.0,"max_hp_loss":0.0,"gold_gain":222.0,"event_name":"Tomb of Lord Red Mask","player_choice":"Wore Mask","floor":36.0,"gold_loss":0.0,"damage_taken":0.0},{"damage_healed":0.0,"max_hp_gain":0.0,"max_hp_loss":0.0,"gold_gain":0.0,"event_name":"SensoryStone","player_choice":"Memory 1","floor":37.0,"gold_loss":0.0,"damage_taken":0.0}],"is_beta":false,"boss_relics":[{"not_picked":["Snecko Eye","Busted Crown","Velvet Choker"]},{"not_picked":["Empty Cage","Black Star"],"picked":"SlaversCollar"}],"items_purged_floors":[2,10,19,45,47,53],"is_endless":false,"potions_floor_spawned":[1,3,7,14,16,18,20,25,29,38,42,54],"ascension_level":2}}