{"host":"sfkslwp4t49i7lrt","time":1613814971,"event":{"mods":["100% Spire Juice","Act Like it!","BaseMod","Bestiary","Block Reminder","Downfall","Friendly Minions","Gensokyo","Highlight Path","Jorbs\u0027s Wanderer Trilogy","Lobotomy","Marisa????????","Minty Spire (QoL Compilation)","Relic Stats","Spire Arcade","StSLib","The Servant 0.9.4","Wide Potions","everything is the same but u backflip on backflip","slay the spire mod where everything is the same but ironclad has a cowboy hat"],"gold_per_floor":[114,129,148,148,35,35,69,69,95,95,107,118,118,118,118,222,222,239,116,116,116,127,127,0,26,26,25,25,25,33,49,49,39,39],"floor_reached":33,"language":"ENG","playtime":1671,"items_purged":["Strike_G"],"score":342,"play_id":"9d3b69cc-5d46-4b14-99d0-b5f1ca17660a","local_time":"20210220165611","is_ascension_mode":false,"campfire_choices":[{"data":"Blade Dance","floor":6.0,"key":"SMITH"},{"data":"Noxious Fumes","floor":10.0,"key":"SMITH"},{"data":"Catalyst","floor":13.0,"key":"SMITH"},{"data":"Crippling Poison","floor":15.0,"key":"SMITH"},{"data":"Footwork","floor":23.0,"key":"SMITH"},{"floor":28,"key":"REST"},{"floor":32,"key":"REST"}],"circlet_count":0,"master_deck":["Strike_G+1","Strike_G","Strike_G","Strike_G","Defend_G","Defend_G","Defend_G","Defend_G","Defend_G","Survivor","Neutralize","Blade Dance+1","GreedKing","Bane","Dash","Noxious Fumes+1","Deadly Poison","Catalyst+1","Wellcheers","Freischutz","Footwork+1","Crippling Poison+1","Corpse Explosion","Burst","OSAHOGD","Deflect+1","Dodge and Roll","Deadly Poison+1","Dodge and Roll","Caltrops","Accuracy+1","Blade Dance"],"relics":["Ring of the Snake","CogitoBucket","RabbitCall","Guardian:PocketSentry","PreservedInsect","SkinProphecy","expansioncontent:StudyCardRelic","Toy Ornithopter","Oddly Smooth Stone","ChangeAnything"],"acts_visited":["Gensokyo:Gensokyo","Gensokyo:Gensokyoer"],"potions_floor_usage":[27,27],"damage_taken":[{"damage":0.0,"enemies":"Gensokyo:Gryphon","floor":1.0,"turns":4.0},{"damage":0.0,"enemies":"Gensokyo:3_Fairies","floor":2.0,"turns":3.0},{"damage":4.0,"enemies":"Gensokyo:2_Kodama","floor":3.0,"turns":3.0},{"damage":0.0,"enemies":"Gensokyo:Mamizou","floor":7.0,"turns":6.0},{"damage":0.0,"enemies":"Gensokyo:VengefulSpirit","floor":11.0,"turns":3.0},{"damage":18.0,"enemies":"Gensokyo:2_Rabbits","floor":12.0,"turns":8.0},{"damage":0.0,"enemies":"Gensokyo:Kitsune","floor":14.0,"turns":3.0},{"damage":6.0,"enemies":"Gensokyo:Reimu","floor":16.0,"turns":7.0},{"damage":9.0,"enemies":"Gensokyo:3_Dogs","floor":18.0,"turns":3.0},{"damage":0.0,"enemies":"Gensokyo:CosmicMonolith","floor":22.0,"turns":2.0},{"damage":35.0,"enemies":"Gensokyo:Tenshi","floor":25.0,"turns":3.0},{"damage":29,"enemies":"Gensokyo:3_Gloops","floor":27,"turns":6},{"damage":7,"enemies":"Gensokyo:Monolith_and_Dog","floor":30,"turns":4},{"damage":8,"enemies":"Gensokyo:Wraith","floor":31,"turns":4},{"damage":33,"enemies":"Gensokyo:Eternal_Rivals","floor":33,"turns":3}],"seed_played":"-3913512885263057692","potions_obtained":[{"floor":1.0,"key":"Ancient Potion"},{"floor":16.0,"key":"Dexterity Potion"},{"floor":27,"key":"SpeedPotion"},{"floor":31,"key":"CunningPotion"}],"is_trial":false,"path_per_floor":["M","M","M","?","$","R","E","?","T","R","M","M","R","M","R","B",null,"M","$","?","?","M","R","?","E","T","M","R","?","M","M","R","B"],"character_chosen":"THE_SILENT","items_purchased":["Noxious Fumes","Deadly Poison","Dodge and Roll"],"campfire_rested":2,"item_purchase_floors":[5,5,19],"current_hp_per_floor":[70,70,66,66,66,66,66,66,66,66,69,56,56,52,52,45,74,61,61,61,61,57,57,57,21,21,3,28,28,17,5,31,0,0],"gold":39,"neow_bonus":"","is_daily":false,"chose_seed":false,"campfire_upgraded":5,"win_rate":0.0,"timestamp":1613814971,"path_taken":["M","M","M","?","$","R","E","?","T","R","M","M","R","M","R","BOSS","M","$","?","?","?","R","?","E","T","M","R","?","M","?","R","BOSS"],"items_purchased_type":["Card","Card","Card"],"build_version":"2020-12-22","purchased_purges":1,"victory":false,"max_hp_per_floor":[70,70,70,70,70,70,70,70,70,70,70,70,70,72,72,74,74,76,76,76,76,78,78,78,80,80,84,84,84,86,88,88,90,90],"relic_stats":{"counters":[17,64],"PreservedInsect":38,"obtain_stats":[{"RabbitCall":0,"CogitoBucket":0,"Oddly Smooth Stone":26,"PreservedInsect":9,"Guardian:PocketSentry":7,"expansioncontent:StudyCardRelic":17,"SkinProphecy":12,"ChangeAnything":27,"Toy Ornithopter":25,"Ring of the Snake":0},{"RabbitCall":0,"CogitoBucket":0,"Oddly Smooth Stone":12,"PreservedInsect":4,"Guardian:PocketSentry":4,"expansioncontent:StudyCardRelic":9,"SkinProphecy":7,"ChangeAnything":14,"Toy Ornithopter":12,"Ring of the Snake":0},{"RabbitCall":0,"CogitoBucket":0,"Oddly Smooth Stone":46,"PreservedInsect":16,"Guardian:PocketSentry":16,"expansioncontent:StudyCardRelic":38,"SkinProphecy":28,"ChangeAnything":53,"Toy Ornithopter":46,"Ring of the Snake":0}],"Toy Ornithopter":0,"Ring of the Snake":[34]},"card_choices":[{"not_picked":["Crippling Poison","Choke"],"picked":"Blade Dance","floor":1.0},{"not_picked":["ShyLook","Woodsman"],"picked":"GreedKing","floor":1.0},{"not_picked":["Outmaneuver","Prepared"],"picked":"Bane","floor":2.0},{"not_picked":["Riddle With Holes","Dagger Spray"],"picked":"Dash","floor":3.0},{"not_picked":["Outmaneuver","Masterful Stab"],"picked":"Catalyst","floor":7.0},{"not_picked":["SnowQueen","MeatLantern"],"picked":"Wellcheers","floor":7.0},{"not_picked":["Funeral","OldLady"],"picked":"Freischutz","floor":11.0},{"not_picked":["Slice","Concentrate"],"picked":"Footwork","floor":11.0},{"not_picked":["PiercingWail","Calculated Gamble"],"picked":"Crippling Poison","floor":12.0},{"not_picked":["Poisoned Stab","Concentrate"],"picked":"Corpse Explosion","floor":14.0},{"not_picked":["Night Terror","Grand Finale"],"picked":"Burst","floor":16.0},{"not_picked":["OldLady","Funeral"],"picked":"OSAHOGD","floor":16.0},{"not_picked":["Terror","Infinite Blades+1"],"picked":"Deflect","floor":18.0},{"not_picked":["Sucker Punch","PiercingWail"],"picked":"Deadly Poison+1","floor":22.0},{"not_picked":["Distraction+1","Prepared+1"],"picked":"Dodge and Roll","floor":25.0},{"not_picked":["Underhanded Strike+1","All Out Attack"],"picked":"Caltrops","floor":27},{"not_picked":["Tactician","Choke"],"picked":"Accuracy+1","floor":30},{"not_picked":["Crippling Poison","Slice"],"picked":"Blade Dance","floor":31}],"player_experience":477187,"relics_obtained":[{"floor":7.0,"key":"Guardian:PocketSentry"},{"floor":9.0,"key":"PreservedInsect"},{"floor":25.0,"key":"Toy Ornithopter"},{"floor":26.0,"key":"Oddly Smooth Stone"}],"event_choices":[],"is_beta":false,"boss_relics":[{"not_picked":["SlaversCollar","Runic Pyramid"],"picked":"expansioncontent:StudyCardRelic"}],"items_purged_floors":[19],"is_endless":false,"potions_floor_spawned":[1,3,7,16,18,22,27,31],"killed_by":"Gensokyo:Eternal_Rivals","ascension_level":0}}