{"host":"coel31jtabpraq8l","time":1613837036,"event":{"mods":["BaseMod","Highlight Path","Minty Spire (QoL Compilation)","SuperFastMode"],"gold_per_floor":[114,114,114,134,134,174,197,4,27,27,65,13,51,75,75,206,206,224,245,245,261,261,261],"floor_reached":22,"language":"ENG","playtime":672,"items_purged":["Strike_B"],"score":252,"play_id":"838a8d44-6889-4f9e-854f-eca9694e7385","local_time":"20210220110356","is_ascension_mode":true,"campfire_choices":[{"floor":10,"key":"REST"},{"floor":15,"key":"REST"}],"circlet_count":0,"master_deck":["Strike_B","Strike_B","Strike_B","Defend_B","Defend_B","Defend_B","Defend_B","Zap","Dualcast","Conserve Battery","Genetic Algorithm","Cold Snap","Capacitor","Conserve Battery","Amplify","BootSequence+1","Rebound+1","Defragment"],"relics":["Cracked Core","NeowsBlessing","Golden Idol","Vajra","Darkstone Periapt","Regal Pillow","Blood Vial","MealTicket","Nuclear Battery"],"acts_visited":["Exordium","TheCity"],"potions_floor_usage":[11,11,13,18,19,19,21,21,22],"damage_taken":[{"damage":0,"enemies":"Small Slimes","floor":1,"turns":1},{"damage":0,"enemies":"Jaw Worm","floor":4,"turns":1},{"damage":0,"enemies":"Lagavulin","floor":6,"turns":1},{"damage":3,"enemies":"Cultist","floor":7,"turns":4},{"damage":11,"enemies":"3 Sentries","floor":11,"turns":7},{"damage":22,"enemies":"Gremlin Nob","floor":13,"turns":5},{"damage":7,"enemies":"2 Fungi Beasts","floor":14,"turns":4},{"damage":48,"enemies":"The Guardian","floor":16,"turns":14},{"damage":33,"enemies":"Chosen","floor":18,"turns":7},{"damage":7,"enemies":"Spheric Guardian","floor":19,"turns":5},{"damage":28,"enemies":"Snake Plant","floor":21,"turns":7},{"damage":23,"enemies":"Cultist and Chosen","floor":22,"turns":6}],"seed_played":"-9079034888727296404","potions_obtained":[{"floor":7,"key":"Dexterity Potion"},{"floor":13,"key":"GamblersBrew"},{"floor":14,"key":"BlessingOfTheForge"},{"floor":16,"key":"BlessingOfTheForge"},{"floor":18,"key":"SneckoOil"},{"floor":19,"key":"DuplicationPotion"},{"floor":20,"key":"Block Potion"},{"floor":20,"key":"ColorlessPotion"}],"is_trial":false,"path_per_floor":["M","?","?","M","?","E","M","$","T","R","E","$","E","M","R","B",null,"M","M","?","M","M"],"character_chosen":"DEFECT","items_purchased":["Capacitor","PowerPotion","FocusPotion"],"campfire_rested":2,"item_purchase_floors":[8,8,12],"current_hp_per_floor":[75,75,57,57,57,57,54,54,54,75,64,64,44,39,75,27,75,42,37,37,11,0,0],"gold":261,"neow_bonus":"THREE_ENEMY_KILL","is_daily":false,"chose_seed":false,"campfire_upgraded":0,"win_rate":0.0,"timestamp":1613837036,"path_taken":["M","?","?","M","?","E","M","$","T","R","E","?","E","?","R","BOSS","M","M","?","?","M"],"items_purchased_type":["Card","Potion","Potion"],"build_version":"2020-12-22","purchased_purges":1,"victory":false,"max_hp_per_floor":[75,75,75,75,75,75,75,75,75,75,75,75,75,75,75,75,75,75,75,75,75,75,75],"card_choices":[{"not_picked":["Leap","Lockon"],"picked":"Conserve Battery","floor":1},{"not_picked":["Force Field","Sweeping Beam"],"picked":"Genetic Algorithm","floor":4},{"not_picked":["Steam","Beam Cell"],"picked":"Cold Snap","floor":6},{"not_picked":["Go for the Eyes","Multi-Cast","Stack"],"picked":"SKIP","floor":7},{"not_picked":["Stack","Streamline"],"picked":"Conserve Battery","floor":11},{"not_picked":["Turbo","Fission","Sweeping Beam"],"picked":"SKIP","floor":13},{"not_picked":["Scrape","Sunder","Stack"],"picked":"SKIP","floor":14},{"not_picked":["All For One","Seek"],"picked":"Amplify","floor":16},{"not_picked":["Steam","Redo"],"picked":"BootSequence+1","floor":18},{"not_picked":["Fusion","Recycle"],"picked":"Rebound+1","floor":19},{"not_picked":["Gash+1","Blizzard+1"],"picked":"Defragment","floor":21}],"player_experience":632130,"relics_obtained":[{"floor":6,"key":"Darkstone Periapt"},{"floor":9,"key":"Regal Pillow"},{"floor":11,"key":"Blood Vial"},{"floor":13,"key":"MealTicket"}],"event_choices":[{"damage_healed":0,"gold_gain":0,"player_choice":"Take Wound","damage_taken":0,"relics_obtained":["Golden Idol"],"max_hp_gain":0,"max_hp_loss":0,"event_name":"Golden Idol","floor":2,"gold_loss":0,"cards_obtained":["Injury"]},{"damage_healed":0,"gold_gain":0,"player_choice":"Success","damage_taken":18,"relics_obtained":["Vajra"],"max_hp_gain":0,"max_hp_loss":0,"event_name":"Scrap Ooze","floor":3,"gold_loss":0},{"cards_removed":["Injury"],"damage_healed":0,"gold_gain":0,"player_choice":"Forget","damage_taken":0,"max_hp_gain":0,"max_hp_loss":0,"event_name":"Living Wall","floor":5,"gold_loss":0},{"damage_healed":0,"gold_gain":0,"player_choice":"Got Potions","damage_taken":0,"max_hp_gain":0,"max_hp_loss":0,"event_name":"Lab","floor":20,"gold_loss":0}],"is_beta":false,"boss_relics":[{"not_picked":["Cursed Key","Runic Pyramid"],"picked":"Nuclear Battery"}],"items_purged_floors":[8],"is_endless":false,"potions_floor_spawned":[7,13,14,16,18,19],"killed_by":"Cultist and Chosen","ascension_level":2}}