{"host":"eqoc4xtxwtie1mw2","time":1613850004,"event":{"mods":["2.2 Compatiblity","AchievementEnabler","Act Like it!","BaseMod","Bestiary","Better Altar","Better Match","Better Note","Better Sensory Stone","Better Skull","Better Third Choice","BetterRewards","Block Reminder","Colored Map","Colored Powertips","Curses Come First","Downfall","Hallownest","Hubris","Infinite Spire","Minty Spire (QoL Compilation)","Rare Cards Sparkle","Relic Stats","Reliquary","Replay The Spire","Spicy Shops","StSLib","The Bug Knight"],"gold_per_floor":[111,111,128,138,0,0,0,31,108,108,108,124,153,173,173,269,269,269,269],"floor_reached":18,"language":"ENG","playtime":4402,"items_purged":[],"score":170,"play_id":"e0566e4a-3e78-46ff-b493-120a4c8eb596","local_time":"20210220134004","is_ascension_mode":false,"campfire_choices":[{"data":"HollowMod:NewJinnsSoul","floor":6,"key":"SMITH"},{"floor":15,"key":"REST"}],"circlet_count":0,"master_deck":["HollowMod:NailStrikeStart","HollowMod:NailStrikeStart","HollowMod:NailStrikeStart","HollowMod:NailStrikeStart","HollowMod:QuickDashStart+1","HollowMod:QuickDashStart","HollowMod:QuickDashStart","HollowMod:QuickDashStart","HollowMod:FocusHealStart","HollowMod:PogoStrike","HollowMod:NewJinnsSoul+1","HollowMod:InfectionAssault","HollowMod:PerfectDash","HollowMod:TaintedHusks","HollowMod:InfectedCysts","HollowMod:LifebloodCocoon","HollowMod:InfectedAttack","HollowMod:InfectedAttack","HollowMod:GoodIntentions","HollowMod:TaintedHusks","hubris:NaturalOne","HollowMod:DashSlash","HollowMod:SlysStrikes"],"relics":["HollowMod:VesselMask","NeowsBlessing","Bird Faced Urn","hubris:TinFlute","hubris:Icosahedron","Replay:Towering Pillar of Hats","reliquary:ThirdArm"],"acts_visited":["Exordium","TheCity"],"potions_floor_usage":[13,16],"damage_taken":[{"damage":0,"enemies":"2 Louse","floor":1,"turns":1},{"damage":0,"enemies":"Jaw Worm","floor":3,"turns":1},{"damage":0,"enemies":"Small Slimes","floor":4,"turns":1},{"damage":13,"enemies":"Lagavulin","floor":8,"turns":6},{"damage":5,"enemies":"3 Louse","floor":12,"turns":2},{"damage":24,"enemies":"3 Sentries","floor":13,"turns":8},{"damage":9,"enemies":"Exordium Wildlife","floor":14,"turns":4},{"damage":53,"enemies":"The Guardian","floor":16,"turns":11},{"damage":31,"enemies":"3 Byrds","floor":18,"turns":4}],"seed_played":"-1654973152723544065","potions_obtained":[{"floor":1,"key":"Swift Potion"},{"floor":3,"key":"Reflective Coating"}],"is_trial":false,"path_per_floor":["M","?","M","M","$","R","?","E","T","?","?","M","E","M","R","B",null,"M"],"character_chosen":"THE_BUGKNIGHT","items_purchased":["HollowMod:TaintedHusks","HollowMod:InfectedCysts","HollowMod:LifebloodCocoon"],"campfire_rested":1,"item_purchase_floors":[5,5,5],"current_hp_per_floor":[75,80,80,80,80,80,80,67,67,67,67,62,38,29,53,6,80,51,51],"gold":269,"neow_bonus":"THREE_ENEMY_KILL","is_daily":false,"chose_seed":false,"campfire_upgraded":1,"win_rate":0.0,"timestamp":1613850004,"path_taken":["M","?","M","M","$","R","?","E","T","?","?","?","E","M","R","BOSS","M"],"items_purchased_type":["Card","Card","Card"],"build_version":"2020-12-22","purchased_purges":0,"victory":false,"max_hp_per_floor":[75,80,80,80,80,80,80,80,80,80,80,80,80,80,80,80,80,80,80],"relic_stats":{"counters":[9,38],"Bird Faced Urn":[2],"obtain_stats":[{"hubris:Icosahedron":10,"NeowsBlessing":0,"Replay:Towering Pillar of Hats":13,"Bird Faced Urn":8,"HollowMod:VesselMask":0,"reliquary:ThirdArm":17,"hubris:TinFlute":9},{"hubris:Icosahedron":4,"NeowsBlessing":0,"Replay:Towering Pillar of Hats":6,"Bird Faced Urn":4,"HollowMod:VesselMask":0,"reliquary:ThirdArm":8,"hubris:TinFlute":4},{"hubris:Icosahedron":9,"NeowsBlessing":0,"Replay:Towering Pillar of Hats":19,"Bird Faced Urn":9,"HollowMod:VesselMask":0,"reliquary:ThirdArm":34,"hubris:TinFlute":9}]},"card_choices":[{"not_picked":["HollowMod:ShapeofUnn","HollowMod:ChannelNail"],"picked":"HollowMod:NewJinnsSoul","floor":1},{"not_picked":["HollowMod:LifebloodCocoon","HollowMod:CornifersMapStart"],"picked":"HollowMod:InfectionAssault","floor":3},{"not_picked":["HollowMod:SiblingsShadow","HollowMod:CornifersMapStart"],"picked":"HollowMod:PerfectDash","floor":4},{"not_picked":["HollowMod:HeavyBlow","HollowMod:AwokenDreamNail"],"picked":"HollowMod:InfectedAttack","floor":8},{"not_picked":["HollowMod:CornifersMapStart","HollowMod:HeavyBlow"],"picked":"HollowMod:GoodIntentions","floor":12},{"not_picked":["HollowMod:NewJinnsSoul","HollowMod:MonarchWings"],"picked":"HollowMod:TaintedHusks","floor":13},{"not_picked":["HollowMod:CornifersMapStart","HollowMod:ChannelNail"],"picked":"HollowMod:DashSlash","floor":14},{"not_picked":["HollowMod:theNailsmith","HollowMod:VoidDash"],"picked":"HollowMod:SlysStrikes","floor":16}],"player_experience":272946,"relics_obtained":[{"floor":8,"key":"Bird Faced Urn"},{"floor":9,"key":"hubris:TinFlute"},{"floor":13,"key":"Replay:Towering Pillar of Hats"}],"event_choices":[{"damage_healed":0,"gold_gain":0,"player_choice":"Donut","damage_taken":0,"max_hp_gain":5,"max_hp_loss":0,"event_name":"Big Fish","floor":2,"gold_loss":0}],"is_beta":false,"boss_relics":[{"not_picked":["reliquary:Craggleroot","hubris:CrackedHourglass"],"picked":"reliquary:ThirdArm"}],"items_purged_floors":[],"is_endless":false,"potions_floor_spawned":[1,3],"killed_by":"3 Byrds","ascension_level":0}}