{"host":"t0bo9kmlst92gdfh","time":1613858991,"event":{"mods":["BaseMod","Block Reminder","Colored Powertips","DeckTracker","Jorbs\u0027s Wanderer Trilogy","Minty Spire (QoL Compilation)","Relic Stats","StSLib"],"gold_per_floor":[118,118,138,138,162,188,199,219,274,274,299,311,322,347,347,451,451,467,467,467,481,481,481,501,501,501],"floor_reached":25,"language":"ENG","playtime":2059,"items_purged":[],"score":223,"play_id":"8cbca8ba-e963-4a14-8a69-b52f2052d7b9","local_time":"20210220140951","is_ascension_mode":false,"campfire_choices":[{"data":"Iron Wave","floor":10,"key":"SMITH"},{"data":"Flex","floor":15,"key":"SMITH"},{"data":"Spot Weakness","floor":23,"key":"SMITH"}],"circlet_count":0,"master_deck":["Strike_R","Strike_R+1","Strike_R","Defend_R+1","Defend_R","Defend_R","Defend_R","Bash","Pommel Strike","Flame Barrier","Iron Wave+1","Body Slam","Cleave","Flex+1","Cleave","Twin Strike","Bludgeon","Heavy Blade+1","Spot Weakness+1","Body Slam","Clothesline","Spot Weakness"],"relics":["Burning Blood","Omamori","Mercury Hourglass","Juzu Bracelet","Lantern","Frozen Egg 2","Mark of Pain"],"acts_visited":["Exordium","TheCity"],"potions_floor_usage":[11,11,16,24,25],"damage_taken":[{"damage":6,"enemies":"2 Louse","floor":1,"turns":4},{"damage":0,"enemies":"Small Slimes","floor":3,"turns":3},{"damage":39,"enemies":"3 Sentries","floor":6,"turns":13},{"damage":1,"enemies":"Jaw Worm","floor":7,"turns":3},{"damage":3,"enemies":"Red Slaver","floor":8,"turns":3},{"damage":14,"enemies":"Gremlin Nob","floor":11,"turns":3},{"damage":4,"enemies":"Exordium Wildlife","floor":12,"turns":3},{"damage":10,"enemies":"Looter","floor":13,"turns":2},{"damage":3,"enemies":"3 Sentries","floor":14,"turns":4},{"damage":30,"enemies":"Hexaghost","floor":16,"turns":11},{"damage":10,"enemies":"Shell Parasite","floor":18,"turns":3},{"damage":20,"enemies":"2 Thieves","floor":21,"turns":3},{"damage":24,"enemies":"Sentry and Sphere","floor":24,"turns":4},{"damage":44,"enemies":"Gremlin Leader","floor":25,"turns":5}],"seed_played":"8888795624545211536","potions_obtained":[{"floor":3,"key":"AttackPotion"},{"floor":6,"key":"DuplicationPotion"},{"floor":11,"key":"Dexterity Potion"},{"floor":13,"key":"Weak Potion"},{"floor":24,"key":"Strength Potion"}],"is_trial":false,"path_per_floor":["M","?","M","?","T","E","M","M","T","R","E","M","M","E","R","B",null,"M","?","?","M","?","R","M","E"],"character_chosen":"IRONCLAD","items_purchased":[],"campfire_rested":0,"item_purchase_floors":[],"current_hp_per_floor":[72,58,64,64,64,31,36,39,39,39,31,33,29,32,32,8,72,68,68,68,54,54,54,36,0,0],"gold":501,"neow_bonus":"REMOVE_TWO","is_daily":false,"chose_seed":false,"campfire_upgraded":3,"win_rate":0.0,"timestamp":1613858991,"path_taken":["M","?","M","?","?","E","M","?","T","R","E","M","M","E","R","BOSS","M","?","?","M","?","R","M","E"],"items_purchased_type":[],"build_version":"2020-12-22","purchased_purges":0,"victory":false,"max_hp_per_floor":[72,72,72,72,72,72,72,72,72,72,72,72,72,72,72,72,72,72,72,72,72,72,72,72,72,72],"relic_stats":{"counters":[14,64],"Juzu Bracelet":1,"obtain_stats":[{"Lantern":11,"Mark of Pain":17,"Omamori":5,"Juzu Bracelet":9,"Frozen Egg 2":14,"Burning Blood":0,"Mercury Hourglass":6},{"Lantern":6,"Mark of Pain":10,"Omamori":2,"Juzu Bracelet":5,"Frozen Egg 2":9,"Burning Blood":0,"Mercury Hourglass":3},{"Lantern":29,"Mark of Pain":49,"Omamori":7,"Juzu Bracelet":26,"Frozen Egg 2":38,"Burning Blood":0,"Mercury Hourglass":20}],"Burning Blood":78,"Mercury Hourglass":[165]},"card_choices":[{"not_picked":["Battle Trance","Clothesline"],"picked":"Pommel Strike","floor":1},{"not_picked":["True Grit","Sword Boomerang"],"picked":"Flame Barrier","floor":3},{"not_picked":["Bludgeon","Clash","Dual Wield"],"picked":"SKIP","floor":6},{"not_picked":["Warcry","Sever Soul"],"picked":"Iron Wave","floor":7},{"not_picked":["Shrug It Off","Sword Boomerang"],"picked":"Body Slam","floor":8},{"not_picked":["Heavy Blade","Hemokinesis"],"picked":"Cleave","floor":11},{"not_picked":["Entrench","Armaments"],"picked":"Flex","floor":12},{"not_picked":["Fire Breathing","Armaments"],"picked":"Cleave","floor":13},{"not_picked":["Clothesline","Clash"],"picked":"Twin Strike","floor":14},{"not_picked":["Barricade+1","Feed"],"picked":"Bludgeon","floor":16},{"not_picked":["Pummel+1","Thunderclap"],"picked":"Heavy Blade+1","floor":18},{"not_picked":["Iron Wave","Fire Breathing+1"],"picked":"Clothesline","floor":21},{"not_picked":["Heavy Blade","Clothesline"],"picked":"Spot Weakness","floor":24}],"player_experience":39005,"relics_obtained":[{"floor":5,"key":"Omamori"},{"floor":6,"key":"Mercury Hourglass"},{"floor":9,"key":"Juzu Bracelet"},{"floor":11,"key":"Lantern"},{"floor":14,"key":"Frozen Egg 2"}],"event_choices":[{"damage_healed":0,"gold_gain":0,"player_choice":"Entered Light","damage_taken":14,"max_hp_gain":0,"max_hp_loss":0,"event_name":"Shining Light","floor":2,"gold_loss":0,"cards_upgraded":["Defend_R","Strike_R"]},{"damage_healed":0,"gold_gain":0,"player_choice":"Ignored","damage_taken":0,"max_hp_gain":0,"max_hp_loss":0,"event_name":"Liars Game","floor":4,"gold_loss":0},{"damage_healed":0,"gold_gain":0,"player_choice":"Read","damage_taken":0,"max_hp_gain":0,"max_hp_loss":0,"event_name":"The Library","floor":19,"gold_loss":0,"cards_obtained":["Spot Weakness"]},{"damage_healed":0,"gold_gain":0,"player_choice":"1 cards matched","damage_taken":0,"max_hp_gain":0,"max_hp_loss":0,"event_name":"Match and Keep!","floor":20,"gold_loss":0,"cards_obtained":["Body Slam"]},{"damage_healed":0,"gold_gain":0,"player_choice":"Ignored","damage_taken":0,"max_hp_gain":0,"max_hp_loss":0,"event_name":"Ghosts","floor":22,"gold_loss":0}],"is_beta":false,"boss_relics":[{"not_picked":["Fusion Hammer","Coffee Dripper"],"picked":"Mark of Pain"}],"items_purged_floors":[],"is_endless":false,"potions_floor_spawned":[3,6,11,13,24],"killed_by":"Gremlin Leader","ascension_level":0}}