{"host":"or8fr2mp0k3eluj8","time":1613836657,"event":{"mods":["AchievementEnabler","BaseMod","Colored Map","DeckTracker","Keyboard Shortcuts","Minty Spire (QoL Compilation)","StSLib","SuperFastMode","everything is the same but u backflip on backflip"],"gold_per_floor":[115,129,129,148,148,175,175,175,175,205,205,205,233,5,5,5,5],"floor_reached":16,"language":"KOR","playtime":452,"items_purged":["Strike_R"],"score":133,"play_id":"0b0487d1-c18e-4d26-8b91-18a92f1ac21d","local_time":"20210221005737","is_ascension_mode":true,"campfire_choices":[{"data":"Infernal Blade","floor":7,"key":"SMITH"},{"floor":12,"key":"DIG"},{"floor":15,"key":"DIG"}],"circlet_count":0,"master_deck":["Strike_R","Strike_R","Strike_R+1","Defend_R","Defend_R","Defend_R+1","Defend_R","Bash","Pommel Strike","Thunderclap","Combust","Infernal Blade+1","Corruption","Headbutt"],"relics":["Burning Blood","NeowsBlessing","Charon\u0027s Ashes","Shovel","Odd Mushroom","Prayer Wheel","TungstenRod","Bird Faced Urn","Brimstone","Mummified Hand"],"acts_visited":["Exordium"],"potions_floor_usage":[16],"damage_taken":[{"damage":0,"enemies":"Small Slimes","floor":1,"turns":1},{"damage":0,"enemies":"Jaw Worm","floor":2,"turns":1},{"damage":0,"enemies":"2 Louse","floor":4,"turns":1},{"damage":35,"enemies":"3 Sentries","floor":6,"turns":5},{"damage":11,"enemies":"The Mushroom Lair","floor":10,"turns":3},{"damage":11,"enemies":"Gremlin Nob","floor":13,"turns":3},{"damage":35,"enemies":"Hexaghost","floor":16,"turns":5}],"seed_played":"-3592865220938353190","potions_obtained":[{"floor":2,"key":"BlessingOfTheForge"}],"is_trial":false,"path_per_floor":["M","M","?","M","?","E","R","?","T","?","T","R","E","$","R","B"],"character_chosen":"IRONCLAD","items_purchased":["Brimstone"],"campfire_rested":0,"item_purchase_floors":[14],"current_hp_per_floor":[80,80,85,85,68,39,39,32,32,27,27,27,22,22,22,0,0],"gold":5,"neow_bonus":"THREE_ENEMY_KILL","is_daily":false,"chose_seed":false,"campfire_upgraded":1,"win_rate":0.0,"timestamp":1613836657,"path_taken":["M","M","?","M","?","E","R","?","T","?","?","R","E","$","R","BOSS"],"items_purchased_type":["Relic"],"build_version":"2020-12-22","purchased_purges":1,"victory":false,"max_hp_per_floor":[80,80,85,85,85,85,85,85,85,85,85,85,85,85,85,85,85],"card_choices":[{"not_picked":["Shrug It Off","Sever Soul"],"picked":"Pommel Strike","floor":1},{"not_picked":["Havoc","Heavy Blade"],"picked":"Thunderclap","floor":2},{"not_picked":["Burning Pact","Metallicize"],"picked":"Combust","floor":4},{"not_picked":["Power Through","Body Slam"],"picked":"Infernal Blade","floor":6},{"not_picked":["Clothesline","Shrug It Off"],"picked":"Corruption","floor":10},{"not_picked":["Metallicize","Searing Blow"],"picked":"Headbutt","floor":13}],"player_experience":410099,"relics_obtained":[{"floor":6,"key":"Charon\u0027s Ashes"},{"floor":9,"key":"Shovel"},{"floor":10,"key":"Odd Mushroom"},{"floor":11,"key":"Prayer Wheel"},{"floor":12,"key":"TungstenRod"},{"floor":13,"key":"Bird Faced Urn"},{"floor":15,"key":"Mummified Hand"}],"event_choices":[{"damage_healed":0,"gold_gain":0,"player_choice":"Donut","damage_taken":0,"max_hp_gain":5,"max_hp_loss":0,"event_name":"Big Fish","floor":3,"gold_loss":0},{"damage_healed":0,"gold_gain":0,"player_choice":"Entered Light","damage_taken":17,"max_hp_gain":0,"max_hp_loss":0,"event_name":"Shining Light","floor":5,"gold_loss":0,"cards_upgraded":["Strike_R","Defend_R"]},{"cards_removed":["Strike_R"],"damage_healed":0,"gold_gain":0,"player_choice":"Card Removal","damage_taken":7,"max_hp_gain":0,"max_hp_loss":0,"event_name":"Golden Wing","floor":8,"gold_loss":0},{"damage_healed":0,"gold_gain":0,"player_choice":"Fought Mushrooms","damage_taken":0,"max_hp_gain":0,"max_hp_loss":0,"event_name":"Mushrooms","floor":10,"gold_loss":0}],"is_beta":false,"boss_relics":[],"items_purged_floors":[14],"is_endless":false,"potions_floor_spawned":[2],"killed_by":"Hexaghost","ascension_level":5}}