{"host":"a3oe3gstxz77c7qu","time":1613788099,"event":{"mods":["2.2 Compatiblity","Act Like it!","Astrologer","BaseMod","Bestiary","Better Altar","Better Match","Better Note","Better Skull","Better Third Choice","Block Reminder","Curses Come First","Custom Start","Dark Map","Downfall","Friendly Minions","GifTheSpireLib","Hermit","Jorbs\u0027s Wanderer Trilogy","Lobotomy","LobotomyExtend","Marisa????????","Minty Spire (QoL Compilation)","Permanent Neow","Quick Restart","Relic Filter Mod","Relic Stats","Reliquary","Replay The Spire","Ruina","Smile Girya","Spire Arcade","StSLib","The Bug Knight","The Cursed","The Disciple","Uncapped","Unknown Chances","Wandering Minibosses"],"gold_per_floor":[118,128,145,163,238,238,264,264,314,314,86,108,133,195,195,304,304,312,312,312,326,339,339,373,119,119,158,158,180,206,86,86,195,220,271,331,356,383,508,508,554,554,600,734,734,759,759,802,802,812,812],"floor_reached":52,"language":"ENG","playtime":2399,"items_purged":["SpecialBullet","CentralCode","SpecialBullet","SpecialBullet"],"score":1144,"play_id":"5024f8a7-b14f-401c-823e-a4aa224006f6","local_time":"20210220022819","is_ascension_mode":true,"campfire_choices":[],"circlet_count":0,"master_deck":["SpecialBullet","SpecialBullet","SpecialBullet","SpecialBullet","SpecialBullet","InformationCode","ExtractionCode","Lamp+31","FairyFestival","BlueScar","TrainingCode","SoundOfStar","SecurityCode","TheSmile+1","TheSmile+1","ReplayTheSpireMod:Private Reserves+1","ScreamingWedge+1","GreenStem+1","CENSORED_ego+1","FieryBird"],"relics":["CogitoBucket","RabbitCall","LetterFromLob","ReplayTheSpireMod:Ninjato","Replay:Wax Seal","Odd Mushroom","Replay:Bandana","Centennial Puzzle","Velvet Choker","HonorFeather","Heaven_r","MagicBullet_r","AdjustmentMirror","bronze:DecasWashers","HornCleat","Replay:Bottled Snecko","reliquary:JackalopeAntler","FleshIdol","reliquary:RoseTintedGlasses","Calling Bell","Juzu Bracelet","Shuriken","Ice Cream","Omamori","ReplayTheSpireMod:CursedCoin","MealTicket","Regal Pillow","InkBottle"],"acts_visited":["Exordium","Exordium","TheBeyond"],"potions_floor_usage":[],"damage_taken":[{"damage":0.0,"enemies":"Cultist","floor":1.0,"turns":3.0},{"damage":19.0,"enemies":"Small Slimes","floor":2.0,"turns":6.0},{"damage":8.0,"enemies":"2 Louse","floor":3.0,"turns":3.0},{"damage":15.0,"enemies":"2 Fungi Beasts","floor":4.0,"turns":4.0},{"damage":0.0,"enemies":"Lagavulin","floor":7.0,"turns":7.0},{"damage":5.0,"enemies":"The Mushroom Lair","floor":12.0,"turns":7.0},{"damage":17.0,"enemies":"HollowMod:MossKnight","floor":13.0,"turns":5.0},{"damage":0.0,"enemies":"Gremlin Nob","floor":14.0,"turns":2.0},{"damage":8.0,"enemies":"Hexaghost","floor":16.0,"turns":6.0},{"damage":55.0,"enemies":"ruina:Nosferatu","floor":18.0,"turns":3.0},{"damage":13.0,"enemies":"ruina:Nosferatu","floor":18.0,"turns":2.0},{"damage":10.0,"enemies":"ruina:Nosferatu","floor":21.0,"turns":3.0},{"damage":0.0,"enemies":"ruina:BadWolf","floor":22.0,"turns":1.0},{"damage":0.0,"enemies":"ruina:ServantOfWrath","floor":24.0,"turns":4.0},{"damage":0.0,"enemies":"ruina:RoadHome","floor":27.0,"turns":1.0},{"damage":2.0,"enemies":"ruina:KingOfGreed","floor":29.0,"turns":2.0},{"damage":6.0,"enemies":"ruina:QueenOfHate","floor":30.0,"turns":6.0},{"damage":38.0,"enemies":"ruina:JesterOfNihil","floor":33.0,"turns":11.0},{"damage":2.0,"enemies":"Orb Walker","floor":35.0,"turns":2.0},{"damage":46.0,"enemies":"3 Darklings","floor":36.0,"turns":7.0},{"damage":5.0,"enemies":"Jaw Worm Horde","floor":41.0,"turns":3.0},{"damage":57.0,"enemies":"R_Hoarder","floor":44.0,"turns":7.0},{"damage":20.0,"enemies":"Giant Head","floor":48.0,"turns":4.0},{"damage":2,"enemies":"Time Eater","floor":50,"turns":6}],"seed_played":"-3559854555871380731","potions_obtained":[{"floor":2.0,"key":"Swift Potion"},{"floor":3.0,"key":"ColorlessPotion"},{"floor":22.0,"key":"EssenceOfSteel"},{"floor":27.0,"key":"CultistPotion"}],"is_trial":false,"path_per_floor":["M","M","M","M","?","R","E","R","T","R","$","?","E","?","R","B",null,"M","?","?","M","M","R","E","$","T","E","R","M","M","$","R","B",null,"M","M","?","T","$","?","M","R","T","E","R","?","R","E","R","B",null,null],"character_chosen":"Angela","items_purchased":["SoundOfStar","HornCleat","reliquary:RoseTintedGlasses","ReplayTheSpireMod:CursedCoin"],"campfire_rested":0,"item_purchase_floors":[11,25,31,39],"current_hp_per_floor":[68,57,53,42,31,31,39,39,39,39,39,43,33,35,35,42,67,71,71,49,51,60,75,75,75,75,75,75,75,68,68,75,52,69,75,59,59,59,59,59,74,75,75,50,75,75,75,75,75,75,75],"gold":812,"neow_bonus":"RANDOM_EVENT","is_daily":false,"chose_seed":false,"campfire_upgraded":0,"win_rate":0.0,"timestamp":1613788099,"path_taken":["M","?","M","M","?","R","E","R","T","R","$","?","E","?","R","BOSS","M","?","?","M","M","R","E","$","T","E","R","M","M","$","R","BOSS","M","M","?","?","?","?","M","R","T","E","R","?","R","E","R","BOSS"],"items_purchased_type":["Card","Relic","Relic","Relic"],"build_version":"2020-12-22","purchased_purges":4,"victory":true,"max_hp_per_floor":[75,75,75,75,75,75,75,75,75,75,75,75,75,75,75,75,75,75,75,75,75,75,75,75,75,75,75,75,75,75,75,75,75,75,75,75,75,75,75,75,75,75,75,75,75,75,75,75,75,75,75],"relic_stats":{"Centennial Puzzle":[42],"Regal Pillow":0,"counters":[26,107],"Shuriken":[2],"MealTicket":0,"Juzu Bracelet":0,"obtain_stats":[{"Ice Cream":34,"RabbitCall":0,"HonorFeather":18,"Regal Pillow":44,"FleshIdol":30,"Juzu Bracelet":34,"AdjustmentMirror":22,"CogitoBucket":0,"Replay:Bandana":13,"Centennial Puzzle":14,"HornCleat":25,"MealTicket":43,"reliquary:RoseTintedGlasses":31,"Replay:Bottled Snecko":26,"Replay:Wax Seal":9,"InkBottle":48,"ReplayTheSpireMod:Ninjato":7,"MagicBullet_r":18,"ReplayTheSpireMod:CursedCoin":39,"bronze:DecasWashers":24,"Velvet Choker":17,"Omamori":38,"Odd Mushroom":12,"Heaven_r":18,"reliquary:JackalopeAntler":27,"Calling Bell":34,"Shuriken":34,"LetterFromLob":1},{"Ice Cream":20,"RabbitCall":0,"HonorFeather":10,"Regal Pillow":24,"FleshIdol":19,"Juzu Bracelet":20,"AdjustmentMirror":14,"CogitoBucket":0,"Replay:Bandana":7,"Centennial Puzzle":8,"HornCleat":15,"MealTicket":23,"reliquary:RoseTintedGlasses":19,"Replay:Bottled Snecko":15,"Replay:Wax Seal":5,"InkBottle":25,"ReplayTheSpireMod:Ninjato":5,"MagicBullet_r":11,"ReplayTheSpireMod:CursedCoin":22,"bronze:DecasWashers":15,"Velvet Choker":9,"Omamori":22,"Odd Mushroom":6,"Heaven_r":11,"reliquary:JackalopeAntler":16,"Calling Bell":20,"Shuriken":20,"LetterFromLob":1},{"Ice Cream":78,"RabbitCall":0,"HonorFeather":46,"Regal Pillow":97,"FleshIdol":67,"Juzu Bracelet":78,"AdjustmentMirror":53,"CogitoBucket":0,"Replay:Bandana":35,"Centennial Puzzle":37,"HornCleat":57,"MealTicket":90,"reliquary:RoseTintedGlasses":67,"Replay:Bottled Snecko":57,"Replay:Wax Seal":23,"InkBottle":101,"ReplayTheSpireMod:Ninjato":23,"MagicBullet_r":48,"ReplayTheSpireMod:CursedCoin":87,"bronze:DecasWashers":57,"Velvet Choker":43,"Omamori":87,"Odd Mushroom":30,"Heaven_r":48,"reliquary:JackalopeAntler":58,"Calling Bell":78,"Shuriken":78,"LetterFromLob":3}],"InkBottle":[2]},"card_choices":[{"not_picked":["Soda"],"picked":"Lamp","floor":1.0},{"not_picked":["HappyTeddy","CherryBlossoms"],"picked":"FairyFestival","floor":1.0},{"not_picked":["Loneliness","WristCuter"],"picked":"SKIP","floor":1.0},{"not_picked":["MagicBullet","Wingbeat"],"picked":"SKIP","floor":2.0},{"not_picked":["CUTE","Lamp"],"picked":"SKIP","floor":2.0},{"not_picked":["Horn"],"picked":"BlueScar","floor":3.0},{"not_picked":["Christmas","Diffraction"],"picked":"SKIP","floor":3.0},{"not_picked":["Horn","Beak"],"picked":"SKIP","floor":4.0},{"not_picked":["WristCuter","Justitia"],"picked":"SKIP","floor":4.0},{"not_picked":["Soda","Lantern"],"picked":"SKIP","floor":7.0},{"not_picked":["Hornet","Galaxy"],"picked":"SKIP","floor":7.0},{"not_picked":["FieryBird","QueenBee"],"picked":"OldLady","floor":12.0},{"not_picked":["Adoration","Reverberation"],"picked":"SKIP","floor":13.0},{"not_picked":["BlueScar","Mimicry"],"picked":"SKIP","floor":13.0},{"not_picked":["Mimicry","TheSmile"],"picked":"SoundOfStar","floor":16.0},{"not_picked":["DaCapo","SoundOfStar"],"picked":"TheSmile","floor":16.0},{"not_picked":["Soda","Lantern","Noise"],"picked":"SKIP","floor":21.0},{"not_picked":["BloodyDesire","BearPaw+1","Pleasure"],"picked":"SKIP","floor":21.0},{"not_picked":["ShyLook","HappyTeddy","Rudolta"],"picked":"Singing Bowl","floor":22.0},{"not_picked":["Penitence","SomewhereSpear","Reverberation"],"picked":"SKIP","floor":22.0},{"not_picked":["Horn","CrimsonScar","Gaze"],"picked":"SKIP","floor":22.0},{"not_picked":["Wellcheers","MeatLantern","CrumblingArmor"],"picked":"Singing Bowl","floor":24.0},{"not_picked":["Christmas","Regret_ego","Loneliness"],"picked":"SKIP","floor":24.0},{"not_picked":["Noise","Spore","RapturousDream"],"picked":"SKIP","floor":24.0},{"not_picked":["MeatLantern","UniverseFragment","WhitesApple"],"picked":"Singing Bowl","floor":27.0},{"not_picked":["Harmony","Horn","Galaxy"],"picked":"SKIP","floor":27.0},{"not_picked":["Moonlight","Pinks","Noise"],"picked":"SKIP","floor":27.0},{"not_picked":["WhitesApple","CENSORED","DreamingCurrent"],"picked":"Singing Bowl","floor":29.0},{"not_picked":["Hornet+1","BearPaw+1","Wingbeat+1"],"picked":"SKIP","floor":29.0},{"not_picked":["WristCuter+1","Tough+1","GrinderMk4+1"],"picked":"SKIP","floor":29.0},{"not_picked":["Bloodbath","SpiderBud","DespairKnight"],"picked":"Singing Bowl","floor":30.0},{"not_picked":["Loneliness+1","Twilight+1","Noise+1"],"picked":"SKIP","floor":30.0},{"not_picked":["Lantern+1","Horn+1","CUTE+1"],"picked":"SKIP","floor":30.0},{"not_picked":["Alriune","CherryBlossoms","NothingThere"],"picked":"Singing Bowl","floor":33.0},{"not_picked":["SingingMachine","Murderer","CrumblingArmor"],"picked":"Singing Bowl","floor":35.0},{"not_picked":["Christmas+1","Loneliness+1","Tough+1"],"picked":"SKIP","floor":35.0},{"not_picked":["CrimsonScar+1","Discord+1","CUTE+1"],"picked":"SKIP","floor":35.0},{"not_picked":["RedShoes","LaLuna","WhiteNight"],"picked":"Singing Bowl","floor":36.0},{"not_picked":["Tough+1","CherryBlossom+1","CrimsonScar+1"],"picked":"SKIP","floor":36.0},{"not_picked":["Horn+1","TodaysExpression+1","FrostShard+1"],"picked":"SKIP","floor":36.0},{"not_picked":["Panacea+1","HandOfGreed+1"],"picked":"ReplayTheSpireMod:Private Reserves+1","floor":37.0},{"not_picked":["Wingbeat+1","FrostShard+1"],"picked":"ScreamingWedge+1","floor":41.0},{"not_picked":["FourthMatchFlame+1","ScreamingWedge+1","Ecstasy+1"],"picked":"SKIP","floor":41.0},{"not_picked":["FourthMatchFlame+1","FrostShard+1"],"picked":"GreenStem+1","floor":44.0},{"not_picked":["Soda+1","Logging+1"],"picked":"CENSORED_ego+1","floor":44.0},{"not_picked":["HeroicMonk","GreedKing"],"picked":"FieryBird","floor":44.0},{"not_picked":["LittleHelper","WhiteNight","LaLuna"],"picked":"Singing Bowl","floor":48.0},{"not_picked":["Galaxy+1","Pleasure+1","Moonlight+1"],"picked":"SKIP","floor":48.0},{"not_picked":["Noise+1","Ecstasy+1","GreenStem+1"],"picked":"SKIP","floor":48.0}],"player_experience":1170965,"relics_obtained":[{"floor":1.0,"key":"LetterFromLob"},{"floor":7.0,"key":"ReplayTheSpireMod:Ninjato"},{"floor":9.0,"key":"Replay:Wax Seal"},{"floor":12.0,"key":"Odd Mushroom"},{"floor":13.0,"key":"Replay:Bandana"},{"floor":14.0,"key":"Centennial Puzzle"},{"floor":24.0,"key":"bronze:DecasWashers"},{"floor":26.0,"key":"Replay:Bottled Snecko"},{"floor":27.0,"key":"reliquary:JackalopeAntler"},{"floor":34.0,"key":"Juzu Bracelet"},{"floor":34.0,"key":"Shuriken"},{"floor":34.0,"key":"Ice Cream"},{"floor":38.0,"key":"Omamori"},{"floor":43.0,"key":"MealTicket"},{"floor":44.0,"key":"Regal Pillow"},{"floor":48.0,"key":"InkBottle"}],"event_choices":[{"damage_healed":0.0,"max_hp_gain":5.0,"max_hp_loss":0.0,"gold_gain":0.0,"event_name":"Big Fish","player_choice":"Donut","floor":0.0,"gold_loss":0.0,"damage_taken":0.0},{"damage_healed":0.0,"max_hp_gain":0.0,"max_hp_loss":0.0,"gold_gain":75.0,"event_name":"betterThird:BetterGoop","player_choice":"Gold","floor":5.0,"gold_loss":0.0,"damage_taken":11.0},{"damage_healed":0.0,"max_hp_gain":0.0,"max_hp_loss":0.0,"gold_gain":0.0,"event_name":"Mushrooms","player_choice":"Fought Mushrooms","floor":12.0,"gold_loss":0.0,"damage_taken":0.0},{"damage_healed":0.0,"max_hp_gain":0.0,"max_hp_loss":0.0,"gold_gain":0.0,"event_name":"Dead Adventurer","player_choice":"Searched \u00271\u0027 times","floor":14.0,"gold_loss":0.0,"damage_taken":0.0},{"damage_healed":0.0,"max_hp_gain":0.0,"max_hp_loss":0.0,"gold_gain":0.0,"event_name":"SensoryStone","player_choice":"Memory 1","floor":37.0,"gold_loss":0.0,"damage_taken":0.0},{"damage_healed":0.0,"max_hp_gain":0.0,"max_hp_loss":0.0,"gold_gain":0.0,"event_name":"Tomb of Lord Red Mask","player_choice":"Ignored","floor":40.0,"gold_loss":0.0,"damage_taken":0.0},{"cards_removed":["SoundOfStar"],"damage_healed":0.0,"max_hp_gain":0.0,"max_hp_loss":0.0,"gold_gain":0.0,"event_name":"Falling","player_choice":"Removed Skill","floor":46.0,"gold_loss":0.0,"damage_taken":0.0}],"is_beta":false,"boss_relics":[{"not_picked":["Ectoplasm","Black Star"],"picked":"Velvet Choker"},{"not_picked":["Empty Cage","Runic Pyramid"],"picked":"Calling Bell"}],"items_purged_floors":[11,25,31,39],"is_endless":false,"potions_floor_spawned":[2,3,12,13,18,18,22,27,29,35,44],"ascension_level":12}}