{"host":"htqwg582tjjtn9p7","time":1613843957,"event":{"mods":["2.2 Compatiblity","AchievementEnabler","Act Like it!","Aspiration","BaseMod","Better Third Choice","Colored Map","Conspire","Curses Come First","Displayed Cursed Tome","Energized Spire","Force Act Four","Fox Events","GifTheSpireLib","Hermit","Highlight Path","JesterMod","Mad Scientist","Minty Spire (QoL Compilation)","Pale of the Ancients","Permanent Neow","Random Character Button","Relic Stats","Reliquary","Replay The Spire","Robot Space Explorer","Somnambulant","Spicy Shops","Spikes Relics","StSLib","Stuff the Spire","The Blue Laboratory","The Bug Knight","The Forsaken","The Gatherer","The Judge","The Jungle","The Marked","The Runesmith","The Servant 0.9.4","Uncapped"],"gold_per_floor":[20,30,78,90,90,129,2,76,76,94,94,119,150,165,165,165,165],"floor_reached":16,"language":"ENG","playtime":635,"items_purged":[],"score":268,"play_id":"c0410f5b-7cb9-4533-84da-9076c1069c63","local_time":"20210220185917","is_ascension_mode":true,"campfire_choices":[{"floor":11,"key":"REST"},{"floor":15,"key":"REST"}],"circlet_count":0,"master_deck":["AscendersBane","WordoMod:StrikeCard","WordoMod:StrikeCard","WordoMod:StrikeCard","WordoMod:StrikeCard","WordoMod:DefendCard","WordoMod:DefendCard","WordoMod:DefendCard","WordoMod:DefendCard","WordoMod:Accursed","WordoMod:IllWill","WordoMod:MorbidFascination","WordoMod:SoulSpear","WordoMod:Cataclysm","ReplayTheSpireMod:Splinters","WordoMod:Repent","CloudedMind","Injury","WordoMod:Penitence","WordoMod:MementoMori","WordoMod:Penitence","CloudedMind","WordoMod:BreakChains","WordoMod:DarkForm"],"relics":["WordoMod:Obsidian","WordoMod:Effigy","Golden Idol","aspiration:FetidBarrel","Kunai","Juzu Bracelet","Bag of Preparation"],"acts_visited":["Exordium"],"potions_floor_usage":[6,6,13,16,16],"damage_taken":[{"damage":1,"enemies":"Cultist","floor":1,"turns":3},{"damage":0,"enemies":"Small Slimes","floor":2,"turns":3},{"damage":3,"enemies":"Jaw Worm","floor":4,"turns":3},{"damage":35,"enemies":"Lagavulin","floor":6,"turns":7},{"damage":0,"enemies":"Exordium Wildlife","floor":10,"turns":2},{"damage":9,"enemies":"Blue Slaver","floor":12,"turns":5},{"damage":25,"enemies":"3 Sentries","floor":13,"turns":6},{"damage":13,"enemies":"Exordium Thugs","floor":14,"turns":4},{"damage":26,"enemies":"Hexaghost","floor":16,"turns":9}],"seed_played":"-1790331650742607810","potions_obtained":[{"floor":2,"key":"Toxic Potion"},{"floor":3,"key":"Flashbang"},{"floor":3,"key":"ColorlessPotion"},{"floor":6,"key":"GamblersBrew"},{"floor":14,"key":"Adrenaline Potion"}],"is_trial":false,"path_per_floor":["M","M","?","M","?","E","$","T","T","M","R","M","E","M","R","B"],"character_chosen":"JUDGE_CLASS","items_purchased":["WordoMod:MementoMori","WordoMod:Penitence"],"campfire_rested":2,"item_purchase_floors":[7,7],"current_hp_per_floor":[67,67,67,64,64,29,29,29,29,29,51,42,17,4,26,0,0],"gold":165,"neow_bonus":"THREE_RARE_CARDS","is_daily":false,"chose_seed":false,"campfire_upgraded":0,"win_rate":0.0,"timestamp":1613843957,"path_taken":["M","?","?","M","?","E","$","?","T","M","R","M","E","M","R","BOSS"],"items_purchased_type":["Card","Card"],"build_version":"2020-12-22","purchased_purges":0,"victory":false,"max_hp_per_floor":[75,75,75,75,75,75,75,75,75,75,75,75,75,75,75,75,75],"relic_stats":{"counters":[9,42],"Golden Idol":26,"Juzu Bracelet":0,"Bag of Preparation":[4],"Kunai":[0],"obtain_stats":[{"WordoMod:Effigy":0,"Golden Idol":5,"aspiration:FetidBarrel":6,"WordoMod:Obsidian":0,"Juzu Bracelet":9,"Bag of Preparation":13,"Kunai":8},{"WordoMod:Effigy":0,"Golden Idol":3,"aspiration:FetidBarrel":4,"WordoMod:Obsidian":0,"Juzu Bracelet":4,"Bag of Preparation":7,"Kunai":4},{"WordoMod:Effigy":0,"Golden Idol":9,"aspiration:FetidBarrel":16,"WordoMod:Obsidian":0,"Juzu Bracelet":16,"Bag of Preparation":29,"Kunai":16}]},"card_choices":[{"not_picked":["WordoMod:TheCure","WordoMod:HighwayToHell"],"picked":"WordoMod:MorbidFascination","floor":0},{"not_picked":["WordoMod:ShackleGuard","WordoMod:Exorcism"],"picked":"WordoMod:SoulSpear","floor":1},{"not_picked":["WordoMod:MorbidFascination","WordoMod:InfectiousCulture"],"picked":"WordoMod:Cataclysm","floor":2},{"not_picked":["WordoMod:Pestilence","WordoMod:Hysteria"],"picked":"WordoMod:Repent","floor":3},{"not_picked":["ReplayTheSpireMod:IOU","Voices"],"picked":"CloudedMind","floor":4},{"not_picked":["WordoMod:Sickness","WordoMod:SoulSpear","WordoMod:Hysteria"],"picked":"SKIP","floor":4},{"not_picked":["WordoMod:Retaliate","WordoMod:MementoMori"],"picked":"WordoMod:Penitence","floor":6},{"not_picked":["WordoMod:ShackleGuard","WordoMod:Unchained","WordoMod:Spite"],"picked":"SKIP","floor":10},{"not_picked":["WordoMod:Petrified","StuffTheSpire:GnomedCurse"],"picked":"CloudedMind","floor":12},{"not_picked":["WordoMod:FalseDiagnosis","WordoMod:ShackleGuard","WordoMod:Sickness"],"picked":"SKIP","floor":12},{"not_picked":["WordoMod:ShackleGuard","WordoMod:Cataclysm"],"picked":"WordoMod:BreakChains","floor":13},{"not_picked":["WordoMod:Exorcism","WordoMod:CurseBuckler"],"picked":"WordoMod:DarkForm","floor":14}],"player_experience":2055656,"relics_obtained":[{"floor":6,"key":"aspiration:FetidBarrel"},{"floor":8,"key":"Kunai"},{"floor":9,"key":"Juzu Bracelet"},{"floor":13,"key":"Bag of Preparation"}],"event_choices":[{"damage_healed":0,"gold_gain":0,"player_choice":"Take Wound","damage_taken":0,"relics_obtained":["Golden Idol"],"max_hp_gain":0,"max_hp_loss":0,"event_name":"Golden Idol","floor":5,"gold_loss":0,"cards_obtained":["Injury"]}],"is_beta":false,"boss_relics":[],"items_purged_floors":[],"is_endless":false,"potions_floor_spawned":[2,4,6,14],"killed_by":"Hexaghost","ascension_level":10}}