{"host":"mlerl2sxhcwd6xvy","time":1613861065,"event":{"mods":["BaseMod","Minty Spire (QoL Compilation)","StSLib","The Runesmith"],"gold_per_floor":[115,190,190,203,203,203,237,237,305,317,329,356,372,372,372,473,473,486,501,416,376,386,413,413,190,190,217,67,67,83,97,97,202,202,220,220,237,287,46,78,78,92,117,136,176,37,68,0,0,0,0],"floor_reached":50,"language":"ENG","playtime":3568,"items_purged":["Strike_P","Strike_P"],"score":629,"play_id":"53041452-deb5-46b2-914a-6017b28b2ff0","local_time":"20210220174425","is_ascension_mode":true,"campfire_choices":[{"data":"FlyingSleeves","floor":6.0,"key":"SMITH"},{"data":"EmptyFist","floor":8.0,"key":"SMITH"},{"data":"Meditate","floor":15.0,"key":"SMITH"},{"data":"TalkToTheHand","floor":24,"key":"SMITH"},{"data":"FlurryOfBlows","floor":29,"key":"SMITH"},{"floor":32,"key":"REST"},{"floor":41,"key":"REST"},{"data":"DevaForm","floor":49,"key":"SMITH"}],"circlet_count":0,"master_deck":["Strike_P+1","Defend_P","Defend_P","Defend_P","Defend_P","Eruption+1","Vigilance+1","FlyingSleeves+1","EmptyFist+1","FlurryOfBlows+1","Meditate+1","Evaluate+1","FlurryOfBlows","Eruption+1","Panacea+1","Devotion","BowlingBash+1","Prostrate+1","TalkToTheHand+1","Vengeance+1","Wish+1","DevaForm+1","CutThroughFate","FlurryOfBlows+1","Parasite","EmptyMind+1","Sanctity+1"],"relics":["HolyWater","NeowsBlessing","Letter Opener","Meat on the Bone","Toxic Egg 2","SacredBark","Bag of Preparation","CaptainsWheel","ClockworkSouvenir","Mercury Hourglass","Centennial Puzzle","Bronze Scales","Du-Vu Doll","Runesmith:Nanobots","MealTicket","Akabeko","TungstenRod","Red Mask"],"acts_visited":["Exordium","TheCity","TheBeyond"],"potions_floor_usage":[23,27,38,40,50],"damage_taken":[{"damage":0.0,"enemies":"2 Louse","floor":1.0,"turns":1.0},{"damage":0.0,"enemies":"Jaw Worm","floor":4.0,"turns":1.0},{"damage":0.0,"enemies":"Gremlin Nob","floor":7.0,"turns":1.0},{"damage":0.0,"enemies":"Small Slimes","floor":10.0,"turns":2.0},{"damage":11.0,"enemies":"Gremlin Gang","floor":11.0,"turns":4.0},{"damage":13.0,"enemies":"Lagavulin","floor":12.0,"turns":5.0},{"damage":1.0,"enemies":"2 Fungi Beasts","floor":13.0,"turns":3.0},{"damage":28,"enemies":"Hexaghost","floor":16,"turns":6},{"damage":3,"enemies":"Chosen","floor":18,"turns":3},{"damage":0,"enemies":"Spheric Guardian","floor":19,"turns":3},{"damage":13,"enemies":"Centurion and Healer","floor":22,"turns":4},{"damage":14,"enemies":"Slavers","floor":23,"turns":3},{"damage":3,"enemies":"Book of Stabbing","floor":27,"turns":3},{"damage":0,"enemies":"3 Cultists","floor":30,"turns":2},{"damage":0,"enemies":"Cultist and Chosen","floor":31,"turns":4},{"damage":4,"enemies":"Collector","floor":33,"turns":6},{"damage":5,"enemies":"3 Darklings","floor":35,"turns":3},{"damage":3,"enemies":"3 Shapes","floor":37,"turns":3},{"damage":0,"enemies":"Mind Bloom Boss Battle","floor":38,"turns":4},{"damage":60,"enemies":"Reptomancer","floor":40,"turns":3},{"damage":7,"enemies":"3 Darklings","floor":42,"turns":3},{"damage":25,"enemies":"4 Shapes","floor":44,"turns":2},{"damage":4,"enemies":"Writhing Mass","floor":45,"turns":4},{"damage":10,"enemies":"Nemesis","floor":47,"turns":6},{"damage":113,"enemies":"Time Eater","floor":50,"turns":7}],"seed_played":"-6676513996749962822","potions_obtained":[{"floor":7.0,"key":"DuplicationPotion"},{"floor":10.0,"key":"Fruit Juice"},{"floor":12.0,"key":"Dexterity Potion"},{"floor":18,"key":"DuplicationPotion"},{"floor":22,"key":"FairyPotion"},{"floor":30,"key":"AttackPotion"},{"floor":31,"key":"BlessingOfTheForge"},{"floor":37,"key":"BottledMiracle"},{"floor":40,"key":"SkillPotion"},{"floor":42,"key":"BottledMiracle"}],"is_trial":false,"path_per_floor":["M","?","?","M","?","R","E","R","T","M","M","E","M","?","R","B",null,"M","M","?","?","M","E","R","$","T","E","$","R","M","M","R","B",null,"M","?","M","?","$","E","R","M","T","M","M","$","E","?","R","B"],"character_chosen":"WATCHER","items_purchased":["ClockworkSouvenir","Bronze Scales","Runesmith:Nanobots","EmptyMind+1"],"campfire_rested":2,"item_purchase_floors":[25,28,39,46],"current_hp_per_floor":[72,61,47,47,47,47,47,47,47,52,41,40,39,39,39,23,77,74,74,74,74,61,47,47,47,47,44,44,44,44,44,67,63,77,72,72,69,69,69,21,44,49,49,36,44,59,49,49,49,0,0],"gold":0,"neow_bonus":"THREE_ENEMY_KILL","is_daily":false,"chose_seed":false,"campfire_upgraded":6,"win_rate":0.0,"timestamp":1613861065,"path_taken":["M","?","?","M","?","R","E","R","T","M","?","E","M","?","R","BOSS","M","?","?","?","?","E","R","$","T","E","?","R","M","M","R","BOSS","M","?","?","?","?","E","R","M","T","M","M","$","E","?","R","BOSS"],"items_purchased_type":["Relic","Relic","Relic","Card"],"build_version":"2020-12-22","purchased_purges":2,"victory":false,"max_hp_per_floor":[72,72,72,72,72,72,72,72,72,77,77,77,77,77,77,77,77,77,77,77,77,77,77,77,77,77,77,77,77,77,77,77,77,77,77,77,77,77,77,77,77,77,77,77,77,77,77,77,77,77,77],"card_choices":[{"not_picked":["MentalFortress","EmptyBody"],"picked":"FlyingSleeves","floor":1.0},{"not_picked":["Consecrate","Fasting2"],"picked":"EmptyFist","floor":4.0},{"not_picked":["FollowUp","Consecrate"],"picked":"FlurryOfBlows","floor":7.0},{"not_picked":["Halt","FearNoEvil"],"picked":"Meditate","floor":10.0},{"not_picked":["Meditate","SashWhip","Protect"],"picked":"SKIP","floor":11.0},{"not_picked":["CrushJoints","Weave"],"picked":"Evaluate+1","floor":12.0},{"not_picked":["FollowUp","Evaluate+1"],"picked":"FlurryOfBlows","floor":13.0},{"not_picked":["ConjureBlade+1","Brilliance"],"picked":"Devotion","floor":16},{"not_picked":["CarveReality","CutThroughFate"],"picked":"BowlingBash+1","floor":18},{"not_picked":["Wireheading","EmptyBody+1","CarveReality"],"picked":"SKIP","floor":19},{"not_picked":["FlurryOfBlows+1","Blasphemy+1"],"picked":"Prostrate+1","floor":22},{"not_picked":["Wireheading","CarveReality+1"],"picked":"TalkToTheHand","floor":23},{"not_picked":["Devotion","BattleHymn","EmptyFist"],"picked":"SKIP","floor":27},{"not_picked":["SashWhip","FlyingSleeves"],"picked":"Vengeance+1","floor":30},{"not_picked":["Prostrate+1","FlyingSleeves"],"picked":"Wish+1","floor":31},{"not_picked":["Ragnarok","Wish+1"],"picked":"DevaForm","floor":33},{"not_picked":["EmptyBody+1","Swivel+1"],"picked":"CutThroughFate","floor":35},{"not_picked":["JustLucky","ThirdEye+1"],"picked":"FlurryOfBlows+1","floor":37},{"not_picked":["Prostrate+1","Indignation+1","Vengeance+1"],"picked":"SKIP","floor":40},{"not_picked":["ForeignInfluence+1","Fasting2","Weave"],"picked":"SKIP","floor":42},{"not_picked":["PathToVictory+1","FlyingSleeves+1","Halt+1"],"picked":"SKIP","floor":44},{"not_picked":["Protect+1","MentalFortress","CrushJoints"],"picked":"SKIP","floor":45},{"not_picked":["Wireheading+1","EmptyFist+1"],"picked":"Sanctity+1","floor":47}],"player_experience":201258,"relics_obtained":[{"floor":7.0,"key":"Letter Opener"},{"floor":9.0,"key":"Meat on the Bone"},{"floor":12.0,"key":"Toxic Egg 2"},{"floor":23,"key":"CaptainsWheel"},{"floor":26,"key":"Mercury Hourglass"},{"floor":27,"key":"Centennial Puzzle"},{"floor":38,"key":"Du-Vu Doll"},{"floor":40,"key":"MealTicket"},{"floor":43,"key":"Akabeko"},{"floor":47,"key":"TungstenRod"}],"event_choices":[{"damage_healed":0.0,"max_hp_gain":0.0,"max_hp_loss":0.0,"gold_gain":75.0,"event_name":"World of Goop","player_choice":"Gather Gold","floor":2.0,"gold_loss":0.0,"damage_taken":11.0},{"damage_healed":0.0,"max_hp_gain":0.0,"max_hp_loss":0.0,"gold_gain":0.0,"event_name":"Shining Light","player_choice":"Entered Light","floor":3.0,"gold_loss":0.0,"damage_taken":14.0,"cards_upgraded":["Vigilance","Strike_P"]},{"damage_healed":0.0,"max_hp_gain":0.0,"max_hp_loss":0.0,"gold_gain":0.0,"event_name":"Accursed Blacksmith","player_choice":"Forge","floor":5.0,"gold_loss":0.0,"damage_taken":0.0,"cards_upgraded":["Eruption"]},{"damage_healed":0.0,"max_hp_gain":0.0,"max_hp_loss":0.0,"gold_gain":0.0,"event_name":"Match and Keep!","player_choice":"2 cards matched","floor":14.0,"gold_loss":0.0,"damage_taken":0.0,"cards_obtained":["Eruption","Panacea"]},{"damage_healed":0,"gold_gain":0,"player_choice":"Obtained Relic","damage_taken":0,"relics_obtained":["Bag of Preparation"],"max_hp_gain":0,"max_hp_loss":0,"event_name":"Addict","floor":20,"gold_loss":85},{"damage_healed":0,"gold_gain":0,"player_choice":"Upgrade","damage_taken":0,"max_hp_gain":0,"max_hp_loss":0,"event_name":"Designer","floor":21,"gold_loss":40,"cards_upgraded":["Eruption"]},{"cards_removed":["Strike_P"],"damage_healed":0,"gold_gain":0,"player_choice":"Purged","damage_taken":0,"max_hp_gain":0,"max_hp_loss":0,"event_name":"Purifier","floor":36,"gold_loss":0},{"damage_healed":0,"gold_gain":0,"player_choice":"Fight","damage_taken":0,"max_hp_gain":0,"max_hp_loss":0,"event_name":"MindBloom","floor":38,"gold_loss":0},{"damage_healed":0,"gold_gain":0,"player_choice":"Paid","damage_taken":0,"relics_obtained":["Red Mask"],"max_hp_gain":0,"max_hp_loss":0,"event_name":"Tomb of Lord Red Mask","floor":48,"gold_loss":68}],"is_beta":false,"boss_relics":[{"not_picked":["Velvet Choker","Tiny House"],"picked":"SacredBark"},{"not_picked":["Runic Dome","Runesmith:UraniumAnvil"],"picked":"HolyWater"}],"items_purged_floors":[25,46],"is_endless":false,"potions_floor_spawned":[7,10,12,18,22,30,31,37,40,42,45],"killed_by":"Time Eater","ascension_level":1}}