{"host":"5tzvto3beate6p8b","time":1613847613,"event":{"mods":["BaseMod","Colored Map","Minty Spire (QoL Compilation)","StSLib","SuperFastMode"],"gold_per_floor":[119,133,153,303,314,314,344,12,38,94,94,94,123,160,160,237,237,255,180,232,291,22,22,22,22,96,121,121,151,185,199,199,199,199],"floor_reached":33,"language":"JPN","playtime":1866,"items_purged":["Doubt","Strike_B"],"score":540,"play_id":"c3475602-a126-45df-a7fe-34ca58715bc4","local_time":"20210221040013","is_ascension_mode":true,"campfire_choices":[{"data":"Sunder","floor":6.0,"key":"SMITH"},{"floor":11.0,"key":"REST"},{"data":"Hyperbeam","floor":15.0,"key":"SMITH"},{"data":"Seek","floor":23.0,"key":"SMITH"},{"floor":28.0,"key":"REST"},{"floor":32.0,"key":"REST"}],"circlet_count":0,"master_deck":["AscendersBane","Strike_B","Strike_B","Strike_B","Defend_B","Defend_B","Defend_B","Defend_B","Dualcast","Sunder+1","Go for the Eyes","Ball Lightning","Hyperbeam+1","Stack","HandOfGreed","Go for the Eyes","Fusion","Turbo","Beam Cell","Seek+1","Leap","Stack","Steam+1","Writhe","Leap","Steam Power","Compile Driver+1","Rebound+1"],"relics":["FrozenCore","Unceasing Top","Art of War","Membership Card","Orichalcum","Potion Belt","Blood Vial","Ice Cream","Enchiridion","PreservedInsect","Molten Egg 2","Happy Flower"],"acts_visited":["Exordium","TheCity"],"potions_floor_usage":[33,33],"damage_taken":[{"damage":6.0,"enemies":"Cultist","floor":1.0,"turns":3.0},{"damage":2.0,"enemies":"Jaw Worm","floor":2.0,"turns":3.0},{"damage":2.0,"enemies":"2 Louse","floor":3.0,"turns":2.0},{"damage":0.0,"enemies":"Exordium Wildlife","floor":5.0,"turns":2.0},{"damage":10.0,"enemies":"3 Sentries","floor":7.0,"turns":4.0},{"damage":14.0,"enemies":"Gremlin Nob","floor":10.0,"turns":4.0},{"damage":14.0,"enemies":"Lagavulin","floor":13.0,"turns":4.0},{"damage":0.0,"enemies":"Blue Slaver","floor":14.0,"turns":2.0},{"damage":31.0,"enemies":"The Guardian","floor":16.0,"turns":8.0},{"damage":0.0,"enemies":"Chosen","floor":18.0,"turns":3.0},{"damage":15.0,"enemies":"2 Thieves","floor":20.0,"turns":5.0},{"damage":10.0,"enemies":"3 Cultists","floor":21.0,"turns":5.0},{"damage":4.0,"enemies":"Slavers","floor":27.0,"turns":2.0},{"damage":9.0,"enemies":"Centurion and Healer","floor":29.0,"turns":13.0},{"damage":13.0,"enemies":"Snake Plant","floor":30.0,"turns":4.0},{"damage":5.0,"enemies":"Cultist and Chosen","floor":31.0,"turns":5.0},{"damage":41,"enemies":"Automaton","floor":33,"turns":6}],"seed_played":"-7158172626544248454","potions_obtained":[{"floor":1.0,"key":"Energy Potion"},{"floor":5.0,"key":"SkillPotion"},{"floor":13.0,"key":"GamblersBrew"},{"floor":14.0,"key":"LiquidBronze"},{"floor":18.0,"key":"Block Potion"},{"floor":31.0,"key":"Dexterity Potion"}],"is_trial":false,"path_per_floor":["M","M","M","?","M","R","E","$","T","?","R","?","E","M","R","B",null,"M","?","M","M","$","R","?","?","T","E","R","M","M","M","R","B"],"character_chosen":"DEFECT","items_purchased":["Membership Card","HandOfGreed","Go for the Eyes","Ice Cream","Strength Potion","SteroidPotion"],"campfire_rested":3,"item_purchase_floors":[8,8,8,22,22,22],"current_hp_per_floor":[58,56,54,54,54,54,44,44,44,30,49,49,35,37,37,8,50,52,52,39,31,31,31,10,10,10,8,27,20,9,6,25,0,0],"gold":199,"neow_bonus":"ONE_RARE_RELIC","is_daily":false,"chose_seed":false,"campfire_upgraded":3,"win_rate":0.0,"timestamp":1613847613,"path_taken":["M","?","M","?","M","R","E","$","T","?","R","?","E","M","R","BOSS","M","?","M","M","$","R","?","?","T","E","R","M","M","M","R","BOSS"],"items_purchased_type":["Relic","Card","Card","Relic","Potion","Potion"],"build_version":"2020-12-22","purchased_purges":2,"victory":false,"max_hp_per_floor":[64,64,64,64,64,64,64,64,64,64,64,64,64,64,64,64,64,64,64,64,64,64,64,64,64,64,64,64,64,64,64,64,64,64],"card_choices":[{"not_picked":["Beam Cell","Heatsinks"],"picked":"Sunder","floor":1.0},{"not_picked":["Stack","Conserve Battery"],"picked":"Go for the Eyes","floor":2.0},{"not_picked":["FTL","Leap"],"picked":"Ball Lightning","floor":3.0},{"not_picked":["Redo","Force Field"],"picked":"Hyperbeam","floor":5.0},{"not_picked":["Storm","Ball Lightning"],"picked":"Stack","floor":7.0},{"not_picked":["Sweeping Beam","Hello World"],"picked":"Fusion","floor":10.0},{"not_picked":["Steam","Ball Lightning"],"picked":"Turbo","floor":13.0},{"not_picked":["Compile Driver","Meteor Strike"],"picked":"Beam Cell","floor":14.0},{"not_picked":["Buffer","Rainbow"],"picked":"Seek","floor":16.0},{"not_picked":["Gash","Cold Snap"],"picked":"Leap","floor":18.0},{"not_picked":["Ball Lightning","Streamline"],"picked":"Stack","floor":20.0},{"not_picked":["Reboot","Leap"],"picked":"Steam+1","floor":21.0},{"not_picked":["Rebound+1","Barrage+1"],"picked":"Leap","floor":27.0},{"not_picked":["Leap","Gash+1"],"picked":"Steam Power","floor":29.0},{"not_picked":["Streamline+1","Hologram"],"picked":"Compile Driver+1","floor":30.0},{"not_picked":["Biased Cognition","Ball Lightning+1"],"picked":"Rebound+1","floor":31.0}],"player_experience":818590,"relics_obtained":[{"floor":7.0,"key":"Art of War"},{"floor":9.0,"key":"Orichalcum"},{"floor":10.0,"key":"Potion Belt"},{"floor":13.0,"key":"Blood Vial"},{"floor":24.0,"key":"Enchiridion"},{"floor":26.0,"key":"Molten Egg 2"},{"floor":27.0,"key":"Happy Flower"}],"event_choices":[{"damage_healed":0.0,"max_hp_gain":0.0,"max_hp_loss":0.0,"gold_gain":150.0,"event_name":"Liars Game","player_choice":"AGREE","floor":4.0,"gold_loss":0.0,"damage_taken":0.0,"cards_obtained":["Doubt"]},{"damage_healed":0.0,"max_hp_gain":0.0,"max_hp_loss":0.0,"gold_gain":0.0,"event_name":"Dead Adventurer","player_choice":"Searched \u00271\u0027 times","floor":10.0,"gold_loss":0.0,"damage_taken":0.0},{"damage_healed":0.0,"max_hp_gain":0.0,"max_hp_loss":0.0,"gold_gain":0.0,"event_name":"Shining Light","player_choice":"Ignored","floor":12.0,"gold_loss":0.0,"damage_taken":0.0},{"cards_removed":["Zap"],"damage_healed":0.0,"max_hp_gain":0.0,"max_hp_loss":0.0,"gold_gain":0.0,"event_name":"Beggar","player_choice":"Gave Gold","floor":19.0,"gold_loss":75.0,"damage_taken":0.0},{"damage_healed":0.0,"max_hp_gain":0.0,"max_hp_loss":0.0,"gold_gain":0.0,"event_name":"Cursed Tome","player_choice":"Obtained Book","floor":24.0,"gold_loss":0.0,"damage_taken":21.0},{"damage_healed":0.0,"max_hp_gain":0.0,"max_hp_loss":0.0,"gold_gain":0.0,"event_name":"The Mausoleum","player_choice":"Opened","floor":25.0,"gold_loss":0.0,"damage_taken":0.0,"relics_obtained":["PreservedInsect"],"cards_obtained":["Writhe"]}],"is_beta":false,"boss_relics":[{"not_picked":["Fusion Hammer","Pandora\u0027s Box"],"picked":"FrozenCore"}],"items_purged_floors":[8,22],"is_endless":false,"potions_floor_spawned":[1,5,13,14,18,31],"killed_by":"Automaton","ascension_level":19}}