{"host":"89iuq2p5kwriuwfq","time":1613842812,"event":{"mods":["BaseMod","Curses Come First","Custom Start","Minty Spire (QoL Compilation)","Permanent Neow","StSLib"],"gold_per_floor":[112,77,77,77,152,152,180,18,18,18,51,68,93,105,105,178,178,193,207,221,221,236,263,278,309,362,362,388,388,407,438,438,512,512,532,532,542,542,558,558,592,603,603,284,284,12,24,52,52,52,52],"floor_reached":52,"language":"ENG","playtime":2211,"items_purged":[],"score":3066,"play_id":"f8d6c181-1eb3-4539-be6f-8668e2f68a6b","local_time":"20210220174012","is_ascension_mode":true,"campfire_choices":[{"data":"Accuracy","floor":6,"key":"SMITH"},{"data":"After Image","floor":10,"key":"SMITH"},{"data":"Accuracy","floor":15,"key":"SMITH"},{"data":"A Thousand Cuts","floor":27,"key":"SMITH"},{"data":"A Thousand Cuts","floor":29,"key":"SMITH"},{"data":"Infinite Blades","floor":32,"key":"SMITH"},{"floor":40,"key":"REST"},{"floor":45,"key":"REST"},{"data":"Envenom","floor":49,"key":"SMITH"}],"circlet_count":0,"master_deck":["Flash of Steel+1","Flash of Steel+1","Flash of Steel+1","Flash of Steel+1","Finesse+1","Finesse+1","Finesse+1","Finesse+1","Blade Dance+1","A Thousand Cuts+1","A Thousand Cuts+1","After Image+1","After Image+1","Infinite Blades+1","Infinite Blades+1","Accuracy+1","Accuracy+1","Adrenaline+1","Adrenaline+1","Cloak And Dagger+1","Blade Dance+1","Cloak And Dagger+1","Cloak And Dagger+1","Cloak And Dagger+1","Blade Dance+1","Blade Dance+1","Blade Dance+1","Finisher+1","Phantasmal Killer+1","Cloak And Dagger+1","Envenom+1"],"relics":["Ring of the Snake","Bottled Tornado","Ninja Scroll","Mummified Hand","WristBlade","Vajra","Ornamental Fan","Nunchaku","Shuriken","Black Star","Kunai","Yang","Singing Bowl","Regal Pillow","Blood Vial","Pear","Snake Skull","Strawberry","Darkstone Periapt","Art of War","Runic Pyramid","GremlinMask","Pantograph","Bird Faced Urn","Bronze Scales","Pen Nib","Centennial Puzzle","Letter Opener","Lantern","Potion Belt","Orichalcum","SacredBark","Mark of the Bloom","Oddly Smooth Stone","War Paint","Question Card","TwistedFunnel","Toy Ornithopter","InkBottle","Ancient Tea Set","Torii"],"acts_visited":["Exordium","TheCity","TheBeyond"],"potions_floor_usage":[],"damage_taken":[{"damage":0,"enemies":"Cultist","floor":1,"turns":1},{"damage":0,"enemies":"Gremlin Nob","floor":7,"turns":1},{"damage":0,"enemies":"3 Sentries","floor":11,"turns":1},{"damage":0,"enemies":"Small Slimes","floor":12,"turns":1},{"damage":0,"enemies":"Lagavulin","floor":13,"turns":1},{"damage":0,"enemies":"2 Louse","floor":14,"turns":1},{"damage":0,"enemies":"Slime Boss","floor":16,"turns":2},{"damage":0,"enemies":"Chosen","floor":18,"turns":1},{"damage":0,"enemies":"2 Thieves","floor":19,"turns":1},{"damage":0,"enemies":"Chosen and Byrds","floor":20,"turns":2},{"damage":0,"enemies":"3 Cultists","floor":22,"turns":2},{"damage":0,"enemies":"Slavers","floor":23,"turns":2},{"damage":0,"enemies":"Snake Plant","floor":24,"turns":2},{"damage":0,"enemies":"Gremlin Leader","floor":25,"turns":2},{"damage":0,"enemies":"Slavers","floor":28,"turns":2},{"damage":0,"enemies":"Shelled Parasite and Fungi","floor":30,"turns":2},{"damage":0,"enemies":"Book of Stabbing","floor":31,"turns":1},{"damage":0,"enemies":"Automaton","floor":33,"turns":3},{"damage":0,"enemies":"3 Shapes","floor":35,"turns":2},{"damage":0,"enemies":"Orb Walker","floor":37,"turns":2},{"damage":0,"enemies":"Jaw Worm Horde","floor":39,"turns":1},{"damage":0,"enemies":"Nemesis","floor":41,"turns":1},{"damage":0,"enemies":"Spire Growth","floor":42,"turns":2},{"damage":0,"enemies":"3 Darklings","floor":47,"turns":1},{"damage":0,"enemies":"Reptomancer","floor":48,"turns":1},{"damage":0,"enemies":"Awakened One","floor":50,"turns":3},{"damage":0,"enemies":"Time Eater","floor":51,"turns":3}],"seed_played":"3441511205002535227","potions_obtained":[{"floor":7,"key":"Energy Potion"},{"floor":12,"key":"Block Potion"},{"floor":37,"key":"Poison Potion"},{"floor":41,"key":"Energy Potion"}],"is_trial":true,"path_per_floor":["M","?","?","?","?","R","E","$","T","R","E","M","E","M","R","B",null,"M","M","M","?","M","E","M","E","T","R","E","R","M","E","R","B",null,"M","?","M","?","M","R","E","M","T","$","R","$","M","E","R","B","B",null],"character_chosen":"THE_SILENT","items_purchased":["Blood Vial","TwistedFunnel","Toy Ornithopter","InkBottle"],"campfire_rested":2,"item_purchase_floors":[8,44,44,46],"current_hp_per_floor":[59,66,46,46,35,35,37,37,47,47,58,62,66,70,70,74,90,94,98,99,99,101,103,105,107,107,107,109,109,111,113,113,113,113,115,115,117,117,117,117,117,117,117,117,117,117,117,117,117,117,117],"gold":52,"neow_bonus":"","is_daily":false,"chose_seed":false,"campfire_upgraded":7,"win_rate":0.0,"timestamp":1613842812,"path_taken":["M","?","?","?","?","R","E","$","T","R","E","M","E","M","R","BOSS","M","M","M","?","?","E","M","E","T","R","E","R","M","E","R","BOSS","M","?","M","?","M","R","E","M","T","$","R","$","M","E","R","BOSS","BOSS"],"items_purchased_type":["Relic","Relic","Relic","Relic"],"build_version":"2020-12-22","purchased_purges":0,"victory":true,"max_hp_per_floor":[66,66,66,66,66,66,68,68,78,78,87,89,91,93,93,95,95,97,99,99,99,101,103,105,107,107,107,109,109,111,113,113,113,113,115,115,117,117,119,119,121,123,123,123,123,123,123,123,123,123,123],"card_choices":[{"not_picked":["Dagger Throw","Choke","Dagger Spray"],"picked":"SKIP","floor":1},{"not_picked":["Blade Dance","Flying Knee","Tactician"],"picked":"Singing Bowl","floor":7},{"not_picked":["Underhanded Strike","Dagger Spray","Slice"],"picked":"Singing Bowl","floor":11},{"not_picked":["Blade Dance","Calculated Gamble","Crippling Poison"],"picked":"Singing Bowl","floor":12},{"not_picked":["Blur","PiercingWail","Leg Sweep"],"picked":"Singing Bowl","floor":13},{"not_picked":["Bullet Time","Escape Plan","PiercingWail"],"picked":"Singing Bowl","floor":14},{"not_picked":["Corpse Explosion","Wraith Form v2","Malaise"],"picked":"Singing Bowl","floor":16},{"not_picked":["Quick Slash","All Out Attack","Dagger Throw"],"picked":"Singing Bowl","floor":18},{"not_picked":["All Out Attack","Choke","Acrobatics"],"picked":"Singing Bowl","floor":19},{"not_picked":["Slice+1","Outmaneuver+1"],"picked":"Finisher","floor":20},{"not_picked":["Dagger Throw","Backflip","Outmaneuver"],"picked":"Singing Bowl","floor":22},{"not_picked":["PiercingWail","Dagger Throw+1","Calculated Gamble"],"picked":"Singing Bowl","floor":23},{"not_picked":["Outmaneuver","Heel Hook","Prepared"],"picked":"Singing Bowl","floor":24},{"not_picked":["Wraith Form v2","Sucker Punch","Deflect"],"picked":"Singing Bowl","floor":25},{"not_picked":["Cloak And Dagger","Backstab","Deflect"],"picked":"Singing Bowl","floor":28},{"not_picked":["Underhanded Strike","Acrobatics","PiercingWail"],"picked":"Singing Bowl","floor":30},{"not_picked":["Calculated Gamble","Slice","Setup"],"picked":"Singing Bowl","floor":31},{"not_picked":["Night Terror","Corpse Explosion"],"picked":"Phantasmal Killer","floor":33},{"not_picked":["Poisoned Stab","Deflect+1","Flying Knee"],"picked":"Singing Bowl","floor":35},{"not_picked":["Slice","Prepared","Well Laid Plans"],"picked":"Singing Bowl","floor":37},{"not_picked":["Bane+1","Deadly Poison","Distraction"],"picked":"Singing Bowl","floor":39},{"not_picked":["Outmaneuver","Tactician","Poisoned Stab"],"picked":"Singing Bowl","floor":41},{"not_picked":["Glass Knife","Backflip","All Out Attack"],"picked":"Singing Bowl","floor":42},{"not_picked":["Underhanded Strike","Footwork+1","Prepared+1"],"picked":"Cloak And Dagger+1","floor":47},{"not_picked":["Crippling Poison","Flying Knee+1","Cloak And Dagger"],"picked":"Envenom","floor":48}],"player_experience":747202,"relics_obtained":[{"floor":7,"key":"Singing Bowl"},{"floor":7,"key":"Regal Pillow"},{"floor":9,"key":"Pear"},{"floor":11,"key":"Snake Skull"},{"floor":11,"key":"Strawberry"},{"floor":13,"key":"Darkstone Periapt"},{"floor":13,"key":"Art of War"},{"floor":23,"key":"Pantograph"},{"floor":23,"key":"Bird Faced Urn"},{"floor":25,"key":"Bronze Scales"},{"floor":25,"key":"Pen Nib"},{"floor":26,"key":"Centennial Puzzle"},{"floor":28,"key":"Letter Opener"},{"floor":28,"key":"Lantern"},{"floor":31,"key":"Potion Belt"},{"floor":31,"key":"Orichalcum"},{"floor":41,"key":"Oddly Smooth Stone"},{"floor":41,"key":"War Paint"},{"floor":43,"key":"Question Card"},{"floor":48,"key":"Ancient Tea Set"},{"floor":48,"key":"Torii"}],"event_choices":[{"damage_healed":16,"gold_gain":0,"player_choice":"Healed","damage_taken":0,"max_hp_gain":0,"max_hp_loss":0,"event_name":"The Cleric","floor":2,"gold_loss":35},{"damage_healed":0,"gold_gain":0,"player_choice":"Entered Light","damage_taken":20,"max_hp_gain":0,"max_hp_loss":0,"event_name":"Shining Light","floor":3,"gold_loss":0,"cards_upgraded":["After Image","Infinite Blades"]},{"damage_healed":0,"gold_gain":0,"player_choice":"Ignored","damage_taken":0,"max_hp_gain":0,"max_hp_loss":0,"event_name":"Golden Wing","floor":4,"gold_loss":0},{"damage_healed":0,"gold_gain":75,"player_choice":"Gather Gold","damage_taken":11,"max_hp_gain":0,"max_hp_loss":0,"event_name":"World of Goop","floor":5,"gold_loss":0},{"damage_healed":0,"gold_gain":0,"player_choice":"Trade","damage_taken":0,"relics_obtained":["GremlinMask"],"max_hp_gain":0,"max_hp_loss":0,"event_name":"FaceTrader","floor":21,"gold_loss":0},{"cards_removed":["Cloak And Dagger"],"damage_healed":0,"gold_gain":0,"player_choice":"Removed Skill","damage_taken":0,"max_hp_gain":0,"max_hp_loss":0,"event_name":"Falling","floor":36,"gold_loss":0},{"damage_healed":0,"gold_gain":0,"player_choice":"Upgrade","damage_taken":0,"relics_obtained":["Mark of the Bloom"],"max_hp_gain":0,"max_hp_loss":0,"event_name":"MindBloom","floor":38,"gold_loss":0,"cards_upgraded":["Flash of Steel","Flash of Steel","Flash of Steel","Flash of Steel","Finesse","Finesse","Finesse","Finesse","Blade Dance","Adrenaline","Adrenaline","Cloak And Dagger","Blade Dance","Cloak And Dagger","Cloak And Dagger","Cloak And Dagger","Blade Dance","Blade Dance","Blade Dance","Finisher","Phantasmal Killer"]}],"is_beta":false,"boss_relics":[{"not_picked":["Sozu","Cursed Key"],"picked":"Runic Pyramid"},{"not_picked":["Fusion Hammer","Velvet Choker"],"picked":"SacredBark"}],"items_purged_floors":[],"is_endless":false,"potions_floor_spawned":[7,12,13,14,20,23,28,37,41,42,48],"ascension_level":20}}