{"host":"dg9ago0zd82drrsw","time":1613812515,"event":{"mods":["BaseMod","Bestiary","Downfall","GifTheSpireLib","Minty Spire (QoL Compilation)","Relic Stats","StSLib"],"gold_per_floor":[99,99,99,99,51,79,79,79,114,114,114,133,145,162,180,277,277,277,295,305,305,323,342,342,353,385,285,285,39,49,79,93,191,191,191,206,220,238,258,286,286,186,186,197,213,213,72,90,108,108],"floor_reached":51,"language":"ENG","playtime":2208,"items_purged":["Slimebound:GoopTackle"],"score":906,"play_id":"ba252071-d0f5-432e-b2e9-537874a6cceb","local_time":"20210220121515","is_ascension_mode":true,"campfire_choices":[{"data":"Slimebound:CorrosiveSpit","floor":1.0,"key":"SMITH"},{"floor":11.0,"key":"REST"},{"data":"Slimebound:PrepareCrush","floor":18.0,"key":"SMITH"},{"data":"Slimebound:DuplicatedForm","floor":27.0,"key":"SMITH"},{"data":"Slimebound:Grow","floor":35.0,"key":"SMITH"},{"data":"Slimebound:LivingWall","floor":42,"key":"SMITH"}],"circlet_count":0,"master_deck":["Slimebound:Tackle","Slimebound:Split","Slimebound:CorrosiveSpit+1","Slimebound:SlimeSpikes","Slimebound:AcidTongue","Slimebound:Prepare","Slimebound:LeechingTouch","Slimebound:LeechingTouch","Slimebound:GoopSpray","Slimebound:RainOfGoop","Slimebound:RejuvenatingLick","Slimebound:AcidTongue","Slimebound:PrepareCrush+1","Slimebound:AcidTongue","Slimebound:Recycling","Slimebound:PressTheAttack","Slimebound:RejuvenatingLick","Slimebound:HauntingLick","Slimebound:Recollect+1","Slimebound:Schlurp","Slimebound:Prepare","Slimebound:LeechingTouch","Slimebound:DuplicatedForm+1","Slimebound:Grow+1","Slimebound:FormOfPuddle","Slimebound:LivingWall+1","Slimebound:WasteNot","Slimebound:HauntingLick","Slimebound:OozeBath","Slimebound:SlimeSpikes+1","Slimebound:Schlurp","Slimebound:Equalize+1","Slimebound:Prepare+1","Slimebound:LivingWall+1","Slimebound:GoopSpray","Slimebound:MegaLick","Slimebound:Schlurp+1","Slimebound:LeechingTouch+1"],"relics":["Slimebound:AbsorbEndCombat","downfall:HeartsMalice","downfall:ShatteredFragment","Lizard Tail","Toy Ornithopter","Blue Candle","Incense Burner","Pandora\u0027s Box","Nunchaku","downfall:HeartBlessingBlue","InkBottle","Coffee Dripper","Vajra","Sundial","downfall:HeartBlessingGreen"],"acts_visited":["Exordium","TheCity","TheBeyond"],"potions_floor_usage":[49,50,50,50],"damage_taken":[{"damage":0.0,"enemies":"Small Slimes","floor":2.0,"turns":1.0},{"damage":0.0,"enemies":"2 Louse","floor":4.0,"turns":1.0},{"damage":0.0,"enemies":"downfall:FleeingMerchant","floor":5.0,"turns":1.0},{"damage":31.0,"enemies":"3 Sentries","floor":6.0,"turns":8.0},{"damage":11.0,"enemies":"Lagavulin","floor":9.0,"turns":6.0},{"damage":7.0,"enemies":"Jaw Worm","floor":12.0,"turns":3.0},{"damage":0.0,"enemies":"Red Slaver","floor":13.0,"turns":4.0},{"damage":7.0,"enemies":"downfall:LooterAlt","floor":14.0,"turns":4.0},{"damage":7.0,"enemies":"Lots of Slimes","floor":15.0,"turns":4.0},{"damage":8.0,"enemies":"SI_SHIV_ARCHETYPE","floor":16.0,"turns":7.0},{"damage":12.0,"enemies":"Chosen","floor":19.0,"turns":4.0},{"damage":4.0,"enemies":"Spheric Guardian","floor":20.0,"turns":3.0},{"damage":4.0,"enemies":"Centurion and Healer","floor":22.0,"turns":4.0},{"damage":4.0,"enemies":"3 Cultists","floor":23.0,"turns":5.0},{"damage":17.0,"enemies":"Snake Plant","floor":25.0,"turns":4.0},{"damage":18.0,"enemies":"Gremlin Leader","floor":26.0,"turns":6.0},{"damage":15.0,"enemies":"downfall:FleeingMerchant","floor":29.0,"turns":4.0},{"damage":15.0,"enemies":"Sentry and Sphere","floor":30.0,"turns":4.0},{"damage":29.0,"enemies":"Slavers","floor":31.0,"turns":5.0},{"damage":12.0,"enemies":"Cultist and Chosen","floor":32.0,"turns":6.0},{"damage":19.0,"enemies":"DF_ARCHETYPE_CLAW","floor":33.0,"turns":8.0},{"damage":9.0,"enemies":"Orb Walker","floor":36.0,"turns":4.0},{"damage":9.0,"enemies":"3 Darklings","floor":37.0,"turns":4.0},{"damage":45,"enemies":"Jaw Worm Horde","floor":38,"turns":5},{"damage":41,"enemies":"Writhing Mass","floor":39,"turns":5},{"damage":39,"enemies":"Nemesis","floor":40,"turns":7},{"damage":27,"enemies":"4 Shapes","floor":44,"turns":6},{"damage":16,"enemies":"Maw","floor":45,"turns":6},{"damage":3,"enemies":"downfall:FleeingMerchant","floor":47,"turns":4},{"damage":0,"enemies":"Jaw Worm Horde","floor":48,"turns":4},{"damage":8,"enemies":"Transient","floor":49,"turns":5},{"damage":47,"enemies":"IC_BLOCK_ARCHETYPE","floor":50,"turns":15}],"seed_played":"7815180131099445533","potions_obtained":[{"floor":6.0,"key":"Slimebound:SlimyTonguePotion"},{"floor":9.0,"key":"CultistPotion"},{"floor":12.0,"key":"FearPotion"},{"floor":15.0,"key":"EssenceOfSteel"},{"floor":23.0,"key":"Explosive Potion"},{"floor":26.0,"key":"hexamod:SoulburnPotion"},{"floor":36.0,"key":"bronze:BurnAndBuffPotion"},{"floor":39,"key":"Strength Potion"},{"floor":48,"key":"Slimebound:SlimedPotion"},{"floor":49,"key":"Fire Potion"}],"is_trial":false,"path_per_floor":["R","M","?","M","$","E","T","?","E","?","R","M","M","M","M","B",null,"R","M","M","?","M","M","T","M","E","R","?","$","M","E","M","B",null,"R","M","M","M","M","E","T","R","?","M","M","?","$","M","M","B",null],"character_chosen":"SLIMEBOUND","items_purchased":["Slimebound:LeechingTouch","Slimebound:Grow","Slimebound:FormOfPuddle","Slimebound:LivingWall","Slimebound:GoopSpray","Slimebound:MegaLick"],"campfire_rested":1,"item_purchase_floors":[5,29,29,29,47,47],"current_hp_per_floor":[65,65,47,47,47,22,22,17,19,19,38,37,41,40,41,41,65,65,59,61,61,65,65,65,50,45,55,55,57,59,43,39,48,75,75,70,69,32,54,23,23,23,23,31,54,54,57,75,69,50],"gold":108,"neow_bonus":"THREE_ENEMY_KILL","is_daily":false,"chose_seed":false,"campfire_upgraded":5,"win_rate":0.0,"timestamp":1613812515,"path_taken":["R","M","?","M","$","E","T","?","E","?","R","M","?","M","M","BOSS","R","M","M","?","?","M","T","M","E","R","?","$","M","E","M","BOSS","R","M","M","M","M","E","T","R","?","M","M","?","$","M","M","BOSS"],"items_purchased_type":["Card","Card","Card","Card","Card","Card"],"build_version":"2020-12-22","purchased_purges":1,"victory":true,"max_hp_per_floor":[65,65,65,65,65,65,65,65,65,65,65,65,65,65,65,65,65,65,65,65,65,65,65,65,65,65,75,75,75,75,75,75,75,75,75,75,75,75,75,75,75,75,75,75,75,75,75,75,75,75],"relic_stats":{"Lizard Tail":37,"Nunchaku":[12],"counters":[32,153],"Sundial":[2],"Blue Candle":[0],"Pandora\u0027s Box":["Slimebound:AcidTongue","Slimebound:GoopTackle","Slimebound:SlimeTap","Slimebound:Recycling","Slimebound:PressTheAttack","Slimebound:RejuvenatingLick","Slimebound:HauntingLick"],"obtain_stats":[{"downfall:ShatteredFragment":3,"Blue Candle":8,"Vajra":40,"downfall:HeartsMalice":0,"downfall:HeartBlessingGreen":42,"Incense Burner":9,"Lizard Tail":6,"Nunchaku":26,"downfall:HeartBlessingBlue":27,"Sundial":41,"Pandora\u0027s Box":17,"Slimebound:AbsorbEndCombat":0,"Coffee Dripper":34,"Toy Ornithopter":7,"InkBottle":31},{"downfall:ShatteredFragment":1,"Blue Candle":4,"Vajra":26,"downfall:HeartsMalice":0,"downfall:HeartBlessingGreen":26,"Incense Burner":5,"Lizard Tail":4,"Nunchaku":16,"downfall:HeartBlessingBlue":16,"Sundial":26,"Pandora\u0027s Box":10,"Slimebound:AbsorbEndCombat":0,"Coffee Dripper":21,"Toy Ornithopter":4,"InkBottle":19},{"downfall:ShatteredFragment":0,"Blue Candle":8,"Vajra":113,"downfall:HeartsMalice":0,"downfall:HeartBlessingGreen":113,"Incense Burner":13,"Lizard Tail":8,"Nunchaku":61,"downfall:HeartBlessingBlue":61,"Sundial":113,"Pandora\u0027s Box":35,"Slimebound:AbsorbEndCombat":0,"Coffee Dripper":88,"Toy Ornithopter":8,"InkBottle":74}],"Toy Ornithopter":26,"InkBottle":[51]},"card_choices":[{"not_picked":["Slimebound:ItLooksTasty","Slimebound:ComboTackle"],"picked":"Slimebound:SlimeSpikes","floor":2.0},{"not_picked":["Slimebound:Prepare","Slimebound:SplitLeeching"],"picked":"Slimebound:AcidTongue","floor":4.0},{"not_picked":["Slimebound:ItLooksTasty","Slimebound:SlimeSpikes"],"picked":"Slimebound:Prepare","floor":5.0},{"not_picked":["Slimebound:LeechingTouch","Slimebound:SplitLeeching"],"picked":"Slimebound:SpikyOuterGoop","floor":6.0},{"not_picked":["Slimebound:SelfFormingGoo","Slimebound:SlimeSpikes"],"picked":"Slimebound:LeechingTouch","floor":9.0},{"not_picked":["Slimebound:GoopTackle","Slimebound:LeechEnergy"],"picked":"Slimebound:GoopSpray","floor":12.0},{"not_picked":["Slimebound:RejuvenatingLick","Slimebound:Grow"],"picked":"Slimebound:RainOfGoop","floor":13.0},{"not_picked":["Slimebound:ItLooksTasty","Slimebound:Nibble"],"picked":"Slimebound:RejuvenatingLick","floor":14.0},{"not_picked":["Slimebound:DisruptingSlam","Slimebound:Prepare"],"picked":"Slimebound:AcidTongue","floor":15.0},{"not_picked":["Slimebound:MinionMaster","Slimebound:Teamwork"],"picked":"Slimebound:PrepareCrush","floor":16.0},{"not_picked":["Slimebound:ProtectTheBoss","Slimebound:ForwardTackle"],"picked":"Slimebound:Recollect+1","floor":19.0},{"not_picked":["Slimebound:DivideAndConquer","Slimebound:RollThrough","Slimebound:GoopTackle"],"picked":"SKIP","floor":20.0},{"not_picked":["Slimebound:HauntingLick","Slimebound:SplitBruiser"],"picked":"Slimebound:Schlurp","floor":22.0},{"not_picked":["Slimebound:FinishingTackle+1","Slimebound:ComboTackle+1"],"picked":"Slimebound:Prepare","floor":23.0},{"not_picked":["Slimebound:HauntingLick","Slimebound:Replication"],"picked":"Slimebound:LeechingTouch","floor":25.0},{"not_picked":["Slimebound:Teamwork","Slimebound:DivideAndConquer"],"picked":"Slimebound:DuplicatedForm","floor":26.0},{"not_picked":["Slimebound:FinishingTackle+1","Slimebound:SplitAcid","Slimebound:ProtectTheBoss"],"picked":"SKIP","floor":29.0},{"not_picked":["Slimebound:LeechEnergy","Slimebound:BestDefense","Slimebound:ComboTackle+1"],"picked":"SKIP","floor":30.0},{"not_picked":["Slimebound:Darklings","Slimebound:SplitSpecialist+1"],"picked":"Slimebound:WasteNot","floor":31.0},{"not_picked":["Slimebound:LevelUp","Slimebound:Gluttony"],"picked":"Slimebound:HauntingLick","floor":32.0},{"not_picked":["Slimebound:DouseInSlime","Slimebound:OneTwoCombo"],"picked":"Slimebound:OozeBath","floor":33.0},{"not_picked":["Slimebound:GoopTackle","Slimebound:Replication"],"picked":"Slimebound:SlimeSpikes+1","floor":36.0},{"not_picked":["Slimebound:AcidTongue+1","Slimebound:ComboTackle+1","Slimebound:HauntingLick"],"picked":"SKIP","floor":37.0},{"not_picked":["Slimebound:FlameTackle","Slimebound:SplitBruiser+1","Slimebound:SplitLeeching"],"picked":"SKIP","floor":38},{"not_picked":["Slimebound:ComboTackle","Slimebound:SplitMire+1"],"picked":"Slimebound:Schlurp","floor":39},{"not_picked":["Slimebound:ComboTackle","Slimebound:GrowthPunch"],"picked":"Slimebound:Equalize+1","floor":40},{"not_picked":["Slimebound:GoopSpray","Slimebound:RollThrough+1"],"picked":"Slimebound:Prepare+1","floor":44},{"not_picked":["Slimebound:BestDefense","Slimebound:SlimeBrawl"],"picked":"Slimebound:LivingWall+1","floor":45},{"not_picked":["Slimebound:TongueLash+1","Slimebound:SplitBruiser+1","Slimebound:Overexert"],"picked":"SKIP","floor":47},{"not_picked":["Slimebound:SlimeBarrage","Slimebound:Replication+1"],"picked":"Slimebound:Schlurp+1","floor":48},{"not_picked":["Slimebound:RollThrough+1","Slimebound:HauntingLick+1"],"picked":"Slimebound:LeechingTouch+1","floor":49}],"player_experience":762124,"relics_obtained":[{"floor":6.0,"key":"Lizard Tail"},{"floor":7.0,"key":"Toy Ornithopter"},{"floor":9.0,"key":"Incense Burner"},{"floor":26.0,"key":"Nunchaku"},{"floor":31.0,"key":"InkBottle"},{"floor":40,"key":"Vajra"},{"floor":41,"key":"Sundial"}],"event_choices":[{"damage_healed":0,"gold_gain":0,"player_choice":"Ignored","damage_taken":0,"max_hp_gain":0,"max_hp_loss":0,"event_name":"Mysterious Sphere","floor":43,"gold_loss":0},{"cards_removed":["Slimebound:SpikyOuterGoop"],"damage_healed":0,"gold_gain":0,"player_choice":"Removed Power","damage_taken":0,"max_hp_gain":0,"max_hp_loss":0,"event_name":"Falling","floor":46,"gold_loss":0}],"is_beta":false,"boss_relics":[{"not_picked":["Runic Pyramid","Calling Bell"],"picked":"Pandora\u0027s Box"},{"not_picked":["Philosopher\u0027s Stone","Velvet Choker"],"picked":"Coffee Dripper"}],"items_purged_floors":[29],"is_endless":false,"potions_floor_spawned":[6,9,12,15,16,20,22,23,26,36,39,40,48,49],"ascension_level":2}}