{"host":"rw1trt79hfpl7pom","time":1613816543,"event":{"mods":["BaseMod","Bestiary","Colored Map","Jorbs\u0027s Wanderer Trilogy","Minty Spire (QoL Compilation)","Relic Stats","StSLib","SuperFastMode"],"gold_per_floor":[118,4,23,43,60,92,92,119,143,143,193,193,225,235,235,314,314,326,326,64,64,79,105,105,138,138,179,204,238,238,254,254,338,338,386,17,60,60,106,198,198,236,236,236,290,361,416,504,504,534,594,594,594,78,120,120],"floor_reached":57,"language":"ENG","playtime":5748,"items_purged":["Strike_P","Strike_P","Strike_P"],"score":2990,"play_id":"aef155b9-8689-42a9-a91f-bc32505409ed","local_time":"20210220022223","is_ascension_mode":true,"campfire_choices":[{"data":"Eruption","floor":7.0,"key":"SMITH"},{"data":"Tantrum","floor":10.0,"key":"SMITH"},{"data":"FlyingSleeves","floor":12.0,"key":"SMITH"},{"data":"Wallop","floor":15.0,"key":"SMITH"},{"data":"TalkToTheHand","floor":24.0,"key":"SMITH"},{"data":"Meditate","floor":32.0,"key":"SMITH"},{"data":"EmptyMind","floor":41.0,"key":"SMITH"},{"data":"Adaptation","floor":44.0,"key":"SMITH"},{"floor":49.0,"key":"RECALL"},{"data":"FearNoEvil","floor":53.0,"key":"SMITH"}],"circlet_count":0,"master_deck":["AscendersBane","Defend_P+1","Defend_P+1","Defend_P+1","Defend_P+1","Eruption+1","Vigilance+1","EmptyBody+1","Tantrum+1","FlyingSleeves+1","Indignation+1","ClearTheMind+1","Consecrate+1","EmptyBody+1","Wallop+1","LessonLearned+1","Omniscience+1","DeceiveReality+1","Necronomicurse","TalkToTheHand+1","Meditate+1","JustLucky+1","Wireheading+1","ClearTheMind+1","Wish+1","Adaptation+1","FearNoEvil+1","Study+1","EmptyMind+1","CutThroughFate+1","WaveOfTheHand+1","ThirdEye+1","ThirdEye+1","InnerPeace+1","TalkToTheHand+1","FlurryOfBlows+1","Wallop+1"],"relics":["PureWater","MealTicket","Bronze Scales","Bag of Preparation","Oddly Smooth Stone","Coffee Dripper","OrangePellets","Necronomicon","Matryoshka","Red Mask","Question Card","PreservedInsect","CeramicFish","Centennial Puzzle","Philosopher\u0027s Stone","Art of War","Meat on the Bone","Kunai","Nunchaku","StrikeDummy","DollysMirror","Bottled Lightning","Sundial"],"acts_visited":["Exordium","TheCity","TheBeyond","TheEnding"],"potions_floor_usage":[56,56],"damage_taken":[{"damage":0.0,"enemies":"Cultist","floor":1.0,"turns":3.0},{"damage":0.0,"enemies":"2 Louse","floor":3.0,"turns":3.0},{"damage":0.0,"enemies":"Small Slimes","floor":4.0,"turns":2.0},{"damage":10.0,"enemies":"Exordium Wildlife","floor":5.0,"turns":3.0},{"damage":18.0,"enemies":"3 Sentries","floor":6.0,"turns":7.0},{"damage":0.0,"enemies":"Lagavulin","floor":8.0,"turns":3.0},{"damage":2.0,"enemies":"Gremlin Nob","floor":13.0,"turns":3.0},{"damage":0.0,"enemies":"2 Fungi Beasts","floor":14.0,"turns":3.0},{"damage":35.0,"enemies":"Hexaghost","floor":16.0,"turns":10.0},{"damage":0.0,"enemies":"3 Byrds","floor":18.0,"turns":3.0},{"damage":3.0,"enemies":"2 Thieves","floor":22.0,"turns":3.0},{"damage":2.0,"enemies":"Gremlin Leader","floor":23.0,"turns":5.0},{"damage":5.0,"enemies":"Masked Bandits","floor":25.0,"turns":2.0},{"damage":0.0,"enemies":"Book of Stabbing","floor":27.0,"turns":4.0},{"damage":5.0,"enemies":"3 Cultists","floor":28.0,"turns":4.0},{"damage":0.0,"enemies":"Slavers","floor":29.0,"turns":4.0},{"damage":0.0,"enemies":"Chosen and Byrds","floor":31.0,"turns":3.0},{"damage":33.0,"enemies":"Automaton","floor":33.0,"turns":12.0},{"damage":5.0,"enemies":"3 Darklings","floor":35.0,"turns":4.0},{"damage":4.0,"enemies":"3 Shapes","floor":37.0,"turns":6.0},{"damage":0.0,"enemies":"Transient","floor":39.0,"turns":6.0},{"damage":22.0,"enemies":"Giant Head","floor":40.0,"turns":6.0},{"damage":3.0,"enemies":"Reptomancer","floor":42.0,"turns":3.0},{"damage":2.0,"enemies":"Jaw Worm Horde","floor":45.0,"turns":3.0},{"damage":21.0,"enemies":"Nemesis","floor":46.0,"turns":7.0},{"damage":0.0,"enemies":"Sphere and 2 Shapes","floor":47.0,"turns":5.0},{"damage":0.0,"enemies":"Writhing Mass","floor":48.0,"turns":4.0},{"damage":24.0,"enemies":"Time Eater","floor":50.0,"turns":7.0},{"damage":22.0,"enemies":"Donu and Deca","floor":51.0,"turns":8.0},{"damage":25.0,"enemies":"Shield and Spear","floor":55.0,"turns":5.0},{"damage":3,"enemies":"The Heart","floor":56,"turns":8}],"seed_played":"-3781082879912137906","potions_obtained":[{"floor":4.0,"key":"SteroidPotion"},{"floor":6.0,"key":"LiquidMemories"},{"floor":13.0,"key":"SteroidPotion"},{"floor":16.0,"key":"DistilledChaos"},{"floor":25.0,"key":"AttackPotion"},{"floor":27.0,"key":"LiquidMemories"},{"floor":31.0,"key":"Fruit Juice"},{"floor":33.0,"key":"StancePotion"},{"floor":37.0,"key":"CultistPotion"},{"floor":42.0,"key":"Swift Potion"},{"floor":45.0,"key":"SpeedPotion"}],"is_trial":false,"path_per_floor":["M","$","M","M","M","E","R","E","T","R","?","R","E","M","R","B",null,"M","?","$","?","M","E","R","?","T","E","M","E","?","M","R","B",null,"M","$","M","?","M","E","R","E","T","R","M","E","M","M","R","B","B",null,"R","$","E","B",null],"character_chosen":"WATCHER","items_purchased":["Tantrum","OrangePellets","Art of War","FearNoEvil","DollysMirror","Bottled Lightning","FlurryOfBlows","SkillPotion"],"campfire_rested":0,"item_purchase_floors":[2,20,36,36,54,54,54,54],"current_hp_per_floor":[67,67,67,67,57,39,39,39,39,39,39,39,37,37,37,2,56,56,56,71,50,47,45,45,40,40,40,35,35,35,35,35,7,61,56,71,67,67,67,45,45,42,42,42,40,31,43,43,43,31,21,62,62,75,50,47],"gold":120,"neow_bonus":"TEN_PERCENT_HP_BONUS","is_daily":false,"chose_seed":false,"campfire_upgraded":9,"win_rate":0.0,"timestamp":1613816543,"path_taken":["M","$","M","M","?","E","R","E","T","R","?","R","E","M","R","BOSS","M","?","$","?","M","E","R","?","T","E","M","E","?","M","R","BOSS","M","$","M","?","M","E","R","E","T","R","M","E","M","M","R","BOSS","BOSS","R","$","E","BOSS"],"items_purchased_type":["Card","Relic","Relic","Card","Relic","Relic","Card","Potion"],"build_version":"2020-12-22","purchased_purges":3,"victory":true,"max_hp_per_floor":[74,74,74,74,74,74,74,74,74,74,74,74,74,74,74,74,74,74,74,74,74,74,74,74,74,74,74,74,74,74,74,74,79,79,79,79,79,75,75,75,75,75,75,75,75,75,75,75,75,75,75,75,75,75,75,75],"relic_stats":{"counters":[31,149],"CeramicFish":135,"PreservedInsect":401,"Bag of Preparation":[50],"Question Card":15,"OrangePellets":[10],"Centennial Puzzle":[33],"Nunchaku":[17],"Sundial":[0],"Bronze Scales":[487],"MealTicket":43,"Necronomicon":[47],"Art of War":[4],"Kunai":[43],"obtain_stats":[{"CeramicFish":27,"Oddly Smooth Stone":13,"PreservedInsect":26,"Bag of Preparation":9,"Question Card":26,"OrangePellets":20,"Centennial Puzzle":29,"Nunchaku":43,"Matryoshka":23,"DollysMirror":54,"Sundial":55,"Bronze Scales":8,"MealTicket":6,"Philosopher\u0027s Stone":34,"Coffee Dripper":17,"Necronomicon":21,"Red Mask":25,"Art of War":36,"Kunai":42,"Bottled Lightning":54,"PureWater":0,"StrikeDummy":46,"Meat on the Bone":40},{"CeramicFish":14,"Oddly Smooth Stone":7,"PreservedInsect":13,"Bag of Preparation":6,"Question Card":13,"OrangePellets":10,"Centennial Puzzle":16,"Nunchaku":23,"Matryoshka":12,"DollysMirror":29,"Sundial":30,"Bronze Scales":6,"MealTicket":5,"Philosopher\u0027s Stone":18,"Coffee Dripper":9,"Necronomicon":10,"Red Mask":13,"Art of War":19,"Kunai":23,"Bottled Lightning":29,"PureWater":0,"StrikeDummy":25,"Meat on the Bone":22},{"CeramicFish":54,"Oddly Smooth Stone":24,"PreservedInsect":50,"Bag of Preparation":21,"Question Card":50,"OrangePellets":40,"Centennial Puzzle":62,"Nunchaku":102,"Matryoshka":48,"DollysMirror":136,"Sundial":141,"Bronze Scales":21,"MealTicket":18,"Philosopher\u0027s Stone":77,"Coffee Dripper":37,"Necronomicon":40,"Red Mask":50,"Art of War":81,"Kunai":102,"Bottled Lightning":136,"PureWater":0,"StrikeDummy":112,"Meat on the Bone":99}],"Meat on the Bone":48},"card_choices":[{"not_picked":["FlyingSleeves","InnerPeace"],"picked":"EmptyBody","floor":1.0},{"not_picked":["CrushJoints","WindmillStrike"],"picked":"FlyingSleeves","floor":3.0},{"not_picked":["DeceiveReality","Worship"],"picked":"Indignation","floor":4.0},{"not_picked":["Sanctity","Vengeance"],"picked":"ClearTheMind","floor":5.0},{"not_picked":["ClearTheMind","Protect"],"picked":"Consecrate","floor":6.0},{"not_picked":["Protect","ClearTheMind"],"picked":"EmptyBody","floor":8.0},{"not_picked":["Wireheading","ClearTheMind"],"picked":"Wallop","floor":13.0},{"not_picked":["Conclude","ClearTheMind"],"picked":"LessonLearned","floor":14.0},{"not_picked":["LessonLearned","Judgement"],"picked":"Omniscience","floor":16.0},{"not_picked":["Crescendo","Protect"],"picked":"DeceiveReality+1","floor":18.0},{"not_picked":["Halt","SashWhip"],"picked":"TalkToTheHand","floor":22.0},{"not_picked":["Nirvana+1","ThirdEye"],"picked":"Meditate","floor":23.0},{"not_picked":["ClearTheMind","DeceiveReality"],"picked":"JustLucky+1","floor":25.0},{"not_picked":["EmptyFist","PathToVictory","JustLucky+1"],"picked":"Wireheading","floor":27.0},{"not_picked":["SashWhip","LessonLearned","CrushJoints"],"picked":"ClearTheMind","floor":28.0},{"not_picked":["Evaluate","Study","EmptyBody","Brilliance"],"picked":"SKIP","floor":29.0},{"not_picked":["ClearTheMind","Indignation","CrushJoints","FlyingSleeves"],"picked":"SKIP","floor":31.0},{"not_picked":["Alpha","Judgement","Devotion"],"picked":"Wish","floor":33.0},{"not_picked":["Consecrate","SashWhip","Wallop"],"picked":"Adaptation","floor":35.0},{"not_picked":["Prostrate","DeceiveReality+1","SignatureMove+1","Worship"],"picked":"SKIP","floor":37.0},{"not_picked":["SandsOfTime","ClearTheMind","PathToVictory"],"picked":"Study+1","floor":39.0},{"not_picked":["LessonLearned","Vengeance+1","Worship"],"picked":"EmptyMind","floor":40.0},{"not_picked":["FlyingSleeves","Halt","Pray"],"picked":"CutThroughFate","floor":42.0},{"not_picked":["SignatureMove+1","Halt+1","FlyingSleeves"],"picked":"WaveOfTheHand+1","floor":45.0},{"not_picked":["WheelKick","ReachHeaven","DeusExMachina"],"picked":"ThirdEye","floor":46.0},{"not_picked":["FollowUp","Prostrate","CrushJoints"],"picked":"ThirdEye","floor":47.0},{"not_picked":["Worship","CrushJoints","Prostrate"],"picked":"InnerPeace+1","floor":48.0},{"not_picked":["SashWhip","CutThroughFate+1","Indignation"],"picked":"Wallop+1","floor":55.0}],"player_experience":2824899,"relics_obtained":[{"floor":6.0,"key":"MealTicket"},{"floor":8.0,"key":"Bronze Scales"},{"floor":9.0,"key":"Bag of Preparation"},{"floor":13.0,"key":"Oddly Smooth Stone"},{"floor":21.0,"key":"Necronomicon"},{"floor":23.0,"key":"Matryoshka"},{"floor":25.0,"key":"Red Mask"},{"floor":26.0,"key":"Question Card"},{"floor":26.0,"key":"PreservedInsect"},{"floor":27.0,"key":"CeramicFish"},{"floor":29.0,"key":"Centennial Puzzle"},{"floor":40.0,"key":"Meat on the Bone"},{"floor":42.0,"key":"Kunai"},{"floor":43.0,"key":"Nunchaku"},{"floor":46.0,"key":"StrikeDummy"},{"floor":55.0,"key":"Sundial"}],"event_choices":[{"damage_healed":0.0,"max_hp_gain":0.0,"max_hp_loss":0.0,"gold_gain":50.0,"event_name":"Golden Shrine","player_choice":"Pray","floor":11.0,"gold_loss":0.0,"damage_taken":0.0},{"damage_healed":0.0,"max_hp_gain":0.0,"max_hp_loss":0.0,"gold_gain":0.0,"event_name":"Vampires","player_choice":"Ignored","floor":19.0,"gold_loss":0.0,"damage_taken":0.0},{"damage_healed":0.0,"max_hp_gain":0.0,"max_hp_loss":0.0,"gold_gain":0.0,"event_name":"Cursed Tome","player_choice":"Obtained Book","floor":21.0,"gold_loss":0.0,"damage_taken":21.0},{"damage_healed":0.0,"max_hp_gain":0.0,"max_hp_loss":0.0,"gold_gain":0.0,"event_name":"Masked Bandits","player_choice":"Fought Bandits","floor":25.0,"gold_loss":0.0,"damage_taken":0.0},{"cards_removed":["Strike_P"],"damage_healed":0.0,"max_hp_gain":0.0,"max_hp_loss":0.0,"gold_gain":0.0,"event_name":"Back to Basics","player_choice":"Elegance","floor":30.0,"gold_loss":0.0,"damage_taken":0.0},{"damage_healed":0.0,"max_hp_gain":0.0,"max_hp_loss":4.0,"gold_gain":0.0,"event_name":"Winding Halls","player_choice":"Max HP","floor":38.0,"gold_loss":0.0,"damage_taken":0.0}],"is_beta":false,"boss_relics":[{"not_picked":["Runic Pyramid","Pandora\u0027s Box"],"picked":"Coffee Dripper"},{"not_picked":["Tiny House","Empty Cage"],"picked":"Philosopher\u0027s Stone"}],"items_purged_floors":[2,20,36],"is_endless":false,"potions_floor_spawned":[4,6,13,14,16,18,25,27,31,33,37,42,45,46,48],"ascension_level":20}}