{"host":"kbjkhl8b8ylq2ux5","time":1613851103,"event":{"mods":["Act Like it!","BaseMod","Better Match","Better Note","Better Sensory Stone","BetterRewards","Block Reminder","Colored Map","Colored Powertips","Downfall","HexUI Lib","Highlight Path","Mad Scientist","Minty Spire (QoL Compilation)","Quick Restart","Random Character Button","Rare Cards Sparkle","StSLib","The Cursed","The Servant 0.9.4"],"gold_per_floor":[99,109,129,129,148,48,48,48,67,81,6,6,19,19,37,135,135,135,147,147,147,166,166,166,166],"floor_reached":23,"language":"ENG","playtime":1831,"items_purged":[],"score":183,"play_id":"4b4969d6-5f8f-4374-9ed2-a228c80264fc","local_time":"20210220145823","is_ascension_mode":false,"campfire_choices":[{"floor":1,"key":"RECALL"},{"data":"hexamod:Hexaguard","floor":6,"key":"SMITH"},{"data":"hexamod:GhostLash","floor":8,"key":"SMITH"},{"data":"hexamod:TimeOfNeed","floor":12,"key":"SMITH"},{"data":"hexamod:GhostLash","floor":18,"key":"SMITH"}],"circlet_count":0,"master_deck":["hexamod:Strike+1","hexamod:Strike","hexamod:Strike","hexamod:Strike","hexamod:Defend+1","hexamod:Defend","hexamod:Defend","hexamod:Defend+1","hexamod:Sear","hexamod:Float","hexamod:Hexaguard+1","hexamod:GhostLash+1","Panacea","hexamod:FastForward","hexamod:TimeOfNeed+1","hexamod:GhostShield+1","hexamod:ThirdSeal","hexamod:GhostLash+1","hexamod:SixthSeal","hexamod:FirstSeal","hexamod:SixthSeal","hexamod:Hexaguard"],"relics":["hexamod:UnbrokenSoul","downfall:HeartBlessingRed"],"acts_visited":["Exordium","TheCity"],"potions_floor_usage":[16,16,23],"damage_taken":[{"damage":5,"enemies":"2 Louse","floor":2,"turns":3},{"damage":0,"enemies":"Small Slimes","floor":3,"turns":3},{"damage":0,"enemies":"Cultist","floor":5,"turns":3},{"damage":0,"enemies":"2 Fungi Beasts","floor":9,"turns":2},{"damage":2,"enemies":"Blue Slaver","floor":10,"turns":3},{"damage":2,"enemies":"Red Slaver","floor":13,"turns":4},{"damage":1,"enemies":"Large Slime","floor":15,"turns":5},{"damage":36,"enemies":"WA_ARCHETYPE_RETAIN","floor":16,"turns":11},{"damage":14,"enemies":"downfall:LooterAlt2","floor":19,"turns":5},{"damage":0,"enemies":"Chosen","floor":21,"turns":1},{"damage":24,"enemies":"Snake Plant","floor":22,"turns":7},{"damage":48,"enemies":"Gremlin Leader","floor":23,"turns":6}],"seed_played":"2272645599781040643","potions_obtained":[{"floor":5,"key":"Block Potion"},{"floor":9,"key":"Weak Potion"},{"floor":22,"key":"DistilledChaos"}],"is_trial":false,"path_per_floor":["R","M","M","?","M","R","T","R","M","M","?","R","M","?","M","B",null,"R","M","?","M","M","E"],"character_chosen":"THE_SPIRIT","items_purchased":[],"campfire_rested":0,"item_purchase_floors":[],"current_hp_per_floor":[77,72,72,72,72,72,72,72,72,70,70,70,68,68,67,31,77,77,63,63,63,46,0,0,0],"gold":166,"neow_bonus":"TEN_PERCENT_HP_BONUS","is_daily":false,"chose_seed":false,"campfire_upgraded":4,"win_rate":0.0,"timestamp":1613851103,"path_taken":["R","M","M","?","M","R","T","R","M","M","?","R","M","?","M","BOSS","R","M","?","M","?","E"],"items_purchased_type":[],"build_version":"2020-12-22","purchased_purges":0,"victory":false,"max_hp_per_floor":[77,77,77,77,77,77,77,77,77,77,77,77,77,77,77,77,77,77,77,77,77,77,77,77,77],"card_choices":[{"not_picked":["hexamod:PhantomCloak","hexamod:HauntingEcho"],"picked":"hexamod:Hexaguard","floor":2},{"not_picked":["hexamod:HeatMetal","hexamod:ShieldOfDarkness"],"picked":"hexamod:GhostLash","floor":3},{"not_picked":["Impatience","Enlightenment"],"picked":"Panacea","floor":4},{"not_picked":["hexamod:SwordOfDarkness","hexamod:FourthSeal"],"picked":"hexamod:FastForward","floor":5},{"not_picked":["hexamod:SwordOfDarkness","hexamod:SkipABeat","hexamod:HauntingEcho"],"picked":"SKIP","floor":9},{"not_picked":["hexamod:SpectersWail","hexamod:PhantomFireball"],"picked":"hexamod:TimeOfNeed","floor":10},{"not_picked":["hexamod:Hexaguard+1","hexamod:Firestarter+1"],"picked":"hexamod:GhostShield+1","floor":11},{"not_picked":["hexamod:SecondSeal","hexamod:FirstSeal"],"picked":"hexamod:ThirdSeal","floor":11},{"not_picked":["hexamod:HauntingEcho","hexamod:GhostOfSpirePast"],"picked":"hexamod:GhostLash","floor":13},{"not_picked":["hexamod:ThermalTransfer","hexamod:HeatCrush","hexamod:InspiringFlames"],"picked":"SKIP","floor":15},{"not_picked":["hexamod:ThermalTransfer","hexamod:Firestarter","hexamod:SkipABeat"],"picked":"SKIP","floor":15},{"not_picked":["hexamod:UnleashSpirits","hexamod:SearingWound"],"picked":"hexamod:SixthSeal","floor":16},{"not_picked":["hexamod:GhostOfSpirePast","hexamod:SwordOfDarkness"],"picked":"hexamod:FirstSeal","floor":19},{"not_picked":["hexamod:HeatMetal+1","hexamod:HauntingEcho","hexamod:HeatCrush+1"],"picked":"SKIP","floor":19},{"not_picked":["hexamod:BurningTouch","hexamod:ExtraCrispy+1","hexamod:ThirdSeal"],"picked":"SKIP","floor":21},{"not_picked":["hexamod:PhantomCloak","hexamod:ExtraCrispy+1"],"picked":"hexamod:Hexaguard","floor":22},{"not_picked":["hexamod:ThermalTransfer","hexamod:NightmareStrike+1","hexamod:Firestarter+1"],"picked":"SKIP","floor":22}],"player_experience":133119,"relics_obtained":[],"event_choices":[{"damage_healed":0,"gold_gain":1,"player_choice":"1","damage_taken":0,"max_hp_gain":0,"max_hp_loss":0,"event_name":"betterStone:BetterStone","floor":4,"gold_loss":0},{"damage_healed":0,"gold_gain":0,"player_choice":"2","damage_taken":0,"max_hp_gain":0,"max_hp_loss":0,"event_name":"betterMatch:BetterMatch","floor":11,"gold_loss":0,"cards_obtained":["betterMatch:CommonCard","betterMatch:UncommonCard"]}],"is_beta":false,"boss_relics":[{"not_picked":["Velvet Choker","SacredBark"],"picked":"hexamod:UnbrokenSoul"}],"items_purged_floors":[],"is_endless":false,"potions_floor_spawned":[5,9,22],"killed_by":"Gremlin Leader","ascension_level":0}}