{"host":"2q4w55ev63ot6isg","time":1613827085,"event":{"mods":["Aspiration","BaseMod","Downfall","Hubris","Marisa????????","Minty Spire (QoL Compilation)","Replay The Spire","StSLib","The Cursed","The Jungle","The Servant 0.9.4"],"gold_per_floor":[119,134,3,13,26,26,44,44,44,44,44,44,79,94,394,498,498,514,287,300,314,37,37,37],"floor_reached":23,"language":"ENG","playtime":804,"items_purged":["Strike_B"],"score":261,"play_id":"6e8cebb7-9345-415c-aaff-e5e85dbd2648","local_time":"20210220051805","is_ascension_mode":true,"campfire_choices":[{"data":"Electrodynamics","floor":6,"key":"SMITH"},{"data":"Zap","floor":11,"key":"SMITH"},{"floor":15,"key":"DIG"}],"circlet_count":0,"master_deck":["Strike_B","Strike_B","Strike_B","Defend_B","Defend_B","Defend_B","Defend_B","Zap+1","Dualcast","Coolheaded","Coolheaded","Self Repair","Conserve Battery","aspiration:Polymerization","Electrodynamics+1","ReplayTheSpireMod:Calculation Training","Noxious Fumes","Streamline","Bouncing Flask","hubris:DoWhile","Storm","ReplayTheSpireMod:Calculation Training","ReplayTheSpireMod:GoodbyeWorld"],"relics":["FrozenCore","aspiration:Nostalgia","m_HexaRing","Letter Opener","Pantograph","Old Coin","Happy Flower","Replay:Ringing Soul"],"acts_visited":["Exordium","TheCity"],"potions_floor_usage":[16,23],"damage_taken":[{"damage":6,"enemies":"Cultist","floor":1,"turns":3},{"damage":0,"enemies":"2 Louse","floor":2,"turns":2},{"damage":0,"enemies":"Small Slimes","floor":4,"turns":4},{"damage":5,"enemies":"Exordium Thugs","floor":5,"turns":6},{"damage":6,"enemies":"Large Slime","floor":7,"turns":5},{"damage":6,"enemies":"Replay:BlueRogue","floor":13,"turns":4},{"damage":6,"enemies":"Exordium Wildlife","floor":14,"turns":3},{"damage":30,"enemies":"Fading Forest","floor":16,"turns":11},{"damage":16,"enemies":"Spheric Guardian","floor":18,"turns":6},{"damage":4,"enemies":"3 Byrds","floor":20,"turns":3},{"damage":34,"enemies":"Snake Plant","floor":21,"turns":4},{"damage":50,"enemies":"Slavers","floor":23,"turns":3}],"seed_played":"-2167712759080629438","potions_obtained":[{"floor":2,"key":"Elixir"},{"floor":13,"key":"SteroidPotion"},{"floor":14,"key":"AttackPotion"},{"floor":21,"key":"Languid Potion"}],"is_trial":false,"path_per_floor":["M","M","$","M","M","R","M","?","T","$","R","$","E","M","R","B",null,"M","$","M","M","$","E"],"character_chosen":"DEFECT","items_purchased":["Self Repair","Conserve Battery","Happy Flower","Replay:Ringing Soul","ReplayTheSpireMod:GoodbyeWorld"],"campfire_rested":0,"item_purchase_floors":[3,3,19,22,22],"current_hp_per_floor":[62,62,62,69,71,71,72,72,72,72,72,72,66,67,67,60,71,62,62,65,38,41,0,0],"gold":37,"neow_bonus":"NOSTALGIA","is_daily":false,"chose_seed":false,"campfire_upgraded":2,"win_rate":0.0,"timestamp":1613827085,"path_taken":["M","M","$","?","M","R","M","?","T","$","R","?","E","M","R","BOSS","M","$","M","M","$","E"],"items_purchased_type":["Card","Card","Relic","Relic","Card"],"build_version":"2020-12-22","purchased_purges":1,"victory":false,"max_hp_per_floor":[75,75,75,75,75,75,75,75,75,75,75,75,75,75,75,75,75,75,75,75,75,78,78,78],"card_choices":[{"not_picked":["Bane","Gash"],"picked":"Coolheaded","floor":1},{"not_picked":["Sweeping Beam","Barrage"],"picked":"Coolheaded","floor":2},{"not_picked":["hexamod:ExtraCrispy","Turbo"],"picked":"aspiration:Polymerization","floor":4},{"not_picked":["Doom and Gloom","Ball Lightning"],"picked":"Electrodynamics","floor":5},{"not_picked":["Consume","Doom and Gloom"],"picked":"ReplayTheSpireMod:Calculation Training","floor":7},{"not_picked":["Conserve Battery","Coolheaded"],"picked":"Bouncing Flask","floor":13},{"not_picked":["Sweeping Beam","Skim","BasicCrystalCard"],"picked":"SKIP","floor":14},{"not_picked":["Rainbow","hexamod:Toasty"],"picked":"hubris:DoWhile","floor":16},{"not_picked":["Coolheaded+1","FTL+1"],"picked":"Storm","floor":18},{"not_picked":["hubris:PowerSurge","BootSequence"],"picked":"ReplayTheSpireMod:Calculation Training","floor":20},{"not_picked":["Beam Cell+1","Scrape","Redo"],"picked":"SKIP","floor":21}],"player_experience":261139,"relics_obtained":[{"floor":9,"key":"Letter Opener"},{"floor":13,"key":"Pantograph"},{"floor":15,"key":"Old Coin"}],"event_choices":[{"damage_healed":0,"gold_gain":0,"player_choice":"2 cards matched","damage_taken":0,"max_hp_gain":0,"max_hp_loss":0,"event_name":"Match and Keep!","floor":8,"gold_loss":0,"cards_obtained":["Noxious Fumes","Streamline"]}],"is_beta":false,"boss_relics":[{"not_picked":["hubris:HollowSoul","Tiny House"],"picked":"FrozenCore"}],"items_purged_floors":[19],"is_endless":false,"potions_floor_spawned":[2,13,14,21],"killed_by":"Slavers","ascension_level":7}}