{"host":"ilxricga2547gmyy","time":1613848998,"event":{"mods":["AchievementEnabler","BaseMod","Bestiary","Minty Spire (QoL Compilation)","StSLib"],"gold_per_floor":[110,120,120,135,145,145,162,193,193,193,211,211,227,238,238,333,333,347,347,347],"floor_reached":19,"language":"ENG","playtime":932,"items_purged":[],"score":199,"play_id":"39da2f14-06c5-4d24-a8ac-9650afb00481","local_time":"20210220202318","is_ascension_mode":true,"campfire_choices":[{"floor":6.0,"key":"REST"},{"floor":10,"key":"REST"},{"floor":12,"key":"REST"},{"data":"Night Terror","floor":15,"key":"SMITH"}],"circlet_count":0,"master_deck":["Survivor","Neutralize","Choke","Phantasmal Killer","Unload","Flechettes","A Thousand Cuts","Dagger Spray","Eviscerate","Caltrops","Accuracy","Dash","Terror","Outmaneuver","Footwork","Bullet Time","Well Laid Plans","Calculated Gamble","Blade Dance","Night Terror+1","Glass Knife","Concentrate"],"relics":["Pandora\u0027s Box","Bag of Marbles","Paper Crane","SacredBark"],"acts_visited":["Exordium","TheCity"],"potions_floor_usage":[8,19],"damage_taken":[{"damage":22.0,"enemies":"Small Slimes","floor":1.0,"turns":3.0},{"damage":5.0,"enemies":"2 Louse","floor":2.0,"turns":3.0},{"damage":2.0,"enemies":"Jaw Worm","floor":4.0,"turns":2.0},{"damage":22.0,"enemies":"Exordium Wildlife","floor":5.0,"turns":4.0},{"damage":3.0,"enemies":"3 Louse","floor":7.0,"turns":3.0},{"damage":18,"enemies":"Gremlin Nob","floor":8,"turns":4},{"damage":3,"enemies":"2 Fungi Beasts","floor":11,"turns":3},{"damage":2,"enemies":"Exordium Thugs","floor":13,"turns":3},{"damage":8,"enemies":"3 Louse","floor":14,"turns":2},{"damage":28,"enemies":"The Guardian","floor":16,"turns":6},{"damage":36,"enemies":"Spheric Guardian","floor":18,"turns":5},{"damage":49,"enemies":"Masked Bandits","floor":19,"turns":3}],"seed_played":"2690661980267015768","potions_obtained":[{"floor":4.0,"key":"Fire Potion"},{"floor":5.0,"key":"Strength Potion"},{"floor":11,"key":"EssenceOfSteel"},{"floor":13,"key":"DuplicationPotion"}],"is_trial":false,"path_per_floor":["M","M","?","M","M","R","M","E","T","R","M","R","M","M","R","B",null,"M","?"],"character_chosen":"THE_SILENT","items_purchased":[],"campfire_rested":3,"item_purchase_floors":[],"current_hp_per_floor":[48,43,36,34,12,33,30,12,12,33,30,51,49,41,41,13,70,34,0,0],"gold":347,"neow_bonus":"BOSS_RELIC","is_daily":false,"chose_seed":false,"campfire_upgraded":1,"win_rate":0.0,"timestamp":1613848998,"path_taken":["M","M","?","M","M","R","M","E","T","R","M","R","M","M","R","BOSS","M","?"],"items_purchased_type":[],"build_version":"2020-12-22","purchased_purges":0,"victory":false,"max_hp_per_floor":[70,70,70,70,70,70,70,70,70,70,70,70,70,70,70,70,70,70,70,70],"card_choices":[{"not_picked":["Prepared","PiercingWail"],"picked":"Dash","floor":1.0},{"not_picked":["Quick Slash","Poisoned Stab"],"picked":"Terror","floor":2.0},{"not_picked":["Slice","Bane"],"picked":"Outmaneuver","floor":4.0},{"not_picked":["Deflect","Prepared"],"picked":"Footwork","floor":5.0},{"not_picked":["Quick Slash","Dagger Throw"],"picked":"Bullet Time","floor":7},{"not_picked":["Caltrops","Bane"],"picked":"Well Laid Plans","floor":8},{"not_picked":["Well Laid Plans","Prepared"],"picked":"Calculated Gamble","floor":11},{"not_picked":["Prepared","Dagger Spray"],"picked":"Blade Dance","floor":13},{"not_picked":["Acrobatics","Dodge and Roll"],"picked":"Night Terror","floor":14},{"not_picked":["Corpse Explosion","Bullet Time"],"picked":"Glass Knife","floor":16},{"not_picked":["Dagger Throw","Flechettes"],"picked":"Concentrate","floor":18}],"player_experience":288348,"relics_obtained":[{"floor":8,"key":"Bag of Marbles"},{"floor":9,"key":"Paper Crane"}],"event_choices":[{"cards_removed":["Catalyst"],"damage_healed":0.0,"max_hp_gain":0.0,"max_hp_loss":0.0,"gold_gain":0.0,"event_name":"Golden Wing","player_choice":"Card Removal","floor":3.0,"gold_loss":0.0,"damage_taken":7.0},{"damage_healed":0,"gold_gain":0,"player_choice":"Fought Bandits","damage_taken":0,"max_hp_gain":0,"max_hp_loss":0,"event_name":"Masked Bandits","floor":19,"gold_loss":0}],"is_beta":false,"boss_relics":[{"not_picked":["Snecko Eye","Busted Crown"],"picked":"SacredBark"}],"items_purged_floors":[],"is_endless":false,"potions_floor_spawned":[4,5,11,13],"killed_by":"Masked Bandits","ascension_level":3}}