{"host":"cf2ctvg4l7smc7k1","time":1613849294,"event":{"mods":["AchievementEnabler","Aspiration","BaseMod","BetterRewards","Challenge The Spire","Chen","Colored Map","Conspire","Downfall","Duelist Mod","Hubris","Ironclad Rager","Magitek Elite","Marisa????????","Minty Spire (QoL Compilation)","Replay The Spire","StSLib","The Bladedancer","The Bug Knight","The Cursed","The Jungle","The Poker Player","The Vixen","Wandering Minibosses","[IsaacMod]????"],"gold_per_floor":[138,192,225,225,225,276,276,312,336,336,381,380,479,515,515,830,830,863,863,893,923,1023,1068,1068,1143,1168,1228,1228,1306,1306,1345,1345,1514,1514,1490,1418,1268,1268,1121,1121,1015,977,977,1277,1277,1277,1277,1238,1238,286],"floor_reached":51,"language":"DEU","playtime":1936,"items_purged":[],"score":808,"play_id":"ccfda82b-e028-47f6-8bf0-2027f5e470f7","local_time":"20210220202814","daily_mods":["SealedDeck","Midas"],"is_ascension_mode":false,"campfire_choices":[{"floor":32,"key":"REST"},{"floor":45,"key":"REST"}],"circlet_count":0,"master_deck":["EpicFetus","Slimebound:SlimeSpikes","Slimebound:GoopSpray","Slimebound:DivideAndConquer","Slimebound:SplitLeeching","Slimebound:SplitAcid","Slimebound:SplitBruiser","Slimebound:LivingWall","Slimebound:RollThrough","Slimebound:SplitMire","Slimebound:Prepare","Slimebound:MassRepurpose","Slimebound:Nibble","Slimebound:Darklings","Slimebound:LeechLife","Pot Of Greed","Pot Of Greed","Parasite","theDuelist:VampireCurse"],"relics":["Slimebound:AbsorbEndCombatUpgraded","HushsDoor","TuHaoJin","Chameleon Ring","Oddly Smooth Stone","Replay:Rubber Ducky","sneckomod:BlankCard","Pet Ghost","D6","EdensBlessing","Cursed Key","Grinning Jar","Onion Ring"],"acts_visited":["Exordium","TheCity","TheBeyond"],"potions_floor_usage":[10,11,16,16,16,16,16,16,25,29,33,33,40],"damage_taken":[{"damage":0,"enemies":"2 Louse","floor":1,"turns":1},{"damage":0,"enemies":"Small Slimes","floor":2,"turns":3},{"damage":0,"enemies":"Cultist","floor":3,"turns":3},{"damage":0,"enemies":"Gremlin Nob","floor":6,"turns":2},{"damage":0,"enemies":"Large Slime","floor":8,"turns":4},{"damage":0,"enemies":"Exordium Thugs","floor":11,"turns":4},{"damage":0,"enemies":"Exordium Wildlife","floor":12,"turns":1},{"damage":0,"enemies":"Lagavulin","floor":13,"turns":6},{"damage":0,"enemies":"3 Louse","floor":14,"turns":3},{"damage":0,"enemies":"The Guardian","floor":16,"turns":9},{"damage":1,"enemies":"Chosen","floor":18,"turns":5},{"damage":0,"enemies":"Spheric Guardian","floor":20,"turns":3},{"damage":0,"enemies":"Snecko","floor":21,"turns":4},{"damage":15,"enemies":"Snake Plant","floor":23,"turns":3},{"damage":21,"enemies":"conspire:SneckoGhost","floor":25,"turns":3},{"damage":7,"enemies":"Cultist and Chosen","floor":27,"turns":4},{"damage":56,"enemies":"Gremlin Leader","floor":29,"turns":6},{"damage":12,"enemies":"Shelled Parasite and Fungi","floor":31,"turns":4},{"damage":11,"enemies":"hubris:MusketHawk","floor":33,"turns":6},{"damage":0,"enemies":"3 Darklings","floor":35,"turns":1},{"damage":0,"enemies":"Orb Walker","floor":36,"turns":1},{"damage":0,"enemies":"Spire Growth","floor":37,"turns":1},{"damage":0,"enemies":"Maw","floor":39,"turns":4},{"damage":0,"enemies":"Nemesis","floor":41,"turns":1},{"damage":1,"enemies":"Writhing Mass","floor":42,"turns":4},{"damage":0,"enemies":"3 Darklings","floor":48,"turns":1},{"damage":0,"enemies":"Replay:Hell Engine","floor":50,"turns":1}],"seed_played":"-7644243142133888293","potions_obtained":[{"floor":1,"key":"DuplicationPotion"},{"floor":3,"key":"Elixir"},{"floor":7,"key":"Adrenaline Potion"},{"floor":10,"key":"EntropicBrew"},{"floor":10,"key":"Fruit Juice"},{"floor":13,"key":"GamblersBrew"},{"floor":14,"key":"LiquidBronze"},{"floor":15,"key":"bronze:BurnAndBuffPotion"},{"floor":16,"key":"Regen Potion"},{"floor":21,"key":"Elixir"},{"floor":24,"key":"SteroidPotion"},{"floor":24,"key":"champ:CounterPotion"},{"floor":25,"key":"Ancient Potion"},{"floor":31,"key":"EssenceOfSteel"},{"floor":40,"key":"bronze:BurnAndBuffPotion"},{"floor":40,"key":"Fruit Juice"},{"floor":47,"key":"ColorlessPotion"}],"is_trial":true,"path_per_floor":["M","M","M","$","?","E","R","M","T","R","M","M","E","M","R","B",null,"M","$","M","M","?","M","R","E","T","M","T","E","?","M","R","B",null,"M","M","M","?","M","R","E","M","T","?","R","$","R","M","R","B",null],"character_chosen":"SLIMEBOUND","items_purchased":[],"campfire_rested":2,"item_purchase_floors":[],"current_hp_per_floor":[65,65,65,65,65,65,65,65,65,72,72,72,72,72,72,72,72,72,72,72,72,72,57,57,36,36,38,38,10,17,8,29,33,72,72,72,72,72,72,79,79,78,78,78,79,79,79,79,79,79],"gold":286,"neow_bonus":"","is_daily":false,"chose_seed":false,"campfire_upgraded":0,"win_rate":0.0,"timestamp":1613849294,"path_taken":["M","M","M","$","?","E","R","M","T","R","M","?","E","M","R","BOSS","M","$","M","M","?","M","R","E","T","M","?","E","?","M","R","BOSS","M","M","M","?","M","R","E","M","T","?","R","$","R","M","R","BOSS"],"items_purchased_type":[],"build_version":"2020-12-22","purchased_purges":0,"victory":true,"max_hp_per_floor":[65,65,65,65,65,65,65,65,65,72,72,72,72,72,72,72,72,72,72,72,72,72,72,72,72,72,72,72,72,72,72,72,72,72,72,72,72,72,72,79,79,79,79,79,79,79,79,79,79,79],"card_choices":[{"not_picked":[],"picked":"EpicFetus","floor":0},{"not_picked":["Slimebound:SlimeBrawl","Slimebound:Chomp","Slimebound:Prepare"],"picked":"SKIP","floor":1},{"not_picked":["Slimebound:SlimeSpikes","Slimebound:Replication","Slimebound:Schlurp"],"picked":"SKIP","floor":2},{"not_picked":["Slimebound:AcidTongue","Slimebound:Schlurp","Slimebound:ItLooksTasty"],"picked":"SKIP","floor":3},{"not_picked":["Slimebound:PressTheAttack","Slimebound:BestDefense"],"picked":"Slimebound:MassRepurpose","floor":6},{"not_picked":["Slimebound:LeechEnergy","Slimebound:Dissolve","Slimebound:ServeAndProtect"],"picked":"SKIP","floor":8},{"not_picked":["Slimebound:SpikyOuterGoop","Slimebound:SplitLeeching","Slimebound:SplitAcid"],"picked":"SKIP","floor":11},{"not_picked":["Slimebound:Schlurp","Slimebound:FinishingTackle","Slimebound:ItLooksTasty"],"picked":"SKIP","floor":12},{"not_picked":["Slimebound:Schlurp","Slimebound:Prepare","Slimebound:FinishingTackle"],"picked":"SKIP","floor":13},{"not_picked":["Slimebound:GoopTackle","Slimebound:RainOfGoop"],"picked":"Slimebound:Nibble","floor":14},{"not_picked":["Slimebound:RallyTheTroops","Slimebound:LeechLife"],"picked":"Slimebound:Darklings","floor":16},{"not_picked":["Slimebound:SlimeSpikes","Slimebound:RainOfGoop+1","Slimebound:Grow+1"],"picked":"SKIP","floor":18},{"not_picked":["Slimebound:SplitAcid","Slimebound:DisruptingSlam","Slimebound:GoopSpray+1"],"picked":"SKIP","floor":20},{"not_picked":["Slimebound:Replication","Slimebound:RollThrough","Slimebound:SplitSpecialist"],"picked":"SKIP","floor":21},{"not_picked":["Slimebound:SplitSpecialist","Slimebound:HauntingLick+1","Slimebound:Overexert"],"picked":"SKIP","floor":23},{"not_picked":["Slimebound:ComboTackle+1","Slimebound:RejuvenatingLick","Slimebound:ItLooksTasty"],"picked":"SKIP","floor":25},{"not_picked":["Slimebound:Schlurp","Slimebound:SamplingLick","Slimebound:SplitLeeching+1"],"picked":"SKIP","floor":27},{"not_picked":["Slimebound:Nibble+1","Slimebound:FinishingTackle","Slimebound:LeechEnergy"],"picked":"SKIP","floor":29},{"not_picked":["Slimebound:Dissolve","Slimebound:BestDefense","Slimebound:RollThrough"],"picked":"SKIP","floor":31},{"not_picked":["Slimebound:WasteNot","Slimebound:MassFeed"],"picked":"Slimebound:LeechLife","floor":33},{"not_picked":["Slimebound:DisruptingSlam+1","Slimebound:SlimeSpikes","Slimebound:BestDefense"],"picked":"SKIP","floor":35},{"not_picked":["Slimebound:RainOfGoop+1","Slimebound:ItLooksTasty","Slimebound:RollThrough"],"picked":"SKIP","floor":36},{"not_picked":["Slimebound:LeechingTouch","Slimebound:GoopTackle+1","Slimebound:ForwardTackle+1"],"picked":"SKIP","floor":37},{"not_picked":["Slimebound:SlimeSpikes+1","Slimebound:SplitBruiser+1","Slimebound:Recollect"],"picked":"SKIP","floor":39},{"not_picked":["Slimebound:SamplingLick+1","Slimebound:SplitAcid","Slimebound:Dissolve"],"picked":"SKIP","floor":41},{"not_picked":["Slimebound:SplitBruiser+1","Slimebound:GoopTackle+1","Slimebound:RollThrough"],"picked":"SKIP","floor":42},{"not_picked":["Slimebound:GoopTackle","Slimebound:LeadByExample+1","Slimebound:LeechEnergy+1"],"picked":"SKIP","floor":48}],"player_experience":567077,"relics_obtained":[{"floor":6,"key":"Chameleon Ring"},{"floor":9,"key":"Oddly Smooth Stone"},{"floor":13,"key":"Replay:Rubber Ducky"},{"floor":25,"key":"sneckomod:BlankCard"},{"floor":26,"key":"Pet Ghost"},{"floor":28,"key":"D6"},{"floor":29,"key":"EdensBlessing"},{"floor":41,"key":"Grinning Jar"},{"floor":43,"key":"Onion Ring"}],"event_choices":[{"damage_healed":0,"gold_gain":100,"player_choice":"Pray","damage_taken":0,"max_hp_gain":0,"max_hp_loss":0,"event_name":"Golden Shrine","floor":22,"gold_loss":0},{"damage_healed":0,"gold_gain":0,"player_choice":"Ignored","damage_taken":0,"max_hp_gain":0,"max_hp_loss":0,"event_name":"Tomb of Lord Red Mask","floor":38,"gold_loss":0}],"is_beta":false,"boss_relics":[{"not_picked":["hubris:RunicObelisk","Honey Jar"],"picked":"Slimebound:AbsorbEndCombatUpgraded"},{"not_picked":[]},{"not_picked":["ReplayTheSpireMod:DimensionalGlitch","hubris:GrandSneckoEye"],"picked":"Cursed Key"},{"not_picked":[]}],"items_purged_floors":[],"is_endless":false,"potions_floor_spawned":[1,3,13,14,16,21,25,31,36,39,48],"ascension_level":0}}