{"host":"fbdlh90rovbiajun","time":1613796840,"event":{"mods":["AchievementEnabler","BaseMod","Colored Map","Keyboard Shortcuts","Minty Spire (QoL Compilation)","SuperFastMode"],"gold_per_floor":[115,138,138,151,166,166,176,176,176,204,204,223,243,259,259,259,259],"floor_reached":16,"language":"KOR","playtime":364,"items_purged":[],"score":120,"play_id":"970f51f3-b757-469d-b1f4-2739d3790155","local_time":"20210220135400","is_ascension_mode":true,"campfire_choices":[{"data":"Eruption","floor":6,"key":"SMITH"},{"data":"CrushJoints","floor":8,"key":"SMITH"},{"data":"Vigilance","floor":11,"key":"SMITH"},{"data":"Halt","floor":15,"key":"SMITH"}],"circlet_count":0,"master_deck":["Strike_P","Strike_P","Strike_P","Strike_P","Defend_P","Defend_P","Defend_P","Defend_P","Eruption+1","Vigilance+1","CrushJoints+1","Halt+1"],"relics":["PureWater","NeowsBlessing","Bag of Marbles","Regal Pillow","FossilizedHelix"],"acts_visited":["Exordium"],"potions_floor_usage":[16,16,16],"damage_taken":[{"damage":0,"enemies":"Cultist","floor":1,"turns":1},{"damage":0,"enemies":"2 Louse","floor":4,"turns":2},{"damage":0,"enemies":"Small Slimes","floor":5,"turns":1},{"damage":0,"enemies":"3 Louse","floor":7,"turns":3},{"damage":16,"enemies":"Gremlin Nob","floor":10,"turns":3},{"damage":0,"enemies":"Exordium Wildlife","floor":12,"turns":2},{"damage":0,"enemies":"Blue Slaver","floor":13,"turns":1},{"damage":0,"enemies":"3 Louse","floor":14,"turns":3},{"damage":57,"enemies":"Hexaghost","floor":16,"turns":14}],"seed_played":"-3897284363366332677","potions_obtained":[{"floor":1,"key":"SpeedPotion"},{"floor":10,"key":"PowerPotion"},{"floor":12,"key":"Explosive Potion"},{"floor":14,"key":"BlessingOfTheForge"}],"is_trial":false,"path_per_floor":["M","T","?","M","M","R","M","R","T","E","R","M","M","M","R","B"],"character_chosen":"WATCHER","items_purchased":[],"campfire_rested":0,"item_purchase_floors":[],"current_hp_per_floor":[72,72,72,72,72,72,72,72,72,56,56,56,56,56,56,0,0],"gold":259,"neow_bonus":"THREE_ENEMY_KILL","is_daily":false,"chose_seed":false,"campfire_upgraded":4,"win_rate":0.0,"timestamp":1613796840,"path_taken":["M","?","?","?","M","R","M","R","T","E","R","M","M","M","R","BOSS"],"items_purchased_type":[],"build_version":"2020-12-22","purchased_purges":0,"victory":false,"max_hp_per_floor":[72,72,72,72,72,72,72,72,72,72,72,72,72,72,72,72,72],"card_choices":[{"not_picked":["WindmillStrike","SashWhip","EmptyFist"],"picked":"SKIP","floor":1},{"not_picked":["Indignation","EmptyFist"],"picked":"CrushJoints","floor":4},{"not_picked":["Fasting2","Meditate","ClearTheMind"],"picked":"SKIP","floor":5},{"not_picked":["ThirdEye","Protect","FlyingSleeves"],"picked":"SKIP","floor":7},{"not_picked":["Weave","WreathOfFlame","Crescendo"],"picked":"SKIP","floor":10},{"not_picked":["Weave","WreathOfFlame","Crescendo"],"picked":"SKIP","floor":10},{"not_picked":["SashWhip","ThirdEye","Scrawl"],"picked":"SKIP","floor":12},{"not_picked":["CutThroughFate","ClearTheMind"],"picked":"Halt","floor":13},{"not_picked":["Wireheading","CarveReality","Halt"],"picked":"SKIP","floor":14}],"player_experience":105466,"relics_obtained":[{"floor":2,"key":"Bag of Marbles"},{"floor":9,"key":"Regal Pillow"},{"floor":10,"key":"FossilizedHelix"}],"event_choices":[{"damage_healed":0,"gold_gain":0,"player_choice":"Bought 0 Potions","damage_taken":0,"max_hp_gain":0,"max_hp_loss":0,"event_name":"The Woman in Blue","floor":3,"gold_loss":0}],"is_beta":false,"boss_relics":[],"items_purged_floors":[],"is_endless":false,"potions_floor_spawned":[1,10,12,14],"killed_by":"Hexaghost","ascension_level":3}}