{"host":"4i5my69dv6e41930","time":1613792705,"event":{"mods":["AchievementEnabler","BaseMod","Minty Spire (QoL Compilation)","Relic Stats"],"gold_per_floor":[115,115,126,126,45,73,73,108,133,133,143,93,93,109,109,206,206,218,238,3,3,3,3,29,40,65,65,65,96,115,127,127,230,230,244,244,258,40,40,66,66,66],"floor_reached":41,"language":"ENG","playtime":3863,"items_purged":["Strike_R+1"],"score":543,"play_id":"f0028243-b0ce-4430-b607-515832ecc2aa","local_time":"20210219224505","is_ascension_mode":true,"campfire_choices":[{"data":"Bash","floor":7.0,"key":"SMITH"},{"data":"Combust","floor":10.0,"key":"SMITH"},{"data":"Spot Weakness","floor":13.0,"key":"SMITH"},{"data":"Immolate","floor":15.0,"key":"SMITH"},{"data":"J.A.X.","floor":23.0,"key":"SMITH"},{"data":"Heavy Blade","floor":27.0,"key":"SMITH"},{"data":"Inflame","floor":32.0,"key":"SMITH"}],"circlet_count":0,"master_deck":["Strike_R+1","Strike_R+1","Strike_R+1","Defend_R+1","Defend_R+1","Defend_R+1","Defend_R+1","Bash+1","Carnage+1","Combust+1","Spot Weakness+1","Impervious","Immolate+1","Fiend Fire","Shrug It Off","Reaper","Inflame+1","J.A.X.+1","Heavy Blade+1","Impervious"],"relics":["Burning Blood","NeowsBlessing","Blood Vial","Anchor","Pen Nib","Sozu","Pear","Dream Catcher","Runic Cube","ClockworkSouvenir","Centennial Puzzle"],"acts_visited":["Exordium","TheCity","TheBeyond"],"potions_floor_usage":[],"damage_taken":[{"damage":0.0,"enemies":"2 Louse","floor":1.0,"turns":1.0},{"damage":0.0,"enemies":"Small Slimes","floor":3.0,"turns":1.0},{"damage":0.0,"enemies":"3 Sentries","floor":6.0,"turns":2.0},{"damage":28.0,"enemies":"Gremlin Nob","floor":8.0,"turns":4.0},{"damage":1.0,"enemies":"Jaw Worm","floor":11.0,"turns":2.0},{"damage":0.0,"enemies":"2 Fungi Beasts","floor":14.0,"turns":2.0},{"damage":32.0,"enemies":"The Guardian","floor":16.0,"turns":8.0},{"damage":2.0,"enemies":"3 Byrds","floor":18.0,"turns":2.0},{"damage":6.0,"enemies":"Shell Parasite","floor":19.0,"turns":3.0},{"damage":43.0,"enemies":"Gremlin Leader","floor":24.0,"turns":6.0},{"damage":3.0,"enemies":"Snake Plant","floor":25.0,"turns":2.0},{"damage":15.0,"enemies":"Slavers","floor":29.0,"turns":4.0},{"damage":3.0,"enemies":"Snecko","floor":30.0,"turns":2.0},{"damage":5.0,"enemies":"3 Cultists","floor":31.0,"turns":2.0},{"damage":36.0,"enemies":"Automaton","floor":33.0,"turns":6.0},{"damage":7.0,"enemies":"Orb Walker","floor":35.0,"turns":3.0},{"damage":0.0,"enemies":"3 Shapes","floor":37.0,"turns":2.0},{"damage":58.0,"enemies":"Giant Head","floor":40.0,"turns":7.0},{"damage":0,"enemies":"Writhing Mass","floor":41,"turns":1}],"seed_played":"-6741687853728940578","potions_obtained":[{"floor":6.0,"key":"SpeedPotion"},{"floor":11.0,"key":"ColorlessPotion"},{"floor":14.0,"key":"DuplicationPotion"}],"is_trial":false,"path_per_floor":["M","?","M","?","$","E","R","E","T","R","M","?","R","M","R","B",null,"M","M","$","?","?","R","E","M","T","R","$","E","M","M","R","B",null,"M","?","M","$","?","E","M"],"character_chosen":"IRONCLAD","items_purchased":["Combust","Reaper","Inflame","ClockworkSouvenir"],"campfire_rested":0,"item_purchase_floors":[5,20,20,38],"current_hp_per_floor":[80,80,80,64,64,70,70,50,50,50,57,57,57,65,65,41,80,80,80,80,80,80,80,69,74,74,74,74,67,72,90,90,68,90,89,89,90,90,90,46,48,48],"gold":66,"neow_bonus":"THREE_ENEMY_KILL","is_daily":false,"chose_seed":false,"campfire_upgraded":7,"win_rate":0.0,"timestamp":1613792705,"path_taken":["M","?","M","?","$","E","R","E","T","R","M","?","R","M","R","BOSS","M","M","$","?","?","R","E","M","T","R","?","E","M","M","R","BOSS","M","?","M","$","?","E","M"],"items_purchased_type":["Card","Card","Card","Relic"],"build_version":"2020-12-22","purchased_purges":1,"victory":false,"max_hp_per_floor":[80,80,80,80,80,80,80,80,80,80,80,80,80,80,80,80,80,80,80,80,80,80,80,90,90,90,90,90,90,90,90,90,90,90,90,90,90,90,90,90,90,90],"relic_stats":{"Blood Vial":19,"Sozu":3,"Dream Catcher":0,"Centennial Puzzle":[0],"counters":[19,60],"Pen Nib":[7],"obtain_stats":[{"Blood Vial":6,"Sozu":17,"Anchor":8,"Dream Catcher":29,"Centennial Puzzle":40,"Pear":24,"NeowsBlessing":0,"Pen Nib":9,"Burning Blood":0,"Runic Cube":34,"ClockworkSouvenir":38},{"Blood Vial":3,"Sozu":7,"Anchor":4,"Dream Catcher":12,"Centennial Puzzle":18,"Pear":10,"NeowsBlessing":0,"Pen Nib":4,"Burning Blood":0,"Runic Cube":15,"ClockworkSouvenir":17},{"Blood Vial":4,"Sozu":20,"Anchor":8,"Dream Catcher":37,"Centennial Puzzle":59,"Pear":31,"NeowsBlessing":0,"Pen Nib":8,"Burning Blood":0,"Runic Cube":47,"ClockworkSouvenir":52}],"Burning Blood":82,"Runic Cube":[13]},"card_choices":[{"not_picked":["Flex","True Grit","Dual Wield"],"picked":"SKIP","floor":1.0},{"not_picked":["True Grit","Shrug It Off"],"picked":"Carnage","floor":3.0},{"not_picked":["Double Tap","Sword Boomerang"],"picked":"Spot Weakness","floor":6.0},{"not_picked":["Perfected Strike","Searing Blow"],"picked":"Impervious","floor":8.0},{"not_picked":["Anger","Thunderclap","Havoc"],"picked":"SKIP","floor":11.0},{"not_picked":["Wild Strike","Anger"],"picked":"Immolate","floor":14.0},{"not_picked":["Immolate","Barricade"],"picked":"Fiend Fire","floor":16.0},{"not_picked":["Pommel Strike","Reckless Charge","True Grit"],"picked":"SKIP","floor":18.0},{"not_picked":["Anger","Pummel"],"picked":"Shrug It Off","floor":19.0},{"not_picked":["Clothesline","True Grit","Corruption"],"picked":"SKIP","floor":24.0},{"not_picked":["True Grit","Spot Weakness+1"],"picked":"Heavy Blade","floor":25.0},{"not_picked":["Wild Strike","Cleave","Burning Pact"],"picked":"SKIP","floor":29.0},{"not_picked":["Wild Strike","Cleave","Burning Pact"],"picked":"SKIP","floor":29.0},{"not_picked":["Twin Strike+1","Intimidate","True Grit"],"picked":"SKIP","floor":30.0},{"not_picked":["Twin Strike+1","Intimidate","True Grit"],"picked":"SKIP","floor":30.0},{"not_picked":["Heavy Blade","Body Slam+1","Headbutt"],"picked":"SKIP","floor":31.0},{"not_picked":["Immolate","Double Tap"],"picked":"Impervious","floor":33.0},{"not_picked":["Rage","Thunderclap","Rampage+1"],"picked":"SKIP","floor":35.0},{"not_picked":["Flex+1","Iron Wave","Wild Strike+1"],"picked":"SKIP","floor":37.0},{"not_picked":["Sever Soul","Dark Embrace+1","Rupture+1"],"picked":"SKIP","floor":40.0}],"player_experience":63955,"relics_obtained":[{"floor":6.0,"key":"Blood Vial"},{"floor":8.0,"key":"Anchor"},{"floor":9.0,"key":"Pen Nib"},{"floor":24.0,"key":"Pear"},{"floor":29.0,"key":"Dream Catcher"},{"floor":40.0,"key":"Centennial Puzzle"}],"event_choices":[{"damage_healed":0.0,"max_hp_gain":0.0,"max_hp_loss":0.0,"gold_gain":0.0,"event_name":"Liars Game","player_choice":"Ignored","floor":2.0,"gold_loss":0.0,"damage_taken":0.0},{"damage_healed":0.0,"max_hp_gain":0.0,"max_hp_loss":0.0,"gold_gain":0.0,"event_name":"Shining Light","player_choice":"Entered Light","floor":4.0,"gold_loss":0.0,"damage_taken":16.0,"cards_upgraded":["Defend_R","Carnage"]},{"cards_removed":["Strike_R"],"damage_healed":0.0,"max_hp_gain":0.0,"max_hp_loss":0.0,"gold_gain":0.0,"event_name":"The Cleric","player_choice":"Card Removal","floor":12.0,"gold_loss":50.0,"damage_taken":0.0},{"damage_healed":0.0,"max_hp_gain":0.0,"max_hp_loss":0.0,"gold_gain":0.0,"event_name":"Drug Dealer","player_choice":"Obtain J.A.X.","floor":21.0,"gold_loss":0.0,"damage_taken":0.0,"cards_obtained":["J.A.X."]},{"damage_healed":0.0,"max_hp_gain":0.0,"max_hp_loss":0.0,"gold_gain":0.0,"event_name":"Back to Basics","player_choice":"Simplicity","floor":22.0,"gold_loss":0.0,"damage_taken":0.0,"cards_upgraded":["Strike_R","Strike_R","Strike_R","Strike_R","Defend_R","Defend_R","Defend_R"]},{"damage_healed":0.0,"max_hp_gain":0.0,"max_hp_loss":0.0,"gold_gain":0.0,"event_name":"Tomb of Lord Red Mask","player_choice":"Ignored","floor":36.0,"gold_loss":0.0,"damage_taken":0.0},{"damage_healed":0.0,"max_hp_gain":0.0,"max_hp_loss":0.0,"gold_gain":0.0,"event_name":"Lab","player_choice":"Got Potions","floor":39.0,"gold_loss":0.0,"damage_taken":0.0}],"is_beta":false,"boss_relics":[{"not_picked":["Fusion Hammer","Runic Dome"],"picked":"Sozu"},{"not_picked":["Cursed Key","Philosopher\u0027s Stone"],"picked":"Runic Cube"}],"items_purged_floors":[38],"is_endless":false,"potions_floor_spawned":[6,11,14,19,25,29],"killed_by":"Writhing Mass","ascension_level":1}}