{"host":"7gquyva492f4udta","time":1613780486,"event":{"mods":["BaseMod","Minty Spire (QoL Compilation)"],"gold_per_floor":[14,14,14,39,55,55,96,96,123,159,183,207,207,240,240,364,364,383,383,403,423,444,444,457,457,480,480,505,530,455,479,479,599,599,620,138,157,171,195,195,195,229,255,255,255,588,636,671,671,671,671],"floor_reached":50,"language":"ENG","playtime":3662,"items_purged":["Strike_P"],"score":709,"play_id":"3e769745-2ef5-41b9-8b2c-ac45eda7eb43","local_time":"20210219182126","is_ascension_mode":true,"campfire_choices":[{"data":"Eruption","floor":6.0,"key":"SMITH"},{"data":"FlurryOfBlows","floor":8.0,"key":"SMITH"},{"data":"Nirvana","floor":15.0,"key":"SMITH"},{"floor":23,"key":"REST"},{"floor":25,"key":"REST"},{"data":"ThirdEye","floor":27,"key":"SMITH"},{"floor":32,"key":"REST"},{"floor":40,"key":"RECALL"},{"floor":44,"key":"REST"},{"floor":49,"key":"REST"}],"circlet_count":0,"master_deck":["Strike_P+1","Strike_P+1","Defend_P","Defend_P+1","Defend_P+1","Defend_P+1","Eruption+1","Vigilance+1","Judgement+1","Wireheading+1","FlurryOfBlows+1","Nirvana+1","Evaluate+1","ThirdEye+1","LessonLearned","Consecrate+1","ConjureBlade","MentalFortress+1","Secret Weapon","ClearTheMind+1","Sanctity+1"],"relics":["PureWater","GremlinMask","Tiny Chest","PreservedInsect","Centennial Puzzle","Sundial","War Paint","Busted Crown","Matryoshka","Pantograph","Oddly Smooth Stone","VioletLotus","Membership Card","Juzu Bracelet","Pen Nib","Bag of Preparation","Bottled Tornado","Orichalcum","Ornamental Fan","Nunchaku","Yang"],"acts_visited":["Exordium","TheCity","TheBeyond"],"potions_floor_usage":[28,31,33,33,38,42,48],"damage_taken":[{"damage":0.0,"enemies":"2 Louse","floor":1.0,"turns":2.0},{"damage":0.0,"enemies":"Small Slimes","floor":4.0,"turns":2.0},{"damage":0.0,"enemies":"Cultist","floor":5.0,"turns":4.0},{"damage":3.0,"enemies":"3 Sentries","floor":7.0,"turns":5.0},{"damage":15.0,"enemies":"Lagavulin","floor":10.0,"turns":4.0},{"damage":7.0,"enemies":"Looter","floor":11.0,"turns":3.0},{"damage":0.0,"enemies":"2 Fungi Beasts","floor":12.0,"turns":3.0},{"damage":0.0,"enemies":"Gremlin Nob","floor":14.0,"turns":3.0},{"damage":12.0,"enemies":"Hexaghost","floor":16.0,"turns":10.0},{"damage":0,"enemies":"3 Byrds","floor":18,"turns":4},{"damage":0,"enemies":"2 Thieves","floor":20,"turns":2},{"damage":15,"enemies":"Centurion and Healer","floor":21,"turns":4},{"damage":23,"enemies":"Snake Plant","floor":22,"turns":5},{"damage":29,"enemies":"Snecko","floor":24,"turns":4},{"damage":0,"enemies":"Chosen and Byrds","floor":28,"turns":6},{"damage":0,"enemies":"Sentry and Sphere","floor":29,"turns":3},{"damage":6,"enemies":"Snake Plant","floor":31,"turns":5},{"damage":28,"enemies":"Champ","floor":33,"turns":14},{"damage":14,"enemies":"3 Darklings","floor":35,"turns":6},{"damage":2,"enemies":"Orb Walker","floor":37,"turns":5},{"damage":7,"enemies":"Jaw Worm Horde","floor":38,"turns":5},{"damage":1,"enemies":"Nemesis","floor":42,"turns":5},{"damage":22,"enemies":"Giant Head","floor":48,"turns":9},{"damage":78,"enemies":"Time Eater","floor":50,"turns":9}],"seed_played":"-6896710098293233739","potions_obtained":[{"floor":1.0,"key":"EssenceOfSteel"},{"floor":4.0,"key":"Swift Potion"},{"floor":7.0,"key":"Explosive Potion"},{"floor":12.0,"key":"Weak Potion"},{"floor":16.0,"key":"CultistPotion"},{"floor":20,"key":"FearPotion"},{"floor":22,"key":"Explosive Potion"},{"floor":29,"key":"LiquidMemories"},{"floor":33,"key":"SneckoOil"},{"floor":37,"key":"Ambrosia"},{"floor":48,"key":"SmokeBomb"}],"is_trial":false,"path_per_floor":["M","?","?","M","M","R","E","R","T","E","M","M","?","E","R","B",null,"M","?","M","M","M","R","M","R","T","R","M","M","?","M","R","B",null,"M","$","M","M","T","R","?","E","T","R","T","?","T","E","R","B"],"character_chosen":"WATCHER","items_purchased":["Membership Card","Juzu Bracelet","Pen Nib","Block Potion","Block Potion","Secret Weapon"],"campfire_rested":5,"item_purchase_floors":[36,36,36,36,36,36],"current_hp_per_floor":[72,54,54,54,54,54,51,51,51,36,29,29,22,22,22,10,57,57,57,57,42,19,40,11,32,32,32,32,32,32,26,47,44,65,51,51,49,42,42,42,42,41,41,62,62,62,62,40,61,0,0],"gold":671,"neow_bonus":"THREE_RARE_CARDS","is_daily":false,"chose_seed":false,"campfire_upgraded":4,"win_rate":0.0,"timestamp":1613780486,"path_taken":["M","?","?","?","M","R","E","R","T","E","M","M","?","E","R","BOSS","M","?","M","M","M","R","M","R","T","R","M","M","?","M","R","BOSS","M","$","M","M","?","R","?","E","T","R","?","?","?","E","R","BOSS"],"items_purchased_type":["Relic","Relic","Relic","Potion","Potion","Card"],"build_version":"2020-12-22","purchased_purges":1,"victory":false,"max_hp_per_floor":[72,72,72,72,72,72,72,72,72,72,72,72,72,72,72,72,72,72,72,72,72,72,72,72,72,72,72,72,72,72,72,72,72,72,72,72,72,72,72,72,72,72,72,72,72,72,72,72,72,72,72],"card_choices":[{"not_picked":["MasterReality","DeusExMachina"],"picked":"Judgement","floor":0.0},{"not_picked":["WaveOfTheHand","WreathOfFlame"],"picked":"Wireheading","floor":1.0},{"not_picked":["EmptyFist","Indignation"],"picked":"FlurryOfBlows","floor":4.0},{"not_picked":["JustLucky","Crescendo"],"picked":"CutThroughFate","floor":5.0},{"not_picked":["JustLucky","InnerPeace","Crescendo"],"picked":"SKIP","floor":7.0},{"not_picked":["Prostrate","Consecrate"],"picked":"Nirvana","floor":10.0},{"not_picked":["Establishment","FollowUp"],"picked":"Evaluate","floor":11.0},{"not_picked":["Halt","Crescendo"],"picked":"ThirdEye","floor":12.0},{"not_picked":["Perseverance","Crescendo","ClearTheMind"],"picked":"SKIP","floor":14.0},{"not_picked":["Blasphemy","DeusExMachina"],"picked":"LessonLearned","floor":16.0},{"not_picked":[],"picked":"Consecrate+1","floor":18},{"not_picked":["Vengeance"],"picked":"SKIP","floor":20},{"not_picked":["Vengeance"],"picked":"SKIP","floor":21},{"not_picked":["Fasting2"],"picked":"SKIP","floor":22},{"not_picked":["SashWhip"],"picked":"SKIP","floor":24},{"not_picked":["FlyingSleeves"],"picked":"SKIP","floor":28},{"not_picked":["WheelKick"],"picked":"SKIP","floor":29},{"not_picked":["JustLucky"],"picked":"SKIP","floor":31},{"not_picked":[],"picked":"ConjureBlade","floor":33},{"not_picked":[],"picked":"MentalFortress","floor":35},{"not_picked":[],"picked":"ClearTheMind+1","floor":37},{"not_picked":["SashWhip"],"picked":"SKIP","floor":38},{"not_picked":["Sanctity+1"],"picked":"SKIP","floor":42},{"not_picked":[],"picked":"Sanctity+1","floor":42},{"not_picked":["Evaluate"],"picked":"SKIP","floor":48}],"player_experience":287724,"relics_obtained":[{"floor":7.0,"key":"Tiny Chest"},{"floor":9.0,"key":"PreservedInsect"},{"floor":10.0,"key":"Centennial Puzzle"},{"floor":14.0,"key":"War Paint"},{"floor":26,"key":"Pantograph"},{"floor":26,"key":"Oddly Smooth Stone"},{"floor":39,"key":"Bag of Preparation"},{"floor":42,"key":"Bottled Tornado"},{"floor":43,"key":"Orichalcum"},{"floor":45,"key":"Ornamental Fan"},{"floor":47,"key":"Nunchaku"},{"floor":48,"key":"Yang"}],"event_choices":[{"damage_healed":0.0,"max_hp_gain":0.0,"max_hp_loss":0.0,"gold_gain":0.0,"event_name":"Golden Idol","player_choice":"Take Damage","floor":2.0,"gold_loss":0.0,"damage_taken":18.0,"relics_obtained":["Golden Idol"]},{"damage_healed":0.0,"max_hp_gain":0.0,"max_hp_loss":0.0,"gold_gain":0.0,"event_name":"FaceTrader","player_choice":"Trade","floor":3.0,"gold_loss":0.0,"damage_taken":0.0,"relics_obtained":["GremlinMask"]},{"damage_healed":0.0,"max_hp_gain":0.0,"max_hp_loss":0.0,"gold_gain":0.0,"event_name":"Scrap Ooze","player_choice":"Success","floor":13.0,"gold_loss":0.0,"damage_taken":7.0,"relics_obtained":["Sundial"]},{"damage_healed":0,"gold_gain":0,"player_choice":"Opened","damage_taken":0,"relics_obtained":["Matryoshka"],"max_hp_gain":0,"max_hp_loss":0,"event_name":"The Mausoleum","floor":19,"gold_loss":0},{"cards_removed":["Strike_P"],"damage_healed":0,"gold_gain":0,"player_choice":"Gave Gold","damage_taken":0,"max_hp_gain":0,"max_hp_loss":0,"event_name":"Beggar","floor":30,"gold_loss":75},{"cards_removed":["CutThroughFate"],"damage_healed":0,"gold_gain":0,"player_choice":"Removed Attack","damage_taken":0,"max_hp_gain":0,"max_hp_loss":0,"event_name":"Falling","floor":41,"gold_loss":0},{"damage_healed":0,"gold_gain":333,"player_choice":"Gave Idol","damage_taken":0,"max_hp_gain":0,"max_hp_loss":0,"event_name":"The Moai Head","floor":46,"relics_lost":["Golden Idol"],"gold_loss":0}],"is_beta":false,"boss_relics":[{"not_picked":["SacredBark","Snecko Eye"],"picked":"Busted Crown"},{"not_picked":["HolyWater","Pandora\u0027s Box"],"picked":"VioletLotus"}],"items_purged_floors":[36],"is_endless":false,"potions_floor_spawned":[1,4,7,12,16,20,22,29,33,37,48],"killed_by":"Time Eater","ascension_level":5}}