{"host":"ssqg06p4hogpulti","time":1613859063,"event":{"mods":["BaseMod","Dio Mod","Minty Spire (QoL Compilation)","Robot Space Explorer","Shedinja","Somnambulant","StSLib","The Alterego","The Dragon Tamer"],"gold_per_floor":[111,186,186,186,204,237,237,237,260,260,264,264],"floor_reached":11,"language":"SPA","playtime":214,"items_purged":[],"score":94,"play_id":"25ab67c4-c623-4a39-b268-a6fec3fa1f6f","local_time":"20210220231103","is_ascension_mode":false,"campfire_choices":[{"data":"Shedinja:Thief","floor":7,"key":"SMITH"},{"data":"Shedinja:Substitute","floor":10,"key":"SMITH"}],"circlet_count":0,"master_deck":["Shedinja:Scratch","Shedinja:Scratch","Shedinja:Scratch","Shedinja:Scratch","Shedinja:Scratch","Shedinja:Endure","Shedinja:Endure","Shedinja:Endure","Shedinja:Endure","Shedinja:Endure","Shedinja:FocusSash","Shedinja:FocusSash","Shedinja:RockyHelmet","Burn","Shedinja:WillOWisp","Shedinja:Thief+1","Shedinja:WillOWisp","Shedinja:ConfuseRay","Shedinja:ShadowBall","Shedinja:Agility","Shedinja:Substitute+1"],"relics":["Shedinja:WonderGuard","NeowsBlessing","Shedinja:ExtraMaxHp","Potion Belt","Smiling Mask"],"acts_visited":["Exordium"],"potions_floor_usage":[],"damage_taken":[{"damage":0,"enemies":"Cultist","floor":1,"turns":1},{"damage":0,"enemies":"Jaw Worm","floor":5,"turns":1},{"damage":0,"enemies":"Lagavulin","floor":6,"turns":2},{"damage":0,"enemies":"Gremlin Nob","floor":11,"turns":5}],"seed_played":"-7716978360844576900","potions_obtained":[{"floor":5,"key":"SpeedPotion"}],"is_trial":false,"path_per_floor":["M","?","?","?","M","E","R","?","T","R","E"],"character_chosen":"THE_DEFAULT","items_purchased":[],"campfire_rested":0,"item_purchase_floors":[],"current_hp_per_floor":[1,1,1,1,1,1,1,1,1,1,1,1],"gold":264,"neow_bonus":"THREE_ENEMY_KILL","is_daily":false,"chose_seed":false,"campfire_upgraded":2,"win_rate":0.0,"timestamp":1613859063,"path_taken":["M","?","?","?","M","E","R","?","T","R","E"],"items_purchased_type":[],"build_version":"2020-12-22","purchased_purges":0,"victory":false,"max_hp_per_floor":[1,1,1,1,1,1,1,1,1,1,1,1],"card_choices":[{"not_picked":["Shedinja:Mimic","Shedinja:Absorb"],"picked":"Shedinja:RockyHelmet","floor":1},{"not_picked":["Shedinja:StruggleBug","Shedinja:ShadowSneak"],"picked":"Shedinja:Agility","floor":5},{"not_picked":["Shedinja:WillOWisp","Shedinja:ShadowSneak"],"picked":"Shedinja:Substitute","floor":6}],"player_experience":289485,"relics_obtained":[{"floor":6,"key":"Potion Belt"},{"floor":9,"key":"Smiling Mask"}],"event_choices":[],"is_beta":false,"boss_relics":[],"items_purged_floors":[],"is_endless":false,"potions_floor_spawned":[5],"killed_by":"Gremlin Nob","ascension_level":0}}