{"host":"9b7hrp48q3pna783","time":1613853191,"event":{"mods":["BaseMod","Colored Map","Colored Powertips","Highlight Path","Minty Spire (QoL Compilation)","Relic Stats"],"gold_per_floor":[114,289,289,303,320,349,349,361,387,412,439,450,450,466,466,564,564,577,577,577,602,622,622,547,547,547,574,592,592,592,592],"floor_reached":30,"language":"ENG","playtime":4977,"items_purged":[],"score":284,"play_id":"13d406bd-9b05-452d-a4a5-36183248e536","local_time":"20210220153311","is_ascension_mode":true,"campfire_choices":[{"data":"Zap","floor":7,"key":"SMITH"},{"data":"Doom and Gloom","floor":13,"key":"SMITH"},{"floor":15,"key":"REST"},{"data":"Chaos","floor":23,"key":"SMITH"},{"data":"Leap","floor":25,"key":"SMITH"},{"data":"Darkness","floor":29,"key":"SMITH"}],"circlet_count":0,"master_deck":["Strike_B","Strike_B","Defend_B+1","Defend_B","Defend_B","Zap+1","Dualcast+1","Ball Lightning","Leap+1","Doom and Gloom+1","Chaos+1","Multi-Cast","Static Discharge","Trip","Leap+1","Darkness+1"],"relics":["Empty Cage","War Paint","Anchor","Juzu Bracelet","Philosopher\u0027s Stone","Red Mask","Ancient Tea Set","Mummified Hand"],"acts_visited":["Exordium","TheCity"],"potions_floor_usage":[5,10,16,18],"damage_taken":[{"damage":2,"enemies":"2 Louse","floor":1,"turns":4},{"damage":9,"enemies":"Jaw Worm","floor":4,"turns":3},{"damage":12,"enemies":"Small Slimes","floor":5,"turns":3},{"damage":31,"enemies":"Lagavulin","floor":6,"turns":6},{"damage":6,"enemies":"Gremlin Gang","floor":8,"turns":5},{"damage":13,"enemies":"Gremlin Nob","floor":10,"turns":3},{"damage":0,"enemies":"Exordium Wildlife","floor":12,"turns":3},{"damage":3,"enemies":"3 Louse","floor":14,"turns":3},{"damage":18,"enemies":"Slime Boss","floor":16,"turns":7},{"damage":21,"enemies":"3 Byrds","floor":18,"turns":3},{"damage":28,"enemies":"Masked Bandits","floor":21,"turns":3},{"damage":0,"enemies":"Spheric Guardian","floor":22,"turns":3},{"damage":18,"enemies":"Book of Stabbing","floor":27,"turns":5},{"damage":5,"enemies":"Cultist and Chosen","floor":28,"turns":4},{"damage":19,"enemies":"Centurion and Healer","floor":30,"turns":4}],"seed_played":"5431831115007518023","potions_obtained":[{"floor":4,"key":"Fruit Juice"},{"floor":8,"key":"Fire Potion"},{"floor":12,"key":"Explosive Potion"},{"floor":16,"key":"PowerPotion"},{"floor":22,"key":"Dexterity Potion"}],"is_trial":false,"path_per_floor":["M","?","?","M","M","E","R","M","T","E","T","M","R","M","R","B",null,"M","?","?","?","M","R","?","R","T","E","M","R","M"],"character_chosen":"DEFECT","items_purchased":[],"campfire_rested":1,"item_purchase_floors":[],"current_hp_per_floor":[73,73,78,69,62,31,31,25,25,12,12,12,12,9,34,16,85,64,64,64,36,36,36,36,36,36,18,13,13,0,0],"gold":592,"neow_bonus":"BOSS_RELIC","is_daily":false,"chose_seed":false,"campfire_upgraded":5,"win_rate":0.0,"timestamp":1613853191,"path_taken":["M","?","?","M","M","E","R","M","T","E","?","M","R","M","R","BOSS","M","?","?","?","M","R","?","R","T","E","M","R","M"],"items_purchased_type":[],"build_version":"2020-12-22","purchased_purges":0,"victory":false,"max_hp_per_floor":[75,75,80,80,85,85,85,85,85,85,85,85,85,85,85,85,85,85,85,85,85,85,85,85,85,85,85,85,85,85,85],"relic_stats":{"counters":[15,59],"Mummified Hand":[2],"Juzu Bracelet":1,"War Paint":["Defend_B","Dualcast"],"obtain_stats":[{"Anchor":9,"Mummified Hand":27,"Philosopher\u0027s Stone":17,"Juzu Bracelet":10,"Red Mask":21,"War Paint":6,"Cracked Core":0,"Empty Cage":0,"Ancient Tea Set":26},{"Anchor":5,"Mummified Hand":13,"Philosopher\u0027s Stone":9,"Juzu Bracelet":6,"Red Mask":11,"War Paint":4,"Cracked Core":0,"Empty Cage":0,"Ancient Tea Set":12},{"Anchor":21,"Mummified Hand":51,"Philosopher\u0027s Stone":37,"Juzu Bracelet":24,"Red Mask":43,"War Paint":16,"Cracked Core":0,"Empty Cage":0,"Ancient Tea Set":46}]},"card_choices":[{"not_picked":["Redo","Stack","Hologram"],"picked":"SKIP","floor":1},{"not_picked":["Storm","Conserve Battery","Heatsinks"],"picked":"SKIP","floor":4},{"not_picked":["Scrape","Go for the Eyes"],"picked":"Ball Lightning","floor":5},{"not_picked":["Gash","Ball Lightning"],"picked":"Leap","floor":6},{"not_picked":["Heatsinks","Leap","Gash"],"picked":"SKIP","floor":8},{"not_picked":["Sweeping Beam","Scrape"],"picked":"Doom and Gloom","floor":10},{"not_picked":["Streamline","Compile Driver"],"picked":"Chaos","floor":12},{"not_picked":["Rebound","Hologram","Biased Cognition"],"picked":"SKIP","floor":14},{"not_picked":["Fission","Biased Cognition"],"picked":"Multi-Cast","floor":16},{"not_picked":["Rebound+1","Steam"],"picked":"Static Discharge","floor":18},{"not_picked":["Tempest","Compile Driver"],"picked":"Leap+1","floor":21},{"not_picked":["Force Field+1","Cold Snap","Gash"],"picked":"SKIP","floor":22},{"not_picked":["Rebound","Leap+1","Reprogram"],"picked":"SKIP","floor":27},{"not_picked":["Streamline","Static Discharge"],"picked":"Darkness","floor":28}],"player_experience":165475,"relics_obtained":[{"floor":6,"key":"War Paint"},{"floor":9,"key":"Anchor"},{"floor":10,"key":"Juzu Bracelet"},{"floor":21,"key":"Red Mask"},{"floor":26,"key":"Ancient Tea Set"},{"floor":27,"key":"Mummified Hand"}],"event_choices":[{"damage_healed":0,"gold_gain":175,"player_choice":"AGREE","damage_taken":0,"max_hp_gain":0,"max_hp_loss":0,"event_name":"Liars Game","floor":2,"gold_loss":0,"cards_obtained":["Doubt"]},{"damage_healed":0,"gold_gain":0,"player_choice":"Donut","damage_taken":0,"max_hp_gain":5,"max_hp_loss":0,"event_name":"Big Fish","floor":3,"gold_loss":0},{"cards_removed":["Doubt"],"damage_healed":0,"gold_gain":0,"player_choice":"Elegance","damage_taken":0,"max_hp_gain":0,"max_hp_loss":0,"event_name":"Back to Basics","floor":19,"gold_loss":0},{"damage_healed":0,"gold_gain":0,"player_choice":"1 cards matched","damage_taken":0,"max_hp_gain":0,"max_hp_loss":0,"event_name":"Match and Keep!","floor":20,"gold_loss":0,"cards_obtained":["Trip"]},{"damage_healed":0,"gold_gain":0,"player_choice":"Fought Bandits","damage_taken":0,"max_hp_gain":0,"max_hp_loss":0,"event_name":"Masked Bandits","floor":21,"gold_loss":0},{"cards_removed":["Strike_B"],"damage_healed":0,"gold_gain":0,"player_choice":"Gave Gold","damage_taken":0,"max_hp_gain":0,"max_hp_loss":0,"event_name":"Beggar","floor":24,"gold_loss":75}],"is_beta":false,"boss_relics":[{"not_picked":["SlaversCollar","Busted Crown"],"picked":"Philosopher\u0027s Stone"}],"items_purged_floors":[],"is_endless":false,"potions_floor_spawned":[4,8,12,16,22],"killed_by":"Centurion and Healer","ascension_level":2}}