{"host":"tubmkv2g6v9d0kjw","time":1613815544,"event":{"mods":["2.2 Compatiblity","BaseMod","Conspire","Downfall","Hubris","Minty Spire (QoL Compilation)","Relic Stats","Spire Arcade","StSLib"],"gold_per_floor":[99,99,99,49,49,49,49,87,79,79,120,120,173,94,113,223,223,123,143,182,182,182,223,523,416,416,458,458,458,480,502,525,537,537,537],"floor_reached":33,"language":"ENG","playtime":1834,"items_purged":["hexamod:Strike","hexamod:FirstSeal"],"score":331,"play_id":"3a573c81-2f72-490b-a29c-faf03a104296","local_time":"20210220040544","is_ascension_mode":false,"campfire_choices":[{"data":"hexamod:Float","floor":1,"key":"SMITH"},{"data":"hexamod:ForkedFlame","floor":10,"key":"SMITH"},{"data":"hexamod:HauntingEcho","floor":12,"key":"SMITH"},{"data":"hexamod:GhostflameInferno","floor":18,"key":"SMITH"},{"data":"hexamod:Again","floor":28,"key":"SMITH"}],"circlet_count":0,"master_deck":["hexamod:Strike","hexamod:Defend","hexamod:Defend","hexamod:Defend","hexamod:Sear+1","hexamod:Float+1","hexamod:HauntingEcho+1","conspire:SpireCoStock","hexamod:BacktrackSmack","hexamod:ForkedFlame+1","hexamod:SecondSeal","hexamod:FirstSeal","hexamod:Hexaguard","hexamod:GhostShield","hexamod:GhostflameInferno+1","hexamod:EtherealExpedition+1","hexamod:PowerFromBeyond+1","hexamod:SpectralAdrenaline+1","hexamod:CatchUp","Necronomicurse","hexamod:NightmareGuise+1","hexamod:Again+1","downfall:Bewildered","hexamod:SwordOfDarkness+1","hexamod:AdvancingGuard+1"],"relics":["hexamod:SpiritBrand","downfall:HeartsMalice","Regal Pillow","hubris:GlazedTorus","Astrolabe","downfall:HeartBlessingGreen","Necronomicon","hubris:BottledHeart","Pen Nib","Old Coin","Smiling Mask","hubris:TenFootPole","sneckomod:BabySnecko"],"acts_visited":["Exordium","TheCity"],"potions_floor_usage":[11,15,20,31],"damage_taken":[{"damage":0,"enemies":"2 Louse","floor":2,"turns":1},{"damage":0,"enemies":"Jaw Worm","floor":5,"turns":1},{"damage":0,"enemies":"Small Slimes","floor":6,"turns":1},{"damage":0,"enemies":"downfall:LooterAlt","floor":8,"turns":3},{"damage":9,"enemies":"3 Louse","floor":11,"turns":5},{"damage":27,"enemies":"3 Sentries","floor":13,"turns":8},{"damage":0,"enemies":"downfall:FleeingMerchant","floor":14,"turns":4},{"damage":7,"enemies":"2 Fungi Beasts","floor":15,"turns":3},{"damage":23,"enemies":"SI_SHIV_ARCHETYPE","floor":16,"turns":10},{"damage":16,"enemies":"downfall:LooterAlt2","floor":19,"turns":5},{"damage":3,"enemies":"Chosen","floor":20,"turns":4},{"damage":0,"enemies":"Gremlin Leader","floor":23,"turns":6},{"damage":0,"enemies":"downfall:FleeingMerchant","floor":25,"turns":4},{"damage":0,"enemies":"Book of Stabbing","floor":27,"turns":6},{"damage":0,"enemies":"Shelled Parasite and Fungi","floor":30,"turns":5},{"damage":0,"enemies":"3 Cultists","floor":31,"turns":4},{"damage":0,"enemies":"Centurion and Healer","floor":32,"turns":6},{"damage":1,"enemies":"WA_ARCHETYPE_CALM","floor":33,"turns":5}],"seed_played":"4027814043001496726","potions_obtained":[{"floor":8,"key":"Fire Potion"},{"floor":13,"key":"SkillPotion"},{"floor":15,"key":"SteroidPotion"},{"floor":16,"key":"GamblersBrew"},{"floor":23,"key":"Explosive Potion"},{"floor":30,"key":"sneckomod:MuddlingPotion"},{"floor":31,"key":"Dexterity Potion"}],"is_trial":false,"path_per_floor":["R","M","?","?","M","M","T","M","?","R","M","R","E","$","M","B",null,"R","M","M","?","?","E","T","$","?","E","R","?","M","M","M","B"],"character_chosen":"THE_SPIRIT","items_purchased":[],"campfire_rested":0,"item_purchase_floors":[],"current_hp_per_floor":[70,70,70,70,70,70,70,70,63,63,61,61,48,62,69,60,70,70,68,70,54,1,1,1,1,1,1,1,1,1,1,1,0,0,0],"gold":537,"neow_bonus":"THREE_ENEMY_KILL","is_daily":false,"chose_seed":false,"campfire_upgraded":5,"win_rate":0.0,"timestamp":1613815544,"path_taken":["R","M","?","?","M","M","T","M","?","R","M","R","E","?","M","BOSS","R","M","M","?","?","E","T","$","?","E","R","?","M","M","M","BOSS"],"items_purchased_type":[],"build_version":"2020-12-22","purchased_purges":2,"victory":false,"max_hp_per_floor":[70,70,70,70,70,70,70,70,70,70,70,70,70,70,70,70,70,70,70,70,70,1,1,1,1,1,1,1,1,1,1,1,1,1,1],"relic_stats":{"Regal Pillow":0,"counters":[18,78],"Astrolabe":["hexamod:EtherealExpedition","hexamod:PowerFromBeyond","hexamod:SpectralAdrenaline"],"Pen Nib":[3],"Necronomicon":[2],"Smiling Mask":0,"obtain_stats":[{"Regal Pillow":7,"Astrolabe":17,"downfall:HeartsMalice":0,"downfall:HeartBlessingGreen":18,"Pen Nib":23,"Smiling Mask":26,"Old Coin":24,"sneckomod:BabySnecko":29,"hubris:BottledHeart":22,"Necronomicon":21,"hubris:TenFootPole":27,"hexamod:SpiritBrand":0,"hubris:GlazedTorus":13},{"Regal Pillow":3,"Astrolabe":9,"downfall:HeartsMalice":0,"downfall:HeartBlessingGreen":9,"Pen Nib":12,"Smiling Mask":13,"Old Coin":12,"sneckomod:BabySnecko":14,"hubris:BottledHeart":11,"Necronomicon":11,"hubris:TenFootPole":14,"hexamod:SpiritBrand":0,"hubris:GlazedTorus":6},{"Regal Pillow":0,"Astrolabe":33,"downfall:HeartsMalice":0,"downfall:HeartBlessingGreen":33,"Pen Nib":48,"Smiling Mask":52,"Old Coin":48,"sneckomod:BabySnecko":58,"hubris:BottledHeart":42,"Necronomicon":42,"hubris:TenFootPole":58,"hexamod:SpiritBrand":0,"hubris:GlazedTorus":16}]},"card_choices":[{"not_picked":["hexamod:NightmareStrike","hexamod:DynamicBlow"],"picked":"hexamod:HauntingEcho","floor":2},{"not_picked":["hexamod:FastForward","hexamod:SwordOfDarkness"],"picked":"hexamod:BacktrackSmack","floor":5},{"not_picked":["hexamod:EmpoweredFlame","hexamod:BurningTouch"],"picked":"hexamod:ForkedFlame","floor":6},{"not_picked":["hexamod:SuperheatedStrike","hexamod:ShieldOfDarkness","hexamod:Firestarter"],"picked":"SKIP","floor":8},{"not_picked":["hexamod:Incineration","hexamod:RainOfEmbers"],"picked":"hexamod:FirstSeal","floor":11},{"not_picked":["hexamod:NightmareGuise","hexamod:PhantomCloak","hexamod:ThermalTransfer"],"picked":"SKIP","floor":13},{"not_picked":["hexamod:SuperheatedStrike","hexamod:SwordOfDarkness"],"picked":"hexamod:Hexaguard","floor":14},{"not_picked":["hexamod:SuperheatedStrike","hexamod:HeatCrush"],"picked":"hexamod:GhostShield","floor":15},{"not_picked":["hexamod:ApocalypseNow","hexamod:SearingWound"],"picked":"hexamod:GhostflameInferno","floor":16},{"not_picked":["hexamod:RetreatToShadows","hexamod:SuperheatedStrike"],"picked":"hexamod:CatchUp","floor":19},{"not_picked":["hexamod:ShieldOfDarkness","hexamod:RetreatToShadows","hexamod:HeatMetal+1"],"picked":"SKIP","floor":20},{"not_picked":["hexamod:Haunt","hexamod:CatchUp","hexamod:NecessarySacrifice"],"picked":"SKIP","floor":23},{"not_picked":["hexamod:RainOfEmbers+1","hexamod:BurningTouch+1"],"picked":"hexamod:NightmareGuise+1","floor":25},{"not_picked":["hexamod:RainOfEmbers+1","hexamod:ThermalTransfer"],"picked":"hexamod:Again","floor":27},{"not_picked":["hexamod:GhostShield","hexamod:GhostflameBarrier+1"],"picked":"hexamod:SwordOfDarkness+1","floor":30},{"not_picked":["hexamod:GhostOfSpireFuture","hexamod:FastForward"],"picked":"hexamod:AdvancingGuard+1","floor":31},{"not_picked":["hexamod:BurningTouch","hexamod:SpectralSpark","hexamod:ShieldOfDarkness"],"picked":"SKIP","floor":32}],"player_experience":551896,"relics_obtained":[{"floor":7,"key":"Regal Pillow"},{"floor":13,"key":"hubris:GlazedTorus"},{"floor":21,"key":"Necronomicon"},{"floor":23,"key":"Pen Nib"},{"floor":24,"key":"Old Coin"},{"floor":27,"key":"hubris:TenFootPole"}],"event_choices":[{"damage_healed":0,"gold_gain":0,"player_choice":"Invest 1","damage_taken":0,"max_hp_gain":0,"max_hp_loss":0,"event_name":"conspire:Investor","floor":4,"gold_loss":0}],"is_beta":false,"boss_relics":[{"not_picked":["hubris:Stopwatch","conspire:RoyalGoblet"],"picked":"Astrolabe"}],"items_purged_floors":[14,25],"is_endless":false,"potions_floor_spawned":[8,13,15,16,23,30,31],"killed_by":"WA_ARCHETYPE_CALM","ascension_level":0}}