{"host":"guk5h31bsklpp7e4","time":1613857300,"event":{"mods":["AchievementEnabler","BaseMod","Colored Map","Colored Powertips","Highlight Path","Minty Spire (QoL Compilation)","Quick Restart","Rare Cards Sparkle"],"gold_per_floor":[119,119,133,4,19,19,32,46,46,77,77,90,90,102,102,204,254,265,265,277,327,170,170,188,207,207,207,218,218,235,235,235,331,331,347,347,104,104,123,83,83,93,119,139,139,9,9,22,22,22,22],"floor_reached":50,"language":"ENG","playtime":3279,"items_purged":["Writhe","Strike_B"],"score":670,"play_id":"5b3b9039-4fda-4373-b43d-5c4a2715928b","local_time":"20210220164140","is_ascension_mode":true,"campfire_choices":[{"data":"Fusion","floor":6,"key":"SMITH"},{"floor":11,"key":"REST"},{"floor":13,"key":"REST"},{"data":"Turbo","floor":15,"key":"SMITH"},{"floor":23,"key":"REST"},{"floor":27,"key":"REST"},{"floor":29,"key":"REST"},{"floor":32,"key":"REST"},{"floor":41,"key":"REST"},{"floor":45,"key":"REST"},{"data":"Storm","floor":47,"key":"SMITH"},{"floor":49,"key":"REST"}],"circlet_count":0,"master_deck":["Strike_B","Strike_B","Defend_B","Defend_B","Defend_B","Zap","Dualcast","Stack","Skim","Fusion+1","Undo","Turbo+1","Ball Lightning","Doom and Gloom+1","Genetic Algorithm","Seek+1","Reinforced Body","Redo","Echo Form","Rebound","Doom and Gloom","Loop","Capacitor","Reboot","Skim+1","Ball Lightning","Storm+1","Electrodynamics+1","Genetic Algorithm","Compile Driver","Storm","Parasite","Ball Lightning","Steam"],"relics":["Cracked Core","Kunai","Darkstone Periapt","Tiny House","Orichalcum","Bottled Tornado","Busted Crown","Happy Flower","MealTicket"],"acts_visited":["Exordium","TheCity","TheBeyond"],"potions_floor_usage":[10,16,16,16,18,25,30,33,44,50,50],"damage_taken":[{"damage":0,"enemies":"2 Louse","floor":1,"turns":3},{"damage":4,"enemies":"Cultist","floor":3,"turns":4},{"damage":11,"enemies":"Jaw Worm","floor":5,"turns":4},{"damage":2,"enemies":"2 Fungi Beasts","floor":7,"turns":3},{"damage":11,"enemies":"Exordium Thugs","floor":8,"turns":4},{"damage":30,"enemies":"3 Sentries","floor":10,"turns":5},{"damage":0,"enemies":"3 Louse","floor":12,"turns":3},{"damage":0,"enemies":"Large Slime","floor":14,"turns":6},{"damage":0,"enemies":"Slime Boss","floor":16,"turns":6},{"damage":18,"enemies":"Shell Parasite","floor":18,"turns":6},{"damage":18,"enemies":"Spheric Guardian","floor":20,"turns":5},{"damage":16,"enemies":"Centurion and Healer","floor":24,"turns":6},{"damage":25,"enemies":"Snecko","floor":25,"turns":6},{"damage":30,"enemies":"3 Cultists","floor":28,"turns":6},{"damage":7,"enemies":"Cultist and Chosen","floor":30,"turns":4},{"damage":1,"enemies":"Automaton","floor":33,"turns":10},{"damage":24,"enemies":"3 Darklings","floor":35,"turns":4},{"damage":24,"enemies":"Orb Walker","floor":39,"turns":5},{"damage":16,"enemies":"Jaw Worm Horde","floor":42,"turns":2},{"damage":2,"enemies":"Writhing Mass","floor":44,"turns":4},{"damage":8,"enemies":"4 Shapes","floor":48,"turns":4},{"damage":48,"enemies":"Awakened One","floor":50,"turns":3}],"seed_played":"4447117525000497005","potions_obtained":[{"floor":1,"key":"PowerPotion"},{"floor":7,"key":"EntropicBrew"},{"floor":8,"key":"ColorlessPotion"},{"floor":16,"key":"FairyPotion"},{"floor":17,"key":"LiquidBronze"},{"floor":24,"key":"PowerPotion"},{"floor":30,"key":"DuplicationPotion"},{"floor":39,"key":"FocusPotion"},{"floor":42,"key":"SkillPotion"}],"is_trial":false,"path_per_floor":["M","?","M","$","M","R","M","M","T","E","R","M","R","M","R","B",null,"M","?","M","?","$","R","M","M","T","R","M","R","M","?","R","B",null,"M","?","$","?","M","?","R","M","T","M","R","$","R","M","R","B"],"character_chosen":"DEFECT","items_purchased":["Turbo","Ball Lightning","Doom and Gloom","Capacitor","Happy Flower","Regen Potion","Ball Lightning"],"campfire_rested":9,"item_purchase_floors":[4,4,4,22,37,46,46],"current_hp_per_floor":[68,68,64,64,53,53,51,40,40,10,30,30,50,50,50,50,69,51,57,39,39,39,62,46,21,21,44,14,37,30,30,53,52,72,48,48,48,48,24,24,47,31,31,35,60,75,75,67,85,42,42],"gold":22,"neow_bonus":"TRANSFORM_TWO_CARDS","is_daily":false,"chose_seed":false,"campfire_upgraded":3,"win_rate":0.0,"timestamp":1613857300,"path_taken":["M","?","M","$","M","R","M","?","T","E","R","?","R","M","R","BOSS","M","?","M","?","$","R","M","?","T","R","M","R","M","?","R","BOSS","M","?","$","?","?","?","R","?","T","M","R","$","R","M","R","BOSS"],"items_purchased_type":["Card","Card","Card","Card","Relic","Potion","Card"],"build_version":"2020-12-22","purchased_purges":2,"victory":false,"max_hp_per_floor":[68,68,68,68,68,68,68,68,68,68,68,68,68,68,68,68,73,73,79,79,79,79,79,79,79,79,79,79,79,79,79,79,79,79,79,79,79,79,79,79,79,79,79,85,85,85,85,85,85,85,85],"card_choices":[{"not_picked":["Steam","Cold Snap"],"picked":"Fusion","floor":1},{"not_picked":["Cold Snap","Go for the Eyes"],"picked":"Undo","floor":3},{"not_picked":["Gash","Aggregate"],"picked":"Genetic Algorithm","floor":5},{"not_picked":["Barrage","Rebound"],"picked":"Seek","floor":7},{"not_picked":["Conserve Battery","Streamline","Beam Cell"],"picked":"SKIP","floor":8},{"not_picked":["Go for the Eyes","Leap"],"picked":"Reinforced Body","floor":10},{"not_picked":["Force Field","Skim","Beam Cell"],"picked":"SKIP","floor":12},{"not_picked":["Cold Snap","Beam Cell"],"picked":"Redo","floor":14},{"not_picked":["Machine Learning","Buffer"],"picked":"Echo Form","floor":16},{"not_picked":["Beam Cell","Cold Snap"],"picked":"Rebound","floor":17},{"not_picked":["Steam","Hologram"],"picked":"Doom and Gloom","floor":18},{"not_picked":["Barrage+1","Tempest"],"picked":"Loop","floor":20},{"not_picked":["Blizzard","Undo"],"picked":"Reboot","floor":24},{"not_picked":["Steam","Stack"],"picked":"Skim+1","floor":25},{"not_picked":["Steam","Barrage"],"picked":"Ball Lightning","floor":28},{"not_picked":["Beam Cell","Go for the Eyes+1"],"picked":"Storm","floor":30},{"not_picked":["Reboot","Buffer"],"picked":"Electrodynamics","floor":33},{"not_picked":["Heatsinks+1"],"picked":"SKIP","floor":35},{"not_picked":[],"picked":"Compile Driver","floor":39},{"not_picked":[],"picked":"Storm","floor":42},{"not_picked":["Redo"],"picked":"SKIP","floor":44},{"not_picked":[],"picked":"Steam","floor":48}],"player_experience":378961,"relics_obtained":[{"floor":9,"key":"Kunai"},{"floor":10,"key":"Darkstone Periapt"},{"floor":26,"key":"Bottled Tornado"},{"floor":43,"key":"MealTicket"}],"event_choices":[{"damage_healed":0,"gold_gain":0,"player_choice":"0 cards matched","damage_taken":0,"max_hp_gain":0,"max_hp_loss":0,"event_name":"Match and Keep!","floor":2,"gold_loss":0,"cards_obtained":[]},{"damage_healed":0,"gold_gain":0,"player_choice":"Opened","damage_taken":0,"relics_obtained":["Orichalcum"],"max_hp_gain":0,"max_hp_loss":0,"event_name":"The Mausoleum","floor":19,"gold_loss":0,"cards_obtained":["Writhe"]},{"damage_healed":0,"gold_gain":100,"player_choice":"Bet on Murderer","damage_taken":0,"max_hp_gain":0,"max_hp_loss":0,"event_name":"The Joust","floor":21,"gold_loss":50},{"damage_healed":0,"gold_gain":0,"player_choice":"Ignored","damage_taken":0,"max_hp_gain":0,"max_hp_loss":0,"event_name":"Cursed Tome","floor":31,"gold_loss":0},{"damage_healed":0,"gold_gain":0,"player_choice":"Memory 1","damage_taken":0,"max_hp_gain":0,"max_hp_loss":0,"event_name":"SensoryStone","floor":36,"gold_loss":0},{"damage_healed":0,"gold_gain":0,"player_choice":"Copied","damage_taken":0,"max_hp_gain":0,"max_hp_loss":0,"event_name":"Duplicator","floor":38,"gold_loss":0,"cards_obtained":["Genetic Algorithm"]},{"damage_healed":0,"gold_gain":0,"player_choice":"Upgraded Two","damage_taken":0,"max_hp_gain":0,"max_hp_loss":0,"event_name":"Designer","floor":40,"gold_loss":40,"cards_upgraded":["Seek","Electrodynamics"]}],"is_beta":false,"boss_relics":[{"not_picked":["Coffee Dripper","FrozenCore"],"picked":"Tiny House"},{"not_picked":["SacredBark","SlaversCollar"],"picked":"Busted Crown"}],"items_purged_floors":[22,37],"is_endless":false,"potions_floor_spawned":[1,7,8,16,24,30,39,42],"killed_by":"Awakened One","ascension_level":7}}