{"host":"64ub6hloe4gtkym4","time":1613845001,"event":{"mods":["AchievementEnabler","BaseMod","Colored Map","Colored Powertips","Googly Eyes","Hermit","Highlight Path","Hubris","Minty Spire (QoL Compilation)","Reliquary","Shop Mod","StSLib","The Construct","The Runesmith","The Servant 0.9.4"],"gold_per_floor":[115,115,126,143,161,161,161,12,12,12,22,22,38,54,54,153,153,139,238,238,156,156],"floor_reached":21,"language":"ENG","playtime":2577,"items_purged":[],"score":171,"play_id":"6a40b0b1-17a7-44eb-87a1-945f889ae522","local_time":"20210220181641","is_ascension_mode":false,"campfire_choices":[{"floor":6,"key":"REST"},{"data":"construct:ReactiveShield","floor":12,"key":"SMITH"},{"floor":15,"key":"REST"}],"circlet_count":0,"master_deck":["construct:Strike_Gold","construct:Strike_Gold","construct:Strike_Gold","construct:Strike_Gold","construct:Strike_Gold","construct:Defend_Gold","construct:Defend_Gold","construct:Defend_Gold","construct:Defend_Gold","construct:AttackMode","construct:DefenseMode","construct:SweepLaser","construct:Versatility","construct:Forcefield","construct:QuickAttack","construct:Zapper+1","construct:Reserves","construct:ReactiveShield+1","construct:ChargeShot","construct:GuardCore","construct:LongRangeLance","CurseOfTheBell","construct:Analyze","construct:OneWayMirror"],"relics":["construct:Cogwheel","NeowsBlessing","Ornamental Fan","Calling Bell","reliquary:Boomerang","reliquary:BoilingFlask","construct:BoolHorns"],"acts_visited":["Exordium","TheCity"],"potions_floor_usage":[20],"damage_taken":[{"damage":0,"enemies":"Small Slimes","floor":1,"turns":2},{"damage":0,"enemies":"Cultist","floor":3,"turns":1},{"damage":0,"enemies":"Jaw Worm","floor":4,"turns":1},{"damage":22,"enemies":"Large Slime","floor":5,"turns":11},{"damage":9,"enemies":"Exordium Thugs","floor":11,"turns":6},{"damage":19,"enemies":"Lots of Slimes","floor":13,"turns":5},{"damage":5,"enemies":"3 Louse","floor":14,"turns":4},{"damage":42,"enemies":"The Guardian","floor":16,"turns":14},{"damage":29,"enemies":"2 Thieves","floor":18,"turns":4},{"damage":0,"enemies":"Masked Bandits","floor":20,"turns":1},{"damage":60,"enemies":"hubris:Merchant","floor":21,"turns":7}],"seed_played":"-750558349242495018","potions_obtained":[{"floor":4,"key":"DistilledChaos"},{"floor":5,"key":"SneckoOil"},{"floor":10,"key":"SmokeBomb"},{"floor":18,"key":"LiquidBronze"}],"is_trial":false,"path_per_floor":["M","?","M","M","M","R","?","$","T","?","M","R","M","M","R","B",null,"M","?","?","$"],"character_chosen":"THE_CONSTRUCT_MOD","items_purchased":["construct:Reserves","construct:OneWayMirror"],"campfire_rested":2,"item_purchase_floors":[8,21],"current_hp_per_floor":[85,85,85,85,63,85,85,85,85,85,76,76,57,52,77,35,85,56,56,56,0,0],"gold":156,"neow_bonus":"THREE_ENEMY_KILL","is_daily":false,"chose_seed":false,"campfire_upgraded":1,"win_rate":0.0,"timestamp":1613845001,"path_taken":["M","?","M","M","?","R","?","$","T","?","?","R","?","M","R","BOSS","M","?","?","$"],"items_purchased_type":["Card","Card"],"build_version":"2020-12-22","purchased_purges":0,"victory":false,"max_hp_per_floor":[85,85,85,85,85,85,85,85,85,85,85,85,85,85,85,85,85,85,85,85,85,85],"card_choices":[{"not_picked":["construct:FocusedBeam","construct:Enhance"],"picked":"construct:SweepLaser","floor":1},{"not_picked":["construct:SaveState","construct:HeavyBolt"],"picked":"construct:Forcefield","floor":3},{"not_picked":["construct:Reinforce","construct:Analyze"],"picked":"construct:QuickAttack","floor":4},{"not_picked":["construct:Electrocute","construct:Bunker"],"picked":"construct:Zapper","floor":5},{"not_picked":["construct:ScrapCannon","construct:Construct_Overclock"],"picked":"construct:ReactiveShield","floor":11},{"not_picked":["construct:FierceBash","construct:SuppressiveFire"],"picked":"construct:ChargeShot","floor":13},{"not_picked":["construct:FierceBash","construct:Reinforce"],"picked":"construct:GuardCore","floor":14},{"not_picked":["construct:Multistage","construct:Bunker"],"picked":"construct:LongRangeLance","floor":16},{"not_picked":["construct:ShiftStrike+1","construct:ModeShift"],"picked":"construct:Analyze","floor":18}],"player_experience":29172,"relics_obtained":[{"floor":9,"key":"Ornamental Fan"},{"floor":17,"key":"reliquary:Boomerang"},{"floor":17,"key":"reliquary:BoilingFlask"},{"floor":17,"key":"construct:BoolHorns"}],"event_choices":[{"damage_healed":0,"gold_gain":0,"cards_transformed":["construct:Defend_Gold"],"player_choice":"Transformed","damage_taken":0,"max_hp_gain":0,"max_hp_loss":0,"event_name":"Transmorgrifier","floor":2,"gold_loss":0,"cards_obtained":["construct:Versatility"]},{"damage_healed":0,"gold_gain":0,"player_choice":"Grow","damage_taken":0,"max_hp_gain":0,"max_hp_loss":0,"event_name":"Living Wall","floor":7,"gold_loss":0,"cards_upgraded":["construct:Zapper"]},{"damage_healed":0,"gold_gain":0,"player_choice":"Got Potions","damage_taken":0,"max_hp_gain":0,"max_hp_loss":0,"event_name":"Lab","floor":10,"gold_loss":0},{"damage_healed":0,"gold_gain":99,"player_choice":"Stole From Cult","damage_taken":0,"max_hp_gain":0,"max_hp_loss":0,"event_name":"Nest","floor":19,"gold_loss":0},{"damage_healed":0,"gold_gain":0,"player_choice":"Fought Bandits","damage_taken":0,"max_hp_gain":0,"max_hp_loss":0,"event_name":"Masked Bandits","floor":20,"gold_loss":0}],"is_beta":false,"boss_relics":[{"not_picked":["Velvet Choker","hubris:VirtuousBlindfold"],"picked":"Calling Bell"}],"items_purged_floors":[],"is_endless":false,"potions_floor_spawned":[4,5,13,14,18],"killed_by":"hubris:Merchant","ascension_level":0}}