{"host":"uceopoba4zvqsgiy","time":1613841134,"event":{"mods":["2.2 Compatiblity","Act Like it!","BaseMod","Better Skull","Better Third Choice","Elementarium","Evolution","GifTheSpireLib","Hermit","Humility","Infinite Spire","Jorbs\u0027s Wanderer Trilogy","Marked Mod","Minty Spire (QoL Compilation)","Potionbrewer","Reliquary","Replay The Spire","Robot Space Explorer","Shade Mod","Spicy Shops","StS++","StSLib","Stuff the Spire","The Blue Laboratory","The Caster","The Cursed","The Dragon Tamer","The Dragonkin","The Hierophant","The Judge","The Jungle","TheSurvivalist","Wandering Minibosses"],"gold_per_floor":[11,11,11,0,12,12,46,46,99,99,274,300,300,326,326,426,526,538,538,538,553,553,553,581,581,608,883,899,916,948,972,984,1092,1104,1135,1158,1170,1182,1194,1194],"floor_reached":39,"language":"ENG","playtime":2381,"items_purged":[],"score":800,"play_id":"39ff7c44-eb6d-4990-ba30-a03ebe511a80","local_time":"20210221034214","is_ascension_mode":true,"campfire_choices":[{"data":"infinitespire:UltimateForm","floor":6,"key":"SMITH"},{"floor":8,"key":"REST"},{"floor":13,"key":"REST"},{"data":"Capacitor","floor":15,"key":"SMITH"},{"data":"Buffer","floor":23,"key":"SMITH"},{"floor":25,"key":"REST"},{"floor":32,"key":"REST"}],"circlet_count":0,"master_deck":["Cold Snap","Cold Snap","Cold Snap","Cold Snap","Conserve Battery","Conserve Battery","Conserve Battery","Conserve Battery","Zap","Dualcast","Consume","TheCursedMod:Dregs","infinitespire:UltimateForm+1","Capacitor+1","Gash","Doubt","Static Discharge","Buffer+1","StSpp:Fierceness","infinitespire:FutureSight","Amnesia","Gash","Regret","FIFO Queue+1","Creative AI","StSpp:CopyPaste","Static Discharge"],"relics":["Cracked Core","EVO:Axolotl","betterThird:SlimedRelic","Lantern","Bronze Scales","reliquary:PorcupineQuills","Snack Pack","Replay:Wanted Poster","Philosopher\u0027s Stone","Pen Nib","Replay:Blank Codex","DataDisk","Bag of Marbles","MawBank","Ring of Chaos"],"acts_visited":["Exordium","TheCity","TheBeyond"],"potions_floor_usage":[14,16,24,29,31,31],"damage_taken":[{"damage":0,"enemies":"Jaw Worm","floor":1,"turns":3},{"damage":0,"enemies":"Small Slimes","floor":5,"turns":5},{"damage":20,"enemies":"Lagavulin","floor":7,"turns":7},{"damage":20,"enemies":"Gremlin Nob","floor":12,"turns":7},{"damage":2,"enemies":"Lagavulin","floor":14,"turns":7},{"damage":0,"enemies":"Slime Boss","floor":16,"turns":20},{"damage":0,"enemies":"Shell Parasite","floor":18,"turns":7},{"damage":1,"enemies":"Spheric Guardian","floor":21,"turns":3},{"damage":24,"enemies":"Book of Stabbing","floor":24,"turns":6},{"damage":8,"enemies":"Snake Plant","floor":28,"turns":5},{"damage":11,"enemies":"Chosen and Byrds","floor":29,"turns":5},{"damage":4,"enemies":"Nightmare","floor":30,"turns":7},{"damage":26,"enemies":"Centurion and Healer","floor":31,"turns":6},{"damage":20,"enemies":"Champ","floor":33,"turns":7},{"damage":17,"enemies":"Orb Walker","floor":35,"turns":3},{"damage":57,"enemies":"3 Darklings","floor":36,"turns":4},{"damage":12,"enemies":"Spire Growth","floor":39,"turns":1}],"seed_played":"1028993155721734074","potions_obtained":[{"floor":5,"key":"blueLaboratory:BottledHope"},{"floor":12,"key":"ColorlessPotion"},{"floor":14,"key":"SkillPotion"},{"floor":18,"key":"PotionOfCapacity"},{"floor":28,"key":"blueLaboratory:CorrosionFlask"},{"floor":29,"key":"blueLaboratory:PolymorphPotion"},{"floor":30,"key":"Adrenaline Potion"},{"floor":36,"key":"FearPotion"}],"is_trial":false,"path_per_floor":["M","$","?","?","M","R","E","R","T","$","?","E","R","E","R","B",null,"M","AVR","?","M","?","R","E","R","T","?","M","M","NM","M","R","B",null,"M","M","?","?","M"],"character_chosen":"DEFECT","items_purchased":[],"campfire_rested":4,"item_purchase_floors":[],"current_hp_per_floor":[83,83,83,72,72,72,52,79,79,79,79,59,86,84,84,86,89,89,89,89,88,72,72,50,77,77,77,71,60,56,30,57,37,77,60,5,5,5,0,0],"gold":1194,"neow_bonus":"TWENTY_PERCENT_HP_BONUS","is_daily":false,"chose_seed":false,"campfire_upgraded":3,"win_rate":0.0,"timestamp":1613841134,"path_taken":["M","$","?","?","M","R","E","R","T","$","?","E","R","E","R","BOSS","M","AVR","?","?","?","R","E","R","T","?","?","M","NM","M","R","BOSS","M","M","?","?","M"],"items_purchased_type":[],"build_version":"2020-12-22","purchased_purges":0,"victory":false,"max_hp_per_floor":[90,90,90,90,90,90,90,90,90,90,90,90,90,90,90,90,90,90,90,90,90,90,90,90,90,90,90,90,90,90,90,90,90,90,90,90,90,90,90,90],"card_choices":[{"not_picked":["Rebound","Streamline"],"picked":"Consume","floor":1},{"not_picked":["ReplayTheSpireMod:Chaos Vortex","infinitespire:NeuralNetwork"],"picked":"infinitespire:UltimateForm","floor":3},{"not_picked":["StuffTheSpire:LaunchingStrike","Beam Cell"],"picked":"Capacitor","floor":5},{"not_picked":["ReplayRNGCard","Leap"],"picked":"Gash","floor":7},{"not_picked":["Panic Button","Lockon"],"picked":"Static Discharge","floor":12},{"not_picked":["Turbo","Rebound","Compile Driver"],"picked":"SKIP","floor":14},{"not_picked":["Multi-Cast","Rainbow"],"picked":"Buffer","floor":16},{"not_picked":["Leap","StuffTheSpire:ShieldGenerator+1"],"picked":"StSpp:Fierceness","floor":18},{"not_picked":["Ball Lightning","Rebound"],"picked":"Gash","floor":21},{"not_picked":["Fusion","StSpp:Pointer","ReplayGash"],"picked":"SKIP","floor":24},{"not_picked":["Cold Snap","Chaos","Turbo"],"picked":"SKIP","floor":28},{"not_picked":["Conserve Battery","Capacitor"],"picked":"FIFO Queue+1","floor":29},{"not_picked":["Chaos","Leap","Redo+1"],"picked":"SKIP","floor":30},{"not_picked":["Chaos","Leap","Redo+1"],"picked":"SKIP","floor":30},{"not_picked":["Redo+1","Panic Button"],"picked":"Creative AI","floor":31},{"not_picked":["Rainbow","StuffTheSpire:Purify"],"picked":"StSpp:CopyPaste","floor":33},{"not_picked":["Hologram+1","Turbo"],"picked":"Static Discharge","floor":35},{"not_picked":["StuffTheSpire:SnapShoot","Rebound+1","StuffTheSpire:Plugnplay"],"picked":"SKIP","floor":36}],"player_experience":1850840,"relics_obtained":[{"floor":7,"key":"Lantern"},{"floor":9,"key":"Bronze Scales"},{"floor":12,"key":"reliquary:PorcupineQuills"},{"floor":14,"key":"Snack Pack"},{"floor":22,"key":"Replay:Blank Codex"},{"floor":24,"key":"DataDisk"},{"floor":26,"key":"Bag of Marbles"},{"floor":30,"key":"MawBank"}],"event_choices":[{"damage_healed":0,"gold_gain":0,"player_choice":"Slimed","damage_taken":11,"max_hp_gain":0,"max_hp_loss":0,"event_name":"betterThird:BetterGoop","floor":4,"gold_loss":11},{"damage_healed":0,"gold_gain":175,"player_choice":"AGREE","damage_taken":99,"max_hp_gain":0,"max_hp_loss":0,"event_name":"betterThird:BetterSerpent","floor":11,"gold_loss":0},{"damage_healed":0,"gold_gain":0,"cards_transformed":["Replay:Hysterical Blindness"],"player_choice":"Transformed","damage_taken":0,"max_hp_gain":0,"max_hp_loss":0,"event_name":"Transmorgrifier","floor":20,"gold_loss":0,"cards_obtained":["Amnesia"]},{"damage_healed":0,"gold_gain":0,"player_choice":"Obtained Book","damage_taken":16,"max_hp_gain":0,"max_hp_loss":0,"event_name":"Cursed Tome","floor":22,"gold_loss":0},{"damage_healed":0,"gold_gain":275,"player_choice":"Desecrate","damage_taken":0,"max_hp_gain":0,"max_hp_loss":0,"event_name":"Golden Shrine","floor":27,"gold_loss":0,"cards_obtained":["Regret"]},{"damage_healed":0,"gold_gain":0,"player_choice":"Ignored","damage_taken":0,"max_hp_gain":0,"max_hp_loss":0,"event_name":"Tomb of Lord Red Mask","floor":37,"gold_loss":0},{"damage_healed":0,"gold_gain":0,"player_choice":"Random: Yellow","damage_taken":0,"max_hp_gain":0,"max_hp_loss":0,"event_name":"betterThird:BetterPortal","floor":38,"gold_loss":0},{"damage_healed":0,"gold_gain":0,"player_choice":"Ignored","damage_taken":0,"max_hp_gain":0,"max_hp_loss":0,"event_name":"NoteForYourself","floor":38,"gold_loss":0}],"is_beta":false,"boss_relics":[{"not_picked":["Replay:Drink Me","StSpp:FireArrow"],"picked":"Replay:Wanted Poster"},{"not_picked":["StSpp:PileOfSugar","Cursed Key"],"picked":"Ring of Chaos"}],"items_purged_floors":[],"is_endless":true,"potions_floor_spawned":[5,12,14,18,28,29,30,36],"killed_by":"Spire Growth","ascension_level":9,"is_humility":true}}