{"host":"a1eatafr7pisesky","time":1613801307,"event":{"mods":["AchievementEnabler","BaseMod","Colored Map","Keyboard Shortcuts","Minty Spire (QoL Compilation)","Say the Spire","StSLib","SuperFastMode","everything is the same but u backflip on backflip"],"gold_per_floor":[119,394,413,432,432,432,466,336,383,403,444,456,484,514,526,538,538],"floor_reached":16,"language":"KOR","playtime":244,"items_purged":["Strike_R"],"score":224,"play_id":"c71ba0c7-138d-4ec3-a524-38026af5b9b5","local_time":"20210220150827","is_ascension_mode":true,"campfire_choices":[{"data":"Sword Boomerang","floor":15.0,"key":"SMITH"}],"circlet_count":0,"master_deck":["AscendersBane","Strike_R","Strike_R","Strike_R","Strike_R","Defend_R","Defend_R","Defend_R","Defend_R","Bash","Wild Strike","Sword Boomerang+1","Power Through","Carnage","Disarm","Sword Boomerang"],"relics":["Burning Blood","NeowsBlessing","Golden Idol","Akabeko","Red Skull","MawBank"],"acts_visited":["Exordium"],"potions_floor_usage":[],"damage_taken":[{"damage":0.0,"enemies":"2 Louse","floor":1.0,"turns":1.0},{"damage":0.0,"enemies":"Cultist","floor":3.0,"turns":1.0},{"damage":0.0,"enemies":"Jaw Worm","floor":4.0,"turns":1.0},{"damage":37.0,"enemies":"Gremlin Nob","floor":7.0,"turns":4.0},{"damage":0.0,"enemies":"2 Fungi Beasts","floor":10.0,"turns":2.0},{"damage":10.0,"enemies":"3 Sentries","floor":11.0,"turns":4.0},{"damage":0.0,"enemies":"Large Slime","floor":13.0,"turns":2.0},{"damage":7.0,"enemies":"Exordium Thugs","floor":14.0,"turns":4.0},{"damage":38,"enemies":"Hexaghost","floor":16,"turns":8}],"seed_played":"-7425639516138833139","potions_obtained":[{"floor":1.0,"key":"PowerPotion"},{"floor":3.0,"key":"Explosive Potion"},{"floor":7.0,"key":"BloodPotion"}],"is_trial":false,"path_per_floor":["M","?","M","M","?","?","E","$","T","M","E","?","M","M","R","B"],"character_chosen":"IRONCLAD","items_purchased":["Energy Potion"],"campfire_rested":0,"item_purchase_floors":[8],"current_hp_per_floor":[74,74,75,75,49,42,11,26,26,32,28,28,34,33,33,0,0],"gold":538,"neow_bonus":"THREE_ENEMY_KILL","is_daily":false,"chose_seed":false,"campfire_upgraded":1,"win_rate":0.0,"timestamp":1613801307,"path_taken":["M","?","M","?","?","?","E","$","T","M","E","?","M","M","R","BOSS"],"items_purchased_type":["Potion"],"build_version":"2020-12-22","purchased_purges":1,"victory":false,"max_hp_per_floor":[75,75,75,75,75,75,75,75,75,75,75,75,75,75,75,75,75],"card_choices":[{"not_picked":["Dark Embrace","Perfected Strike"],"picked":"Wild Strike","floor":1.0},{"not_picked":["Rage","Havoc","Reckless Charge"],"picked":"SKIP","floor":3.0},{"not_picked":["Pommel Strike","Twin Strike"],"picked":"Sword Boomerang","floor":4.0},{"not_picked":["Ghostly Armor","Wild Strike"],"picked":"Power Through","floor":7.0},{"not_picked":["Twin Strike","Anger"],"picked":"Carnage","floor":10.0},{"not_picked":["Perfected Strike","Anger"],"picked":"Disarm","floor":11.0},{"not_picked":["Dropkick","Clash"],"picked":"Sword Boomerang","floor":13.0},{"not_picked":["Dropkick","Seeing Red","Havoc"],"picked":"SKIP","floor":14.0}],"player_experience":476345,"relics_obtained":[{"floor":7.0,"key":"Akabeko"},{"floor":9.0,"key":"Red Skull"},{"floor":11.0,"key":"MawBank"}],"event_choices":[{"damage_healed":0.0,"max_hp_gain":0.0,"max_hp_loss":0.0,"gold_gain":275.0,"event_name":"Golden Shrine","player_choice":"Desecrate","floor":2.0,"gold_loss":0.0,"damage_taken":0.0,"cards_obtained":["Regret"]},{"damage_healed":0.0,"max_hp_gain":0.0,"max_hp_loss":0.0,"gold_gain":0.0,"event_name":"Golden Idol","player_choice":"Take Damage","floor":5.0,"gold_loss":0.0,"damage_taken":26.0,"relics_obtained":["Golden Idol"]},{"cards_removed":["Regret"],"damage_healed":0.0,"max_hp_gain":0.0,"max_hp_loss":0.0,"gold_gain":0.0,"event_name":"Golden Wing","player_choice":"Card Removal","floor":6.0,"gold_loss":0.0,"damage_taken":7.0},{"damage_healed":0.0,"max_hp_gain":0.0,"max_hp_loss":0.0,"gold_gain":0.0,"event_name":"Dead Adventurer","player_choice":"Searched \u00270\u0027 times","floor":12.0,"gold_loss":0.0,"damage_taken":0.0}],"is_beta":false,"boss_relics":[],"items_purged_floors":[8],"is_endless":false,"potions_floor_spawned":[1,3,7],"killed_by":"Hexaghost","ascension_level":20}}