{"host":"ju1b3c4x8n2jtjm7","time":1613854817,"event":{"mods":["AchievementEnabler","BaseMod","Colored Map","Colored Powertips","Highlight Path","Minty Spire (QoL Compilation)","Quick Restart","Rare Cards Sparkle","Relic Stats"],"gold_per_floor":[113,129,143,143,155,155,185,185,208,208,249,249,283,25,25,131,131,151,171,171,216,231,231,262,262,262,296,306,318,243,261,261,365,365,376,437,437,455,455,455,455,74,74,109,109,109,9,27,27,27],"floor_reached":51,"language":"ENG","playtime":4016,"items_purged":["Strike_P","Defend_P"],"score":1157,"play_id":"1148ccdf-141f-48c2-828e-2e7659092970","local_time":"20210220220017","is_ascension_mode":true,"campfire_choices":[{"data":"Eruption","floor":6.0,"key":"SMITH"},{"data":"Adaptation","floor":8.0,"key":"SMITH"},{"data":"ThirdEye","floor":10.0,"key":"SMITH"},{"floor":12.0,"key":"REST"},{"data":"Alpha","floor":15.0,"key":"SMITH"},{"data":"Ghostly","floor":23.0,"key":"SMITH"},{"data":"Scrawl","floor":25.0,"key":"SMITH"},{"data":"Ghostly","floor":32.0,"key":"SMITH"},{"data":"Ghostly","floor":40.0,"key":"SMITH"},{"data":"Ghostly","floor":41.0,"key":"SMITH"},{"data":"MasterReality","floor":45.0,"key":"SMITH"},{"data":"Ghostly","floor":46.0,"key":"SMITH"},{"data":"Collect","floor":49.0,"key":"SMITH"}],"circlet_count":0,"master_deck":["Defend_P","Defend_P","Defend_P","Eruption+1","Vigilance","ThirdEye+1","Adaptation+1","Alpha+1","Weave","EmptyBody","Evaluate","Scrawl+1","JustLucky+1","Ghostly+1","Ghostly+1","Ghostly+1","Ghostly+1","Ghostly+1","MasterReality+1","Collect+1"],"relics":["PureWater","WingedGreaves","Potion Belt","Anchor","CeramicFish","Gambling Chip","HornCleat","Runic Pyramid","Nilry\u0027s Codex","Girya","Happy Flower","Singing Bowl","Empty Cage","Du-Vu Doll","Ice Cream","Bottled Lightning","White Beast Statue"],"acts_visited":["Exordium","TheCity","TheBeyond"],"potions_floor_usage":[],"damage_taken":[{"damage":0.0,"enemies":"2 Louse","floor":1.0,"turns":2.0},{"damage":0.0,"enemies":"Jaw Worm","floor":2.0,"turns":4.0},{"damage":0.0,"enemies":"Small Slimes","floor":3.0,"turns":4.0},{"damage":3.0,"enemies":"Blue Slaver","floor":5.0,"turns":5.0},{"damage":2.0,"enemies":"Lagavulin","floor":7.0,"turns":4.0},{"damage":20.0,"enemies":"3 Sentries","floor":11.0,"turns":8.0},{"damage":21.0,"enemies":"Lagavulin","floor":13.0,"turns":6.0},{"damage":6.0,"enemies":"Hexaghost","floor":16.0,"turns":9.0},{"damage":0.0,"enemies":"3 Byrds","floor":18.0,"turns":3.0},{"damage":12.0,"enemies":"Chosen","floor":19.0,"turns":4.0},{"damage":0.0,"enemies":"3 Cultists","floor":22.0,"turns":4.0},{"damage":3.0,"enemies":"Slavers","floor":24.0,"turns":5.0},{"damage":0.0,"enemies":"Gremlin Leader","floor":27.0,"turns":7.0},{"damage":2.0,"enemies":"Sentry and Sphere","floor":28.0,"turns":5.0},{"damage":0.0,"enemies":"Shelled Parasite and Fungi","floor":29.0,"turns":5.0},{"damage":0.0,"enemies":"Snake Plant","floor":31.0,"turns":5.0},{"damage":0.0,"enemies":"Collector","floor":33.0,"turns":7.0},{"damage":0.0,"enemies":"3 Darklings","floor":35.0,"turns":4.0},{"damage":0.0,"enemies":"2 Orb Walkers","floor":36.0,"turns":4.0},{"damage":2.0,"enemies":"Orb Walker","floor":38.0,"turns":5.0},{"damage":0.0,"enemies":"Giant Head","floor":44.0,"turns":9.0},{"damage":1.0,"enemies":"Writhing Mass","floor":48.0,"turns":6.0},{"damage":1,"enemies":"Time Eater","floor":50,"turns":8}],"seed_played":"8644073407253133099","potions_obtained":[{"floor":3.0,"key":"SteroidPotion"},{"floor":5.0,"key":"BlessingOfTheForge"},{"floor":27.0,"key":"SkillPotion"},{"floor":28.0,"key":"Ancient Potion"},{"floor":29.0,"key":"Swift Potion"},{"floor":31.0,"key":"BottledMiracle"},{"floor":38.0,"key":"Energy Potion"},{"floor":48.0,"key":"Explosive Potion"}],"is_trial":false,"path_per_floor":["M","M","M","?","M","R","E","R","T","R","E","R","E","$","R","B",null,"M","M","?","?","M","R","E","R","T","E","M","M","?","M","R","B",null,"M","?","?","M","T","R","R","$","T","E","R","R","$","M","R","B",null],"character_chosen":"WATCHER","items_purchased":["HornCleat","Evaluate","Ice Cream"],"campfire_rested":1,"item_purchase_floors":[14,14,42],"current_hp_per_floor":[47,47,47,47,44,44,42,42,42,42,22,43,22,22,22,16,58,58,46,30,30,30,30,27,27,27,29,29,31,31,33,33,33,41,43,43,43,43,43,43,43,43,43,45,45,45,45,46,46,45],"gold":27,"neow_bonus":"ONE_RARE_RELIC","is_daily":false,"chose_seed":false,"campfire_upgraded":12,"win_rate":0.0,"timestamp":1613854817,"path_taken":["M","M","M","?","M","R","E","R","T","R","E","R","E","$","R","BOSS","M","M","?","?","M","R","E","R","T","E","M","M","?","M","R","BOSS","M","?","?","M","?","R","R","$","T","E","R","R","$","?","R","BOSS"],"items_purchased_type":["Relic","Card","Relic"],"build_version":"2020-12-22","purchased_purges":2,"victory":true,"max_hp_per_floor":[72,72,72,72,72,72,72,72,72,72,72,72,72,72,72,72,72,72,72,72,36,36,36,36,36,36,38,40,42,42,44,44,44,44,46,46,46,48,48,48,48,48,48,50,50,50,50,52,52,52],"relic_stats":{"Happy Flower":[21],"Singing Bowl":16,"counters":[23,123],"CeramicFish":108,"Gambling Chip":[27],"obtain_stats":[{"Potion Belt":7,"Ice Cream":42,"Girya":24,"Happy Flower":26,"Singing Bowl":27,"Nilry\u0027s Codex":20,"CeramicFish":11,"Empty Cage":34,"White Beast Statue":44,"Du-Vu Doll":36,"Anchor":9,"HornCleat":14,"Gambling Chip":13,"WingedGreaves":0,"Bottled Lightning":43,"PureWater":0,"Runic Pyramid":17},{"Potion Belt":5,"Ice Cream":20,"Girya":12,"Happy Flower":12,"Singing Bowl":13,"Nilry\u0027s Codex":10,"CeramicFish":6,"Empty Cage":17,"White Beast Statue":21,"Du-Vu Doll":19,"Anchor":5,"HornCleat":7,"Gambling Chip":7,"WingedGreaves":0,"Bottled Lightning":20,"PureWater":0,"Runic Pyramid":8},{"Potion Belt":19,"Ice Cream":100,"Girya":58,"Happy Flower":58,"Singing Bowl":65,"Nilry\u0027s Codex":49,"CeramicFish":27,"Empty Cage":87,"White Beast Statue":109,"Du-Vu Doll":95,"Anchor":19,"HornCleat":33,"Gambling Chip":33,"WingedGreaves":0,"Bottled Lightning":100,"PureWater":0,"Runic Pyramid":42}]},"card_choices":[{"not_picked":["ClearTheMind","Wireheading"],"picked":"ThirdEye","floor":1.0},{"not_picked":["ThirdEye","Prostrate"],"picked":"Adaptation","floor":2.0},{"not_picked":["CutThroughFate","Protect","JustLucky"],"picked":"SKIP","floor":3.0},{"not_picked":["Crescendo","EmptyFist","SashWhip"],"picked":"SKIP","floor":5.0},{"not_picked":["CutThroughFate","Worship"],"picked":"Alpha","floor":7.0},{"not_picked":["Conclude","EmptyBody"],"picked":"Weave","floor":11.0},{"not_picked":["Prostrate","BowlingBash"],"picked":"EmptyBody","floor":13.0},{"not_picked":["Brilliance","Blasphemy"],"picked":"Scrawl","floor":16.0},{"not_picked":["SashWhip","CutThroughFate","WindmillStrike"],"picked":"SKIP","floor":18.0},{"not_picked":["Consecrate+1","ThirdEye"],"picked":"JustLucky+1","floor":19.0},{"not_picked":["EmptyBody","FlyingSleeves","Protect"],"picked":"SKIP","floor":22.0},{"not_picked":["Consecrate","Halt+1","Sanctity"],"picked":"SKIP","floor":24.0},{"not_picked":["Vault","Halt","Adaptation"],"picked":"Singing Bowl","floor":27.0},{"not_picked":["Halt","FlurryOfBlows","CrushJoints"],"picked":"Singing Bowl","floor":28.0},{"not_picked":["FollowUp","WaveOfTheHand","BowlingBash"],"picked":"Singing Bowl","floor":29.0},{"not_picked":["PathToVictory+1","BowlingBash+1","ThirdEye"],"picked":"Singing Bowl","floor":31.0},{"not_picked":["Blasphemy","LessonLearned"],"picked":"MasterReality","floor":33.0},{"not_picked":["WheelKick+1","Weave","Protect"],"picked":"Singing Bowl","floor":35.0},{"not_picked":["BowlingBash","Tantrum+1"],"picked":"Collect","floor":36.0},{"not_picked":["PathToVictory+1","ThirdEye","Collect"],"picked":"Singing Bowl","floor":38.0},{"not_picked":["Consecrate","Pray","CutThroughFate+1"],"picked":"Singing Bowl","floor":44.0},{"not_picked":["PathToVictory+1","FearNoEvil+1","DeceiveReality"],"picked":"Singing Bowl","floor":48.0}],"player_experience":433700,"relics_obtained":[{"floor":7.0,"key":"Potion Belt"},{"floor":9.0,"key":"Anchor"},{"floor":11.0,"key":"CeramicFish"},{"floor":13.0,"key":"Gambling Chip"},{"floor":20.0,"key":"Nilry\u0027s Codex"},{"floor":24.0,"key":"Girya"},{"floor":26.0,"key":"Happy Flower"},{"floor":27.0,"key":"Singing Bowl"},{"floor":36.0,"key":"Du-Vu Doll"},{"floor":43.0,"key":"Bottled Lightning"},{"floor":44.0,"key":"White Beast Statue"}],"event_choices":[{"damage_healed":0.0,"max_hp_gain":0.0,"max_hp_loss":0.0,"gold_gain":0.0,"event_name":"Liars Game","player_choice":"Ignored","floor":4.0,"gold_loss":0.0,"damage_taken":0.0},{"damage_healed":0.0,"max_hp_gain":0.0,"max_hp_loss":0.0,"gold_gain":0.0,"event_name":"Cursed Tome","player_choice":"Obtained Book","floor":20.0,"gold_loss":0.0,"damage_taken":16.0},{"damage_healed":0.0,"max_hp_gain":0.0,"max_hp_loss":36.0,"gold_gain":0.0,"event_name":"Ghosts","player_choice":"Became a Ghost","floor":21.0,"gold_loss":0.0,"damage_taken":0.0,"cards_obtained":["Ghostly","Ghostly","Ghostly","Ghostly","Ghostly"]},{"cards_removed":["Strike_P"],"damage_healed":0.0,"max_hp_gain":0.0,"max_hp_loss":0.0,"gold_gain":0.0,"event_name":"Beggar","player_choice":"Gave Gold","floor":30.0,"gold_loss":75.0,"damage_taken":0.0},{"damage_healed":0.0,"max_hp_gain":0.0,"max_hp_loss":0.0,"gold_gain":0.0,"event_name":"Mysterious Sphere","player_choice":"Fight","floor":36.0,"gold_loss":0.0,"damage_taken":0.0},{"damage_healed":0.0,"max_hp_gain":0.0,"max_hp_loss":0.0,"gold_gain":0.0,"event_name":"Tomb of Lord Red Mask","player_choice":"Ignored","floor":37.0,"gold_loss":0.0,"damage_taken":0.0}],"is_beta":false,"boss_relics":[{"not_picked":["Calling Bell","Runic Dome"],"picked":"Runic Pyramid"},{"not_picked":["SacredBark","Coffee Dripper"],"picked":"Empty Cage"}],"items_purged_floors":[42,47],"is_endless":false,"potions_floor_spawned":[3,5,27,28,29,31,38,48],"ascension_level":9}}