{"host":"xr2w6q7a088fu8w2","time":1613831833,"event":{"mods":["AchievementEnabler","BaseMod","Colored Powertips","Good Game Mod","Mimic Mod","Minty Spire (QoL Compilation)","MostiFishMod","Reliquary","StSLib","UnlockEverythingMod"],"gold_per_floor":[113,113,38,53,128,128,28,28,28,28,49,49,69,16,16,124,124,141,16,37,55,77,109,109,109,133,169,169,169,169,180,180,278,278,289,289,289,307,326,326,347,347,421,421,114,114,131,131,131,240,240,257,257,332,176,204,215,235,267,335,335,355,371,371,390,390,494,494,494],"floor_reached":68,"language":"ZHS","playtime":1426,"items_purged":["Defend_G","Strike_G","Strike_G"],"score":1605,"play_id":"34749ef0-1872-4e79-8ea2-7b5d51abe9d4","local_time":"20210220223713","daily_mods":["Vintage","Red Cards","Green Cards","Blue Cards","Purple Cards","Colorless Cards","Heirloom","Time Dilation"],"is_ascension_mode":false,"campfire_choices":[{"data":"MostiFishMod:KingOfFree","floor":6,"key":"SMITH"},{"data":"Survivor","floor":12,"key":"SMITH"},{"data":"FollowUp","floor":15,"key":"SMITH"},{"data":"Strike_G","floor":24,"key":"SMITH"},{"data":"Defend_G","floor":29,"key":"SMITH"},{"data":"Defend_G","floor":32,"key":"SMITH"},{"floor":40,"key":"REST"},{"floor":42,"key":"REST"},{"floor":44,"key":"REST"},{"floor":49,"key":"REST"},{"floor":64,"key":"REST"},{"floor":66,"key":"REST"}],"circlet_count":0,"master_deck":["Strike_G+1","Strike_G+1","Defend_G+1","Survivor+1","Neutralize+1","MostiFishMod:KingOfFree+1","FollowUp+1"],"relics":["Ring of the Snake","REME:ComplimentaryCards","DaveBox","Civilization","Torii","HornCleat","SynthV:TestCard","ImprovedEquipment","reliquary:KillPill","Potion Belt","Boot","RhineSuit","Eternal Feather","reliquary:PorcupineQuills","Whetstone","Vajra","Pen Nib","Centennial Puzzle","Pocketwatch","Empty Cage","Akabeko","Sundial","Strawberry","reliquary:ExpiredCoupon","Ornamental Fan","PreservedInsect","Happy Flower","Calipers","WristBlade","Shuriken","MealTicket","Odd Mushroom","Mummified Hand","DianPoetry","Anchor","reliquary:RosewoodLute","reliquary:Sideboard","RhineCircuit"],"acts_visited":["Exordium","TheCity","TheBeyond","Exordium","TheCity"],"potions_floor_usage":[33,33,33,33,33,50,50,67,67],"damage_taken":[{"damage":1,"enemies":"2 Louse","floor":1,"turns":4},{"damage":0,"enemies":"Small Slimes","floor":4,"turns":3},{"damage":0,"enemies":"Jaw Worm","floor":11,"turns":2},{"damage":0,"enemies":"2 Fungi Beasts","floor":13,"turns":2},{"damage":14,"enemies":"The Guardian","floor":16,"turns":6},{"damage":0,"enemies":"Shell Parasite","floor":18,"turns":1},{"damage":0,"enemies":"2 Thieves","floor":20,"turns":1},{"damage":0,"enemies":"Shelled Parasite and Fungi","floor":21,"turns":2},{"damage":0,"enemies":"3 Cultists","floor":22,"turns":3},{"damage":0,"enemies":"Gremlin Leader","floor":23,"turns":4},{"damage":0,"enemies":"Slavers","floor":27,"turns":3},{"damage":1,"enemies":"Cultist and Chosen","floor":31,"turns":2},{"damage":0,"enemies":"Collector","floor":33,"turns":2},{"damage":0,"enemies":"Orb Walker","floor":35,"turns":1},{"damage":0,"enemies":"3 Darklings","floor":38,"turns":1},{"damage":0,"enemies":"Sphere and 2 Shapes","floor":39,"turns":3},{"damage":0,"enemies":"Jaw Worm Horde","floor":41,"turns":1},{"damage":0,"enemies":"Spire Growth","floor":47,"turns":2},{"damage":0,"enemies":"Time Eater","floor":50,"turns":6},{"damage":0,"enemies":"2 Louse","floor":52,"turns":1},{"damage":0,"enemies":"The Mushroom Lair","floor":56,"turns":1},{"damage":0,"enemies":"Jaw Worm","floor":57,"turns":1},{"damage":0,"enemies":"Small Slimes","floor":58,"turns":1},{"damage":0,"enemies":"3 Sentries","floor":59,"turns":1},{"damage":0,"enemies":"Exordium Wildlife","floor":62,"turns":1},{"damage":0,"enemies":"Lots of Slimes","floor":63,"turns":1},{"damage":0,"enemies":"2 Fungi Beasts","floor":65,"turns":1},{"damage":0,"enemies":"Hexaghost","floor":67,"turns":1}],"seed_played":"8722260675962290133","potions_obtained":[{"floor":13,"key":"Swift Potion"},{"floor":16,"key":"Fire Potion"},{"floor":20,"key":"PowerPotion"},{"floor":23,"key":"SteroidPotion"},{"floor":31,"key":"Explosive Potion"},{"floor":38,"key":"EssenceOfSteel"},{"floor":47,"key":"FearPotion"},{"floor":57,"key":"GhostInAJar"},{"floor":58,"key":"CunningPotion"},{"floor":62,"key":"CunningPotion"},{"floor":65,"key":"Block Potion"}],"is_trial":true,"path_per_floor":["M","?","$","M","?","R","$","?","T","?","M","R","M","$","R","B",null,"M","$","M","M","M","E","R","$","T","E","?","R","?","M","R","B",null,"M","?","?","M","M","R","M","R","T","R","$","?","M","$","R","B",null,"M","?","?","$","?","M","M","E","T","?","M","M","R","M","R","B",null],"character_chosen":"THE_SILENT","items_purchased":["FollowUp","PreservedInsect","Happy Flower","MealTicket"],"campfire_rested":6,"item_purchase_floors":[14,45,45,55],"current_hp_per_floor":[72,72,72,76,65,65,65,58,58,58,64,64,70,70,70,65,91,96,96,101,106,111,116,116,116,116,121,121,121,121,126,126,131,131,136,136,136,141,153,153,158,158,158,158,158,158,163,163,163,168,168,173,178,167,167,173,179,185,191,191,191,197,203,208,213,213,218,218,218],"gold":494,"neow_bonus":"","is_daily":false,"chose_seed":false,"campfire_upgraded":6,"win_rate":0.0,"timestamp":1613831833,"path_taken":["M","?","$","M","?","R","$","?","T","?","M","R","M","$","R","BOSS","M","$","M","M","M","E","R","$","T","E","?","R","?","M","R","BOSS","M","?","?","M","M","R","?","R","T","R","$","?","M","$","R","BOSS","M","?","?","$","?","?","?","E","T","?","M","?","R","?","R","BOSS"],"items_purchased_type":["Card","Relic","Relic","Relic"],"build_version":"2020-12-22","purchased_purges":3,"victory":false,"max_hp_per_floor":[72,72,72,76,76,76,76,76,76,76,81,81,86,86,86,91,91,96,96,101,106,111,116,116,116,116,121,121,121,121,126,126,131,131,136,136,136,141,153,153,158,158,158,158,158,158,163,163,163,168,168,173,178,178,178,183,188,193,198,198,198,203,208,208,213,213,218,218,218],"card_choices":[{"not_picked":["Stack","Undo","MostiFishMod:PerfectParry","Tantrum+1"],"picked":"Seeing Red+1","floor":23},{"not_picked":["Sword Boomerang","Clash+1","Quick Slash","Swivel","MostiFishMod:PathToVictory"],"picked":"SKIP","floor":27},{"not_picked":["FollowUp","Entrench","Blind","Reckless Charge","Anger"],"picked":"SKIP","floor":59}],"player_experience":137453,"relics_obtained":[{"floor":1,"key":"HornCleat"},{"floor":1,"key":"SynthV:TestCard"},{"floor":4,"key":"ImprovedEquipment"},{"floor":9,"key":"reliquary:KillPill"},{"floor":11,"key":"Potion Belt"},{"floor":13,"key":"Boot"},{"floor":18,"key":"Eternal Feather"},{"floor":20,"key":"reliquary:PorcupineQuills"},{"floor":21,"key":"Whetstone"},{"floor":22,"key":"Vajra"},{"floor":23,"key":"Pen Nib"},{"floor":26,"key":"Centennial Puzzle"},{"floor":31,"key":"Pocketwatch"},{"floor":35,"key":"Akabeko"},{"floor":38,"key":"Sundial"},{"floor":39,"key":"Strawberry"},{"floor":41,"key":"reliquary:ExpiredCoupon"},{"floor":43,"key":"Ornamental Fan"},{"floor":47,"key":"Calipers"},{"floor":52,"key":"Shuriken"},{"floor":56,"key":"Odd Mushroom"},{"floor":57,"key":"Mummified Hand"},{"floor":58,"key":"DianPoetry"},{"floor":62,"key":"Anchor"},{"floor":63,"key":"reliquary:RosewoodLute"},{"floor":65,"key":"reliquary:Sideboard"}],"event_choices":[{"damage_healed":0,"gold_gain":0,"player_choice":"Ignored","damage_taken":0,"max_hp_gain":0,"max_hp_loss":0,"event_name":"Golden Idol","floor":2,"gold_loss":0},{"damage_healed":0,"gold_gain":75,"player_choice":"Gather Gold","damage_taken":11,"max_hp_gain":0,"max_hp_loss":0,"event_name":"World of Goop","floor":5,"gold_loss":0},{"cards_removed":["Defend_G"],"damage_healed":0,"gold_gain":0,"player_choice":"Card Removal","damage_taken":7,"max_hp_gain":0,"max_hp_loss":0,"event_name":"Golden Wing","floor":8,"gold_loss":0},{"damage_healed":0,"gold_gain":0,"player_choice":"Grow","damage_taken":0,"max_hp_gain":0,"max_hp_loss":0,"event_name":"Living Wall","floor":10,"gold_loss":0,"cards_upgraded":["Neutralize"]},{"damage_healed":0,"gold_gain":0,"player_choice":"Ignored","damage_taken":0,"max_hp_gain":0,"max_hp_loss":0,"event_name":"Vampires","floor":28,"gold_loss":0},{"damage_healed":0,"gold_gain":0,"player_choice":"Ignored","damage_taken":0,"max_hp_gain":0,"max_hp_loss":0,"event_name":"The Mausoleum","floor":30,"gold_loss":0},{"damage_healed":0,"gold_gain":0,"player_choice":"Ignored","damage_taken":0,"max_hp_gain":0,"max_hp_loss":0,"event_name":"Tomb of Lord Red Mask","floor":36,"gold_loss":0},{"damage_healed":0,"gold_gain":0,"player_choice":"Ignored","damage_taken":0,"max_hp_gain":0,"max_hp_loss":0,"event_name":"NoteForYourself","floor":37,"gold_loss":0},{"cards_removed":["Strike_G"],"damage_healed":0,"gold_gain":0,"player_choice":"Removed Attack","damage_taken":0,"max_hp_gain":0,"max_hp_loss":0,"event_name":"Falling","floor":46,"gold_loss":0},{"damage_healed":0,"gold_gain":0,"player_choice":"Donut","damage_taken":0,"max_hp_gain":5,"max_hp_loss":0,"event_name":"Big Fish","floor":53,"gold_loss":0},{"damage_healed":0,"gold_gain":75,"player_choice":"Gather Gold","damage_taken":11,"max_hp_gain":0,"max_hp_loss":0,"event_name":"World of Goop","floor":54,"gold_loss":0},{"damage_healed":0,"gold_gain":0,"player_choice":"Fought Mushrooms","damage_taken":0,"max_hp_gain":0,"max_hp_loss":0,"event_name":"Mushrooms","floor":56,"gold_loss":0},{"cards_removed":["Defend_G"],"damage_healed":0,"gold_gain":0,"player_choice":"Offered Basic","damage_taken":0,"max_hp_gain":0,"max_hp_loss":0,"event_name":"Bonfire Elementals","floor":61,"gold_loss":0}],"is_beta":false,"boss_relics":[{"not_picked":["RhineCircuit","Fusion Hammer"],"picked":"RhineSuit"},{"not_picked":["GuanYuAspect","SacredBark"],"picked":"Empty Cage"},{"not_picked":["JellyFishMachine","SlaversCollar"],"picked":"WristBlade"},{"not_picked":["reliquary:RedPaperclip","MoonlightInvasionPlan"],"picked":"RhineCircuit"}],"items_purged_floors":[3,7,19],"is_endless":true,"potions_floor_spawned":[13,16,20,23,31,38,47,57,58,62,65],"ascension_level":0}}