{"host":"idzed3ab1f2kctt5","time":1613838294,"event":{"mods":["AchievementEnabler","BaseMod","Colored Map","DeckTracker","Minty Spire (QoL Compilation)","Permanent Neow","Quick Restart","StSLib"],"gold_per_floor":[117,127,139,158,15,15,42,55,100,131,191,191,91,108,108,211,211,225,244,262,262,281,315,315,347,347,347,222,237,237,63,63,164,164,184,197,472,489,26,26,51,51,133,133,152,164,164,164,164,164],"floor_reached":51,"language":"KOR","playtime":3215,"items_purged":["Strike_B","Strike_B","Reprogram+1","Defend_B","Regret"],"score":822,"play_id":"e3b7db97-effe-4be8-bde3-8d738a954c54","local_time":"20210221012454","is_ascension_mode":true,"campfire_choices":[{"data":"Defragment","floor":6.0,"key":"SMITH"},{"floor":12.0,"key":"REST"},{"data":"Double Energy","floor":15.0,"key":"SMITH"},{"data":"Echo Form","floor":24,"key":"SMITH"},{"data":"Loop","floor":27,"key":"SMITH"},{"data":"Coolheaded","floor":30,"key":"SMITH"},{"floor":32,"key":"REST"},{"data":"Coolheaded","floor":40,"key":"SMITH"},{"data":"Chaos","floor":42,"key":"SMITH"},{"floor":44,"key":"RECALL"},{"data":"Panacea","floor":49,"key":"SMITH"}],"circlet_count":0,"master_deck":["Defend_B+1","Defend_B+1","Zap+1","Dualcast+1","Loop+1","Coolheaded+1","Conserve Battery+1","Ball Lightning+1","Defragment+1","Cold Snap+1","Chaos+1","Double Energy+1","Echo Form+1","Static Discharge+1","Heatsinks+1","Chill+1","Fusion+1","Defragment+1","Self Repair+1","Blizzard+1","Coolheaded+1","Core Surge+1","Capacitor+1","Chill+1","Capacitor+1","Blizzard+1","Panacea+1"],"relics":["Cracked Core","DataDisk","Darkstone Periapt","Pen Nib","Astrolabe","White Beast Statue","Kunai","Art of War","Nuclear Battery","DollysMirror","Bronze Scales","Cables","Eternal Feather","Mark of the Bloom"],"acts_visited":["Exordium","TheCity","TheBeyond"],"potions_floor_usage":[22,23,25,29,36,50,50],"damage_taken":[{"damage":0.0,"enemies":"Cultist","floor":1.0,"turns":4.0},{"damage":6.0,"enemies":"2 Louse","floor":2.0,"turns":3.0},{"damage":7.0,"enemies":"Jaw Worm","floor":3.0,"turns":4.0},{"damage":3.0,"enemies":"3 Louse","floor":4.0,"turns":3.0},{"damage":19.0,"enemies":"3 Sentries","floor":7.0,"turns":8.0},{"damage":2.0,"enemies":"Looter","floor":8.0,"turns":3.0},{"damage":0.0,"enemies":"Lagavulin","floor":10.0,"turns":7.0},{"damage":13.0,"enemies":"3 Sentries","floor":11.0,"turns":6.0},{"damage":16.0,"enemies":"Gremlin Gang","floor":14.0,"turns":6.0},{"damage":9.0,"enemies":"Slime Boss","floor":16.0,"turns":8.0},{"damage":17,"enemies":"Shell Parasite","floor":18,"turns":3},{"damage":9,"enemies":"2 Thieves","floor":19,"turns":4},{"damage":3,"enemies":"Snecko","floor":20,"turns":6},{"damage":3,"enemies":"Snake Plant","floor":22,"turns":4},{"damage":2,"enemies":"Gremlin Leader","floor":23,"turns":6},{"damage":38,"enemies":"Book of Stabbing","floor":25,"turns":4},{"damage":10,"enemies":"3 Cultists","floor":29,"turns":5},{"damage":5,"enemies":"Collector","floor":33,"turns":7},{"damage":18,"enemies":"3 Darklings","floor":35,"turns":5},{"damage":13,"enemies":"Orb Walker","floor":36,"turns":5},{"damage":11,"enemies":"Maw","floor":38,"turns":9},{"damage":3,"enemies":"Giant Head","floor":41,"turns":9},{"damage":53,"enemies":"4 Shapes","floor":45,"turns":5},{"damage":0,"enemies":"Spire Growth","floor":46,"turns":6},{"damage":7,"enemies":"Donu and Deca","floor":50,"turns":8}],"seed_played":"2130031611062087987","potions_obtained":[{"floor":3.0,"key":"PowerPotion"},{"floor":7.0,"key":"FearPotion"},{"floor":10.0,"key":"SkillPotion"},{"floor":11.0,"key":"Energy Potion"},{"floor":25,"key":"EssenceOfSteel"},{"floor":29,"key":"Weak Potion"},{"floor":33,"key":"CultistPotion"},{"floor":35,"key":"LiquidMemories"},{"floor":36,"key":"FocusPotion"}],"is_trial":false,"path_per_floor":["M","M","M","M","$","R","E","M","T","E","?","R","$","M","R","B",null,"M","M","M","?","M","E","R","E","T","R","$","M","R","$","R","B",null,"M","M","?","M","$","R","E","R","T","R","M","M","?","?","R","B",null],"character_chosen":"DEFECT","items_purchased":["Defragment","Coolheaded","DollysMirror","Bronze Scales"],"campfire_rested":2,"item_purchase_floors":[5,31,39,39],"current_hp_per_floor":[75,69,62,59,59,59,40,38,38,38,25,47,47,31,31,22,75,58,49,46,46,43,48,48,24,24,24,24,21,21,21,43,45,75,71,72,78,74,74,74,81,81,81,81,42,42,42,42,42,35],"gold":164,"neow_bonus":"UPGRADE_CARD","is_daily":false,"chose_seed":false,"campfire_upgraded":8,"win_rate":0.0,"timestamp":1613838294,"path_taken":["M","M","M","M","$","R","E","M","T","E","?","R","$","M","R","BOSS","M","M","M","?","M","E","R","E","T","R","$","?","R","$","R","BOSS","M","M","?","?","$","R","E","R","T","R","M","M","?","?","R","BOSS"],"items_purchased_type":["Card","Card","Relic","Relic"],"build_version":"2020-12-22","purchased_purges":5,"victory":true,"max_hp_per_floor":[75,75,75,75,75,75,75,75,75,75,75,75,75,75,75,75,75,75,75,75,75,75,75,75,75,75,75,75,75,75,75,75,75,75,75,75,81,81,81,81,81,81,81,81,81,81,81,81,81,81],"card_choices":[{"not_picked":["Gash","Barrage"],"picked":"Loop","floor":1.0},{"not_picked":["Stack","Rebound"],"picked":"Coolheaded","floor":2.0},{"not_picked":["Skim","Scrape"],"picked":"Conserve Battery","floor":3.0},{"not_picked":["Static Discharge","Go for the Eyes"],"picked":"Ball Lightning","floor":4.0},{"not_picked":["Leap","Hologram"],"picked":"Cold Snap","floor":7.0},{"not_picked":["Coolheaded","Stack"],"picked":"Chaos","floor":8.0},{"not_picked":["Stack","Amplify","Rebound"],"picked":"SKIP","floor":10.0},{"not_picked":["Go for the Eyes","Redo"],"picked":"Double Energy","floor":11.0},{"not_picked":["Undo","Rip and Tear","Doom and Gloom"],"picked":"SKIP","floor":14.0},{"not_picked":["Buffer","Thunder Strike"],"picked":"Echo Form","floor":16.0},{"not_picked":["Undo+1","Beam Cell"],"picked":"Chill","floor":18},{"not_picked":["Defragment","Stack"],"picked":"Fusion+1","floor":19},{"not_picked":["Go for the Eyes","Beam Cell+1","Hyperbeam"],"picked":"SKIP","floor":20},{"not_picked":["Beam Cell+1","Genetic Algorithm"],"picked":"Self Repair","floor":22},{"not_picked":["Chaos+1","Go for the Eyes"],"picked":"Blizzard+1","floor":23},{"not_picked":["Turbo","Meteor Strike","Leap+1"],"picked":"SKIP","floor":25},{"not_picked":["Doom and Gloom+1","Rebound","Reprogram+1"],"picked":"SKIP","floor":29},{"not_picked":["Thunder Strike","All For One"],"picked":"Core Surge","floor":33},{"not_picked":["Rebound+1","Aggregate+1"],"picked":"Capacitor+1","floor":35},{"not_picked":["Stack","BootSequence"],"picked":"Chill","floor":36},{"not_picked":["Ball Lightning","Aggregate+1","Steam+1"],"picked":"SKIP","floor":38},{"not_picked":["Hologram+1","Beam Cell+1","Ball Lightning"],"picked":"SKIP","floor":41},{"not_picked":["Conserve Battery","Compile Driver+1"],"picked":"Blizzard","floor":45},{"not_picked":["Steam Power+1","Fusion+1","Stack"],"picked":"SKIP","floor":46},{"not_picked":["The Bomb","HandOfGreed"],"picked":"Panacea","floor":48}],"player_experience":64548,"relics_obtained":[{"floor":7.0,"key":"DataDisk"},{"floor":10.0,"key":"Darkstone Periapt"},{"floor":11.0,"key":"Pen Nib"},{"floor":23,"key":"White Beast Statue"},{"floor":25,"key":"Kunai"},{"floor":26,"key":"Art of War"},{"floor":41,"key":"Cables"},{"floor":43,"key":"Eternal Feather"}],"event_choices":[{"damage_healed":0.0,"max_hp_gain":0.0,"max_hp_loss":0.0,"gold_gain":0.0,"event_name":"Dead Adventurer","player_choice":"Searched \u00271\u0027 times","floor":11.0,"gold_loss":0.0,"damage_taken":0.0},{"damage_healed":0,"gold_gain":0,"player_choice":"Copied","damage_taken":0,"max_hp_gain":0,"max_hp_loss":0,"event_name":"Duplicator","floor":21,"gold_loss":0,"cards_obtained":["Defragment"]},{"damage_healed":0,"gold_gain":275,"player_choice":"Desecrate","damage_taken":0,"max_hp_gain":0,"max_hp_loss":0,"event_name":"Golden Shrine","floor":37,"gold_loss":0,"cards_obtained":["Regret"]},{"damage_healed":0,"gold_gain":0,"player_choice":"Upgrade","damage_taken":0,"relics_obtained":["Mark of the Bloom"],"max_hp_gain":0,"max_hp_loss":0,"event_name":"MindBloom","floor":47,"gold_loss":0,"cards_upgraded":["Defend_B","Defend_B","Dualcast","Conserve Battery","Ball Lightning","Cold Snap","Chill","Self Repair","Core Surge","Chill","Blizzard"]},{"damage_healed":0,"gold_gain":0,"player_choice":"Memory 1","damage_taken":0,"max_hp_gain":0,"max_hp_loss":0,"event_name":"SensoryStone","floor":48,"gold_loss":0}],"is_beta":false,"boss_relics":[{"not_picked":["Calling Bell","Runic Pyramid"],"picked":"Astrolabe"},{"not_picked":["Runic Dome","Empty Cage"],"picked":"Nuclear Battery"}],"items_purged_floors":[5,13,28,31,39],"is_endless":false,"potions_floor_spawned":[3,7,10,11,18,25,29,33,35,36,38,41,45,46],"ascension_level":2}}