{"host":"5nj7t8259370g0gl","time":1613784325,"event":{"mods":["AchievementEnabler","BaseMod","Bestiary","Bossed Relics","Colored Map","Colored Powertips","Displayed Cursed Tome","Minty Spire (QoL Compilation)","Permanent Neow","Relic Sorter","Shapeshifter Mod","Shop Mod","Spire Arcade","StSLib"],"gold_per_floor":[500118,500128,499367,499378,499392,499392,499404,498944,498971,498971,498986,498998,498998,499016,499016,499111,499111,499126,499225,498732,498732,498315,498230,497914,497926,497952,497952,497962,497977,497987,497987,497987,498082,498082,498098,497588,497600,497614,497624,497656,497656,497656],"floor_reached":41,"language":"ENG","playtime":3451,"items_purged":["StSShapeShifter:ShapeShifter_Strike","StSShapeShifter:ShapeShifter_Strike","StSShapeShifter:Lynx_Form+1","StSShapeShifter:ShapeShifter_Strike","StSShapeShifter:ShapeShifter_Strike","StSShapeShifter:ShapeShifter_Strike"],"score":569,"play_id":"d02e955b-4ffc-4555-8696-a7a349bd7d3a","local_time":"20210220122525","is_ascension_mode":false,"campfire_choices":[{"floor":6,"key":"RECALL"},{"data":"StSShapeShifter:RockSlide","floor":13,"key":"SMITH"},{"data":"StSShapeShifter:Efflorescence","floor":15,"key":"SMITH"},{"data":"Mayhem","floor":27,"key":"SMITH"},{"data":"StSShapeShifter:WolfsBane","floor":32,"key":"SMITH"}],"circlet_count":0,"master_deck":["StSShapeShifter:ShapeShifter_Defend","StSShapeShifter:ShapeShifter_Defend","StSShapeShifter:ShapeShifter_Defend","StSShapeShifter:ShapeShifter_Defend","StSShapeShifter:ShapeShifter_Defend","StSShapeShifter:Tortoise_Form+1","StSShapeShifter:BurstingSpore","StSShapeShifter:RockSlide+1","StSShapeShifter:BurstingSpore","StSShapeShifter:PoisonIvy","StSShapeShifter:AdaptiveStrikes","StSShapeShifter:WolfsBane+1","StSShapeShifter:Efflorescence+1","Mayhem+1","StSShapeShifter:BarkSkin","StSShapeShifter:Ensconce","StSShapeShifter:EmbraceTheCycle+1","StSShapeShifter:Summer","StSShapeShifter:BaskInBloom"],"relics":["StSShapeShifter:AnimalHeart","StSShapeShifter:TheShapeShiftersMagnolia","StSShapeShifter:PetrifiedLog","Du-Vu Doll","DollysMirror","MealTicket","Juzu Bracelet","StSShapeShifter:BeastkeepersGift","Strawberry","StSShapeShifter:LemurHeaddress","Membership Card","Potion Belt","Letter Opener","Bag of Marbles","StSShapeShifter:LoyalLobster","Strange Spoon","Prayer Wheel","Nunchaku","ClockworkSouvenir","Matryoshka","Bag of Preparation","Coffee Dripper","CaptainsWheel","WingedGreaves","Chemical X","Mercury Hourglass"],"acts_visited":["Exordium","TheCity","TheBeyond"],"potions_floor_usage":[2,7,12,16,33,33,37,38,39,41],"damage_taken":[{"damage":0,"enemies":"Small Slimes","floor":1,"turns":5},{"damage":0,"enemies":"Jaw Worm","floor":2,"turns":3},{"damage":0,"enemies":"2 Louse","floor":4,"turns":2},{"damage":1,"enemies":"Large Slime","floor":5,"turns":5},{"damage":12,"enemies":"Exordium Thugs","floor":7,"turns":5},{"damage":8,"enemies":"Looter","floor":11,"turns":3},{"damage":2,"enemies":"Gremlin Gang","floor":12,"turns":4},{"damage":0,"enemies":"2 Fungi Beasts","floor":14,"turns":4},{"damage":11,"enemies":"Hexaghost","floor":16,"turns":8},{"damage":10,"enemies":"Shell Parasite","floor":18,"turns":5},{"damage":10,"enemies":"Spheric Guardian","floor":25,"turns":3},{"damage":12,"enemies":"Cultist and Chosen","floor":28,"turns":4},{"damage":0,"enemies":"Snake Plant","floor":29,"turns":4},{"damage":5,"enemies":"Centurion and Healer","floor":30,"turns":5},{"damage":36,"enemies":"Collector","floor":33,"turns":7},{"damage":39,"enemies":"3 Darklings","floor":35,"turns":4},{"damage":7,"enemies":"3 Shapes","floor":37,"turns":4},{"damage":0,"enemies":"Transient","floor":38,"turns":5},{"damage":24,"enemies":"3 Darklings","floor":39,"turns":4},{"damage":22,"enemies":"Nemesis","floor":40,"turns":7},{"damage":22,"enemies":"Jaw Worm Horde","floor":41,"turns":2}],"seed_played":"4803917742758616409","potions_obtained":[{"floor":1,"key":"BlessingOfTheForge"},{"floor":4,"key":"SneckoOil"},{"floor":5,"key":"SkillPotion"},{"floor":14,"key":"Weak Potion"},{"floor":16,"key":"Dexterity Potion"},{"floor":25,"key":"Swift Potion"},{"floor":28,"key":"Strength Potion"},{"floor":30,"key":"Explosive Potion"},{"floor":37,"key":"Energy Potion"},{"floor":40,"key":"LiquidMemories"}],"is_trial":false,"path_per_floor":["M","M","$","M","M","R","M","$","T","?","M","M","R","M","R","B",null,"M","?","$","?","$","?","$","M","T","R","M","M","M","?","R","B",null,"M","$","M","M","M","E","M"],"character_chosen":"SHAPESHIFTER","items_purchased":["StSShapeShifter:PetrifiedLog","Du-Vu Doll","DollysMirror","MealTicket","Juzu Bracelet","StSShapeShifter:PoisonIvy","Membership Card","Potion Belt","Letter Opener","Mayhem","StSShapeShifter:LoyalLobster","Strange Spoon","Prayer Wheel","ClockworkSouvenir","Matryoshka","StSShapeShifter:BarkSkin","CaptainsWheel","WingedGreaves","Chemical X","SkillPotion","PowerPotion"],"campfire_rested":0,"item_purchase_floors":[3,3,3,8,8,8,20,20,20,20,22,22,22,24,24,24,36,36,36,36,36],"current_hp_per_floor":[78,78,78,78,77,77,65,65,65,54,46,44,44,44,44,33,85,75,75,85,85,85,85,85,75,75,75,63,63,58,58,58,22,85,46,61,54,54,30,8,0,0],"gold":497656,"neow_bonus":"ONE_RANDOM_RARE_CARD","is_daily":false,"chose_seed":false,"campfire_upgraded":4,"win_rate":0.0,"timestamp":1613784325,"path_taken":["M","M","$","M","M","R","M","$","T","?","M","M","R","M","R","BOSS","M","?","$","?","?","?","$","M","T","R","M","M","M","?","R","BOSS","M","$","M","M","M","E","M"],"items_purchased_type":["Relic","Relic","Relic","Relic","Relic","Card","Relic","Relic","Relic","Card","Relic","Relic","Relic","Relic","Relic","Card","Relic","Relic","Relic","Potion","Potion"],"build_version":"2020-12-22","purchased_purges":6,"victory":false,"max_hp_per_floor":[78,78,78,78,78,78,78,78,78,85,85,85,85,85,85,85,85,85,85,85,85,85,85,85,85,85,85,85,85,85,85,85,85,85,85,85,85,85,85,85,85,85],"card_choices":[{"not_picked":["StSShapeShifter:FoxForm","StSShapeShifter:DiverseSpirit"],"picked":"StSShapeShifter:BurstingSpore","floor":1},{"not_picked":["StSShapeShifter:BarkSkin","StSShapeShifter:BurstingSpore"],"picked":"StSShapeShifter:RockSlide","floor":2},{"not_picked":["StSShapeShifter:FallingLeaves","StSShapeShifter:ShiftingStrike","StSShapeShifter:VileMushroom"],"picked":"SKIP","floor":4},{"not_picked":["StSShapeShifter:RitualOfTheExtinct","StSShapeShifter:Hunt","StSShapeShifter:ThrashAbout"],"picked":"SKIP","floor":5},{"not_picked":["StSShapeShifter:Guard","StSShapeShifter:ShiftingStrike","StSShapeShifter:WaspSwarmForm"],"picked":"SKIP","floor":7},{"not_picked":["StSShapeShifter:RockSlide","StSShapeShifter:BarkSkin"],"picked":"StSShapeShifter:AdaptiveStrikes","floor":11},{"not_picked":["StSShapeShifter:Roar","StSShapeShifter:PorcupineForm"],"picked":"StSShapeShifter:WolfsBane","floor":12},{"not_picked":["StSShapeShifter:FallingLeaves","StSShapeShifter:MonkeyForm"],"picked":"StSShapeShifter:Efflorescence","floor":14},{"not_picked":["StSShapeShifter:Guard+1","StSShapeShifter:ThrashAbout","StSShapeShifter:WiltingWrath"],"picked":"SKIP","floor":18},{"not_picked":["StSShapeShifter:RockSlide","StSShapeShifter:FlowerShield+1","StSShapeShifter:ReplenishingNectar+1"],"picked":"SKIP","floor":25},{"not_picked":["StSShapeShifter:Wildfire2","StSShapeShifter:SunflowerShuriken","StSShapeShifter:CosmicShifter"],"picked":"SKIP","floor":25},{"not_picked":["StSShapeShifter:MagicMushrooms","StSShapeShifter:BearForm"],"picked":"StSShapeShifter:Ensconce","floor":28},{"not_picked":["StSShapeShifter:BurstingSpore","StSShapeShifter:BladeOfGrass","StSShapeShifter:Sapling"],"picked":"SKIP","floor":28},{"not_picked":["StSShapeShifter:BurstingSpore+1","StSShapeShifter:MonkeyForm"],"picked":"StSShapeShifter:EmbraceTheCycle+1","floor":29},{"not_picked":["StSShapeShifter:Roar","StSShapeShifter:RockSlide","StSShapeShifter:OakBlade+1"],"picked":"SKIP","floor":29},{"not_picked":["StSShapeShifter:DeepWound","StSShapeShifter:Forgiveness","StSShapeShifter:Maul"],"picked":"SKIP","floor":30},{"not_picked":["StSShapeShifter:AdaptiveStrikes","StSShapeShifter:DeerForm+1","StSShapeShifter:Bonk+1"],"picked":"SKIP","floor":30},{"not_picked":["StSShapeShifter:Flood","StSShapeShifter:Pounce"],"picked":"StSShapeShifter:Summer","floor":33},{"not_picked":["StSShapeShifter:OwlForm","StSShapeShifter:BladeOfGrass"],"picked":"StSShapeShifter:BaskInBloom","floor":35},{"not_picked":["StSShapeShifter:BurstingSpore+1","StSShapeShifter:DeerForm+1","StSShapeShifter:AdaptiveStrikes"],"picked":"SKIP","floor":35},{"not_picked":["StSShapeShifter:Guard+1","StSShapeShifter:BladeOfGrass","StSShapeShifter:SunflowerShuriken+1"],"picked":"SKIP","floor":37},{"not_picked":["StSShapeShifter:VileMushroom","StSShapeShifter:PoisonIvy+1","StSShapeShifter:WaspSwarmForm"],"picked":"SKIP","floor":37},{"not_picked":["StSShapeShifter:ShiftingStrike+1","StSShapeShifter:CosmicShifter","StSShapeShifter:Hunt+1"],"picked":"SKIP","floor":38},{"not_picked":["StSShapeShifter:BladeOfGrass","StSShapeShifter:Bonk","StSShapeShifter:VileMushroom+1"],"picked":"SKIP","floor":38},{"not_picked":["StSShapeShifter:MonkeyForm","StSShapeShifter:WiltingWrath","StSShapeShifter:Efflorescence+1"],"picked":"SKIP","floor":39},{"not_picked":["StSShapeShifter:PowerShifter","StSShapeShifter:Bonk","StSShapeShifter:FallingLeaves+1"],"picked":"SKIP","floor":39},{"not_picked":["StSShapeShifter:ThornToss+1","StSShapeShifter:ThrashAbout","StSShapeShifter:EmbraceTheCycle+1"],"picked":"SKIP","floor":40}],"player_experience":556169,"relics_obtained":[{"floor":9,"key":"StSShapeShifter:BeastkeepersGift"},{"floor":26,"key":"Bag of Preparation"},{"floor":40,"key":"Mercury Hourglass"}],"event_choices":[{"damage_healed":0,"gold_gain":0,"player_choice":"Success","damage_taken":18,"relics_obtained":["Strawberry"],"max_hp_gain":0,"max_hp_loss":0,"event_name":"Scrap Ooze","floor":10,"gold_loss":0},{"damage_healed":0,"gold_gain":99,"player_choice":"Stole From Cult","damage_taken":0,"max_hp_gain":0,"max_hp_loss":0,"event_name":"Nest","floor":19,"gold_loss":0},{"damage_healed":0,"gold_gain":0,"player_choice":"Opened","damage_taken":0,"relics_obtained":["Bag of Marbles"],"max_hp_gain":0,"max_hp_loss":0,"event_name":"The Mausoleum","floor":21,"gold_loss":0},{"damage_healed":0,"gold_gain":0,"player_choice":"Obtained Relic","damage_taken":0,"relics_obtained":["Nunchaku"],"max_hp_gain":0,"max_hp_loss":0,"event_name":"Addict","floor":23,"gold_loss":85},{"cards_removed":["StSShapeShifter:BurstOfLifeEscapeDeath"],"damage_healed":0,"gold_gain":0,"player_choice":"Elegance","damage_taken":0,"max_hp_gain":0,"max_hp_loss":0,"event_name":"Back to Basics","floor":31,"gold_loss":0}],"is_beta":false,"boss_relics":[{"not_picked":["Snecko Eye","Fusion Hammer"],"picked":"StSShapeShifter:LemurHeaddress"},{"not_picked":["Philosopher\u0027s Stone","SacredBark"],"picked":"Coffee Dripper"}],"items_purged_floors":[3,8,20,22,24,36],"is_endless":false,"potions_floor_spawned":[1,4,5,14,16,25,28,30,37,40],"killed_by":"Jaw Worm Horde","ascension_level":0}}