{"host":"7vsti54a9aip3o1e","time":1613844897,"event":{"mods":["AchievementEnabler","BaseMod","Colored Map","Colored Powertips","Highlight Path","Minty Spire (QoL Compilation)","Quick Restart","Rare Cards Sparkle","SuperFastMode"],"gold_per_floor":[110,110,121,136,59,87,87,87,135,135,153,153,153,168,168,261,261,274,43,66,85,101,101,101,116,116,116,116,128,128,128],"floor_reached":30,"language":"ENG","playtime":909,"items_purged":[],"score":406,"play_id":"4871dd6f-59ee-4b29-9248-6859df035deb","local_time":"20210220131457","is_ascension_mode":true,"campfire_choices":[{"floor":8.0,"key":"REST"},{"data":"Biased Cognition","floor":10.0,"key":"SMITH"},{"data":"Lockon","floor":13.0,"key":"SMITH"},{"floor":15.0,"key":"REST"},{"floor":23,"key":"REST"},{"floor":28,"key":"REST"}],"circlet_count":0,"master_deck":["AscendersBane","Strike_B","Strike_B","Strike_B","Defend_B","Defend_B","Defend_B+1","Defend_B","Zap","Dualcast","Sweeping Beam","Leap+1","Conserve Battery","Lockon+1","Biased Cognition+1","Injury","Storm","Core Surge","Defragment","Coolheaded","Glacier"],"relics":["Cracked Core","NeowsBlessing","Bronze Scales","War Paint","Bloody Idol","Sozu","Bag of Preparation","Frozen Egg 2"],"acts_visited":["Exordium","TheCity"],"potions_floor_usage":[22,22],"damage_taken":[{"damage":0.0,"enemies":"2 Louse","floor":1.0,"turns":1.0},{"damage":0.0,"enemies":"Cultist","floor":3.0,"turns":1.0},{"damage":0.0,"enemies":"Jaw Worm","floor":4.0,"turns":1.0},{"damage":20.0,"enemies":"Gremlin Nob","floor":6.0,"turns":4.0},{"damage":0.0,"enemies":"Blue Slaver","floor":11.0,"turns":2.0},{"damage":1.0,"enemies":"Looter","floor":14.0,"turns":3.0},{"damage":40.0,"enemies":"The Guardian","floor":16.0,"turns":11.0},{"damage":23.0,"enemies":"Chosen","floor":18.0,"turns":5.0},{"damage":6.0,"enemies":"3 Byrds","floor":20.0,"turns":3.0},{"damage":17.0,"enemies":"Snake Plant","floor":21.0,"turns":4.0},{"damage":0,"enemies":"3 Cultists","floor":22,"turns":3},{"damage":20,"enemies":"Centurion and Healer","floor":25,"turns":4},{"damage":23,"enemies":"Shelled Parasite and Fungi","floor":29,"turns":5},{"damage":32,"enemies":"Slavers","floor":30,"turns":4}],"seed_played":"-2604388647850588769","potions_obtained":[{"floor":3.0,"key":"LiquidMemories"},{"floor":14.0,"key":"DuplicationPotion"}],"is_trial":false,"path_per_floor":["M","?","M","M","$","E","?","R","T","R","M","?","R","M","R","B",null,"M","$","M","M","M","R","?","M","T","?","R","M","E"],"character_chosen":"DEFECT","items_purchased":["Lockon","Bag of Preparation","Defragment"],"campfire_rested":4,"item_purchase_floors":[5,19,19],"current_hp_per_floor":[64,54,54,54,54,34,27,48,48,48,48,48,48,47,68,28,60,37,37,31,14,14,35,35,20,20,20,41,23,0,0],"gold":128,"neow_bonus":"THREE_ENEMY_KILL","is_daily":false,"chose_seed":false,"campfire_upgraded":2,"win_rate":0.0,"timestamp":1613844897,"path_taken":["M","?","?","?","?","E","?","R","T","R","M","?","R","M","R","BOSS","M","$","M","M","M","R","?","M","T","?","R","M","E"],"items_purchased_type":["Card","Relic","Card"],"build_version":"2020-12-22","purchased_purges":0,"victory":false,"max_hp_per_floor":[71,71,71,71,71,71,71,71,71,71,71,71,71,71,71,71,71,71,71,71,71,71,71,71,71,71,71,71,71,71,71],"card_choices":[{"not_picked":["Go for the Eyes","Redo"],"picked":"Sweeping Beam","floor":1.0},{"not_picked":["Reprogram","Chill"],"picked":"Leap","floor":3.0},{"not_picked":["Compile Driver","Beam Cell"],"picked":"Conserve Battery","floor":4.0},{"not_picked":["Storm","Streamline"],"picked":"Biased Cognition","floor":6.0},{"not_picked":["Genetic Algorithm","FTL","Static Discharge"],"picked":"SKIP","floor":11.0},{"not_picked":["Static Discharge","Barrage"],"picked":"Storm","floor":14.0},{"not_picked":["Machine Learning","Creative AI"],"picked":"Core Surge","floor":16.0},{"not_picked":["Barrage","Conserve Battery+1","Lockon"],"picked":"SKIP","floor":18.0},{"not_picked":["Turbo","Leap","Cold Snap"],"picked":"SKIP","floor":20.0},{"not_picked":["Barrage","Melter","Streamline"],"picked":"SKIP","floor":21.0},{"not_picked":["Recycle","Steam","Steam Power"],"picked":"SKIP","floor":22},{"not_picked":["Go for the Eyes","Reinforced Body"],"picked":"Coolheaded","floor":25},{"not_picked":["Redo+1","Streamline"],"picked":"Glacier","floor":29}],"player_experience":571787,"relics_obtained":[{"floor":6.0,"key":"Bronze Scales"},{"floor":9.0,"key":"War Paint"},{"floor":26,"key":"Frozen Egg 2"}],"event_choices":[{"damage_healed":0.0,"max_hp_gain":0.0,"max_hp_loss":0.0,"gold_gain":0.0,"event_name":"Wheel of Change","player_choice":"Damaged","floor":2.0,"gold_loss":0.0,"damage_taken":10.0},{"cards_removed":["Strike_B"],"damage_healed":0.0,"max_hp_gain":0.0,"max_hp_loss":0.0,"gold_gain":0.0,"event_name":"Golden Wing","player_choice":"Card Removal","floor":7.0,"gold_loss":0.0,"damage_taken":7.0},{"damage_healed":0.0,"max_hp_gain":0.0,"max_hp_loss":0.0,"gold_gain":0.0,"event_name":"Golden Idol","player_choice":"Take Wound","floor":12.0,"gold_loss":0.0,"damage_taken":0.0,"relics_obtained":["Golden Idol"],"cards_obtained":["Injury"]},{"damage_healed":0,"gold_gain":0,"player_choice":"Gave Idol","damage_taken":0,"relics_obtained":["Bloody Idol"],"max_hp_gain":0,"max_hp_loss":0,"event_name":"Forgotten Altar","floor":24,"relics_lost":["Golden Idol"],"gold_loss":0},{"damage_healed":0,"gold_gain":0,"player_choice":"Ignored","damage_taken":0,"max_hp_gain":0,"max_hp_loss":0,"event_name":"Vampires","floor":27,"gold_loss":0}],"is_beta":false,"boss_relics":[{"not_picked":["FrozenCore","Tiny House"],"picked":"Sozu"}],"items_purged_floors":[],"is_endless":false,"potions_floor_spawned":[3,14,16,18,20,25],"killed_by":"Slavers","ascension_level":15}}