{"host":"6q8ox9h5d7sk3bhp","time":1613863020,"event":{"mods":["Aspiration","BaseMod","Better Third Choice","BetterRewards","ChefMod","Conspire","FruityMod","Halation","Hubris","Infinite Spire","Lobotomy","Minty Spire (QoL Compilation)","Rare Cards Sparkle","Relic Stats","Replay The Spire","Shop Mod","Spicy Shops","Spikes Relics","Spire Arcade","StSLib","The Clintock","The Hayseed","The Judge","The Kombatant","The Sage","The Senshi","The Showman","thorton"],"gold_per_floor":[111,121,121,121,131,131,131,131],"floor_reached":7,"language":"ENG","playtime":642,"items_purged":[],"score":41,"play_id":"ab99ab7f-2225-44d2-a0f5-f2396ccacb20","local_time":"20210220181700","is_ascension_mode":false,"campfire_choices":[{"data":"chefmod:QuickThaw","floor":6,"key":"SMITH"}],"circlet_count":0,"master_deck":["chefmod:Strike","chefmod:Strike","chefmod:Strike","chefmod:Strike","chefmod:QuickThaw+1","chefmod:Defend","chefmod:Defend","chefmod:Defend","chefmod:Defend","chefmod:TodaysSpecial","chefmod:IcePick","chefmod:ZaruSoba","TheSimpletonMod:Gnats","thethorton:LongTermPayoff"],"relics":["chefmod:TrustyPot","aspiration:Nostalgia","Burning Blood","hubris:DisguiseKit"],"acts_visited":["Exordium"],"potions_floor_usage":[],"damage_taken":[{"damage":2,"enemies":"conspire:RoseBush","floor":1,"turns":3},{"damage":0,"enemies":"Jaw Worm","floor":2,"turns":5},{"damage":1,"enemies":"Cultist","floor":5,"turns":5},{"damage":101,"enemies":"Gremlin Nob","floor":7,"turns":7}],"seed_played":"5155402958259547668","potions_obtained":[],"is_trial":false,"path_per_floor":["M","M","?","?","M","R","E"],"character_chosen":"THE_CHEF","items_purchased":[],"campfire_rested":0,"item_purchase_floors":[],"current_hp_per_floor":[76,76,76,76,76,76,0,0],"gold":131,"neow_bonus":"NOSTALGIA","is_daily":false,"chose_seed":false,"campfire_upgraded":1,"win_rate":0.0,"timestamp":1613863020,"path_taken":["M","M","?","?","M","R","E"],"items_purchased_type":[],"build_version":"2020-12-22","purchased_purges":0,"victory":false,"max_hp_per_floor":[76,76,76,76,76,76,76,76],"relic_stats":{"counters":[4,20],"obtain_stats":[{"chefmod:TrustyPot":0,"hubris:DisguiseKit":3,"aspiration:Nostalgia":0,"Burning Blood":0},{"chefmod:TrustyPot":0,"hubris:DisguiseKit":2,"aspiration:Nostalgia":0,"Burning Blood":0},{"chefmod:TrustyPot":0,"hubris:DisguiseKit":8,"aspiration:Nostalgia":0,"Burning Blood":0}],"Burning Blood":3},"card_choices":[{"not_picked":["chefmod:BleedOut","chefmod:Gelato"],"picked":"chefmod:IcePick","floor":1},{"not_picked":["chefmod:SpaghettiCarbonara","chefmod:Gelato"],"picked":"chefmod:ZaruSoba","floor":2},{"not_picked":["chefmod:Defrost","chefmod:Canape","chefmod:HotSoup"],"picked":"thethorton:LongTermPayoff","floor":5}],"player_experience":63181,"relics_obtained":[],"event_choices":[{"damage_healed":0,"gold_gain":0,"player_choice":"Ignored","damage_taken":0,"max_hp_gain":0,"max_hp_loss":0,"event_name":"NoteForYourself","floor":4,"gold_loss":0}],"is_beta":false,"boss_relics":[],"items_purged_floors":[],"is_endless":false,"potions_floor_spawned":[],"killed_by":"Gremlin Nob","ascension_level":0}}