{"host":"3zb2ho7bzwxq1psp","time":1613807103,"event":{"mods":["AchievementEnabler","AlwaysNeverKeys","Aspiration","BaseMod","BetterRewards","CatGirl Mod","Colored Map","Hubris","Minty Spire (QoL Compilation)","Permanent Neow","Quick Restart","Rare Cards Sparkle","Replay The Spire","Shop Mod","StSLib","The Judge","The Jungle","Unceasing Turn Reminder"],"gold_per_floor":[116,251,251,251,275,302,255,255,278,278,278,298,332,343,343,426,526,538,549,476,476,485,520,536,536,589,603,603,603,621,621,621,695,695,712,656,665,683,703,703,718,718,772,772,792,808,827,859,859,859,859,859,626,653,653],"floor_reached":56,"language":"ENG","playtime":2663,"items_purged":["Strike_P","Strike_P","Strike_P","Strike_P","Defend_P","Eruption","Defend_P","Defend_P","Defend_P","Vigilance"],"score":2824,"play_id":"386ca298-c735-4ce4-af29-b472a9e67c44","local_time":"20210219234503","is_ascension_mode":true,"campfire_choices":[{"data":"Consecrate","floor":8,"key":"SMITH"},{"data":"EmptyFist","floor":8,"key":"SMITH"},{"data":"JustLucky","floor":25,"key":"SMITH"},{"data":"DevaForm","floor":25,"key":"SMITH"},{"data":"Consecrate","floor":29,"key":"SMITH"},{"data":"FollowUp","floor":29,"key":"SMITH"},{"floor":32,"key":"DIG"},{"floor":44,"key":"REST"},{"floor":52,"key":"REST"}],"circlet_count":4,"master_deck":["AscendersBane","Consecrate+1","Prostrate+1","Consecrate+1","EmptyFist+1","JustLucky+1","BattleHymn+1","EmptyBody+1","FollowUp+1","Prostrate+1","DevaForm+1","Consecrate+1","Sanctity+1","Vault+1","BattleHymn","Prostrate+1"],"relics":["PureWater","MerchantsRug","ClockworkSouvenir","Chameleon Ring","hubris:Spice","InkBottle","hubris:TenFootPole","Juzu Bracelet","Replay:Rubber Ducky","Lantern","StrikeDummy","Toxic Egg 2","Pen Nib","Mummified Hand","Singing Bowl","Thread and Needle","Gremlin Horn","Oddly Smooth Stone","Matryoshka","Letter Opener","Potion Belt","Omamori","CeramicFish","Replay:Baseball","HornCleat","Replay:Multitool","ReplayTheSpireMod:Ninjato","Replay:Arrowhead","GremlinMask","Circlet","Replay:Wanted Poster","Ring of Misfortune","Pandora\u0027s Box"],"acts_visited":["Exordium","Exordium","TheBeyond","TheEnding"],"potions_floor_usage":[0,16,16,16,18,30,33,33,33,50,50,55,55],"damage_taken":[{"damage":0,"enemies":"2 Louse","floor":1,"turns":1},{"damage":0,"enemies":"Gremlin Nob","floor":6,"turns":2},{"damage":0,"enemies":"Small Slimes","floor":12,"turns":1},{"damage":0,"enemies":"3 Sentries","floor":13,"turns":1},{"damage":0,"enemies":"Jaw Worm","floor":14,"turns":1},{"damage":0,"enemies":"Fading Forest","floor":16,"turns":5},{"damage":0,"enemies":"theJungle:MUSHROOMGANG","floor":18,"turns":1},{"damage":0,"enemies":"theJungle:Flameango_and_Byrd","floor":19,"turns":2},{"damage":0,"enemies":"theJungle:Cassacara","floor":23,"turns":2},{"damage":0,"enemies":"theJungle:Lyon","floor":24,"turns":2},{"damage":0,"enemies":"Snake Plant","floor":27,"turns":2},{"damage":10,"enemies":"theJungle:2_Flameangoes","floor":30,"turns":2},{"damage":0,"enemies":"theJungle:QueenSpyder","floor":33,"turns":2},{"damage":0,"enemies":"Orb Walker","floor":35,"turns":2},{"damage":0,"enemies":"3 Darklings","floor":38,"turns":2},{"damage":0,"enemies":"Transient","floor":39,"turns":5},{"damage":0,"enemies":"Maw","floor":41,"turns":3},{"damage":0,"enemies":"4 Shapes","floor":45,"turns":1},{"damage":0,"enemies":"Transient","floor":46,"turns":6},{"damage":0,"enemies":"Maw","floor":47,"turns":4},{"damage":0,"enemies":"R_Hoarder","floor":48,"turns":5},{"damage":0,"enemies":"Time Eater","floor":50,"turns":3},{"damage":0,"enemies":"Shield and Spear","floor":54,"turns":3},{"damage":59,"enemies":"The Heart","floor":55,"turns":6}],"seed_played":"-3300243127640726394","potions_obtained":[{"floor":1,"key":"Reflective Coating"},{"floor":16,"key":"SkillPotion"},{"floor":18,"key":"Reflective Coating"},{"floor":23,"key":"Toxic Potion"},{"floor":30,"key":"EssenceOfSteel"},{"floor":35,"key":"Block Potion"},{"floor":40,"key":"BlessingOfTheForge"}],"is_trial":false,"path_per_floor":["M","?","?","?","T","E","?","R","T","R","?","M","E","M","R","B",null,"M","M","$","?","?","E","M","R","T","M","?","R","M","?","R_BF","B",null,"M","$","?","M","M","R","M","?","T","R","M","M","M","E","R_BF","B",null,"R","$","E","B",null],"character_chosen":"WATCHER","items_purchased":["MerchantsRug","ClockworkSouvenir","Chameleon Ring","hubris:Spice","InkBottle","hubris:TenFootPole","hubris:Spice","hubris:Spice","hubris:Spice","hubris:Spice","hubris:Spice","Juzu Bracelet","Replay:Rubber Ducky","Consecrate+1","Lantern","StrikeDummy","Toxic Egg 2","Pen Nib","Prostrate+1","Consecrate","Mummified Hand","Singing Bowl","Lee\u0027s Waffle","Gremlin Horn","Indignation+1","Oddly Smooth Stone","Matryoshka","Letter Opener","Potion Belt","Ancient Potion","Omamori","Fruit Juice","AttackPotion","PowerPotion","CeramicFish","Replay:Baseball","HornCleat","Replay:Multitool","ReplayTheSpireMod:Ninjato","Replay:Arrowhead","EmptyFist","JustLucky","BattleHymn","EmptyBody+1","FollowUp","BottledMiracle","Consecrate","BlessingOfTheForge","BattleHymn","Prostrate+1","AttackPotion","PowerPotion"],"campfire_rested":2,"item_purchase_floors":[0,0,0,0,0,0,0,0,0,0,0,0,0,0,0,0,0,0,0,0,0,0,0,0,0,0,0,0,0,0,0,0,0,0,0,0,0,0,0,0,0,0,0,0,0,20,20,36,53,53,53,53],"current_hp_per_floor":[49,47,47,50,50,52,52,52,52,57,56,58,60,62,62,63,63,65,67,67,67,67,69,71,71,71,73,73,73,65,65,65,67,75,77,77,77,79,81,81,81,81,81,83,85,87,89,91,91,91,91,91,91,85,26],"gold":653,"neow_bonus":"","is_daily":false,"chose_seed":false,"campfire_upgraded":6,"win_rate":0.0,"timestamp":1613807103,"path_taken":["M","?","?","?","?","E","?","R","T","R","?","M","E","M","R","BOSS","M","M","$","?","?","E","M","R","T","M","?","R","M","?","R_BF","BOSS","M","$","?","M","M","R","M","?","T","R","M","M","M","E","R_BF","BOSS","R","$","E","BOSS"],"items_purchased_type":["Relic","Relic","Relic","Relic","Relic","Relic","Relic","Relic","Relic","Relic","Relic","Relic","Relic","Card","Relic","Relic","Relic","Relic","Card","Card","Relic","Relic","Relic","Relic","Card","Relic","Relic","Relic","Relic","Potion","Relic","Potion","Potion","Potion","Relic","Relic","Relic","Relic","Relic","Relic","Card","Card","Card","Card","Card","Potion","Card","Potion","Card","Card","Potion","Potion"],"build_version":"2020-12-22","purchased_purges":10,"victory":true,"max_hp_per_floor":[49,55,55,55,55,57,57,57,57,57,57,59,61,63,63,63,63,65,67,67,67,67,69,71,71,71,73,73,73,75,75,75,77,77,79,79,79,81,83,83,83,83,83,83,85,87,89,91,91,91,91,91,91,85,85],"card_choices":[{"not_picked":["BowlingBash","WreathOfFlame+1","Halt+1"],"picked":"Singing Bowl","floor":1},{"not_picked":["hubris:SpiceAddiction","WheelKick","FlyingSleeves"],"picked":"Singing Bowl","floor":2},{"not_picked":["EmptyFist","CrushJoints","hubris:SpiceAddiction"],"picked":"Singing Bowl","floor":2},{"not_picked":["EmptyFist","Halt+1","Replay:AtTheReady+1"],"picked":"Singing Bowl","floor":2},{"not_picked":["hubris:SpiceAddiction","Replay:ManipulateFuture+1"],"picked":"Prostrate+1","floor":2},{"not_picked":["BowlingBash","DeusExMachina+1","Conclude"],"picked":"Singing Bowl","floor":6},{"not_picked":["hubris:SpiceAddiction","FollowUp","WaveOfTheHand+1"],"picked":"Singing Bowl","floor":12},{"not_picked":["Wallop","SandsOfTime","WindmillStrike"],"picked":"Singing Bowl","floor":13},{"not_picked":["Replay:Vibes+1","hubris:SpiceAddiction","SashWhip"],"picked":"Singing Bowl","floor":14},{"not_picked":["Replay:AllIn+1","Wish+1"],"picked":"DevaForm","floor":16},{"not_picked":["EmptyMind+1","SashWhip","Pray+1"],"picked":"Singing Bowl","floor":18},{"not_picked":["FlurryOfBlows","Replay:AtTheReady+1","BattleHymn"],"picked":"Singing Bowl","floor":19},{"not_picked":["Tantrum","Indignation+1","ThirdEye+1"],"picked":"Singing Bowl","floor":23},{"not_picked":["Crescendo+1","Replay:Anticipation+1","ForeignInfluence+1"],"picked":"Singing Bowl","floor":24},{"not_picked":["hubris:SpiceAddiction","LikeWater","Replay:AtTheReady+1"],"picked":"SKIP","floor":27},{"not_picked":["hubris:SpiceAddiction","LikeWater","Replay:AtTheReady+1"],"picked":"Singing Bowl","floor":27},{"not_picked":["Replay:AtTheReady+1","EmptyFist","Protect+1"],"picked":"Singing Bowl","floor":30},{"not_picked":["SpiritShield+1","Blasphemy+1","Replay:LoomingThreat"],"picked":"Singing Bowl","floor":33},{"not_picked":["FlyingSleeves","BattleHymn+1","JustLucky"],"picked":"Singing Bowl","floor":35},{"not_picked":["hubris:SpiceAddiction","hubris:SpiceAddiction","hubris:SpiceAddiction"],"picked":"Singing Bowl","floor":38},{"not_picked":["Replay:DivineShield+1","WindmillStrike","EmptyBody+1"],"picked":"SKIP","floor":39},{"not_picked":["Replay:DivineShield+1","WindmillStrike","EmptyBody+1"],"picked":"Singing Bowl","floor":39},{"not_picked":["EmptyFist","hubris:SpiceAddiction","Crescendo+1"],"picked":"SKIP","floor":41},{"not_picked":["Replay:Anticipation+1","hubris:SpiceAddiction","Halt+1"],"picked":"Singing Bowl","floor":45},{"not_picked":["WheelKick","Blasphemy+1","hubris:SpiceAddiction"],"picked":"Singing Bowl","floor":46},{"not_picked":["FollowUp","hubris:SpiceAddiction","hubris:SpiceAddiction"],"picked":"Singing Bowl","floor":47},{"not_picked":["CutThroughFate+1","Replay:ManipulateFuture+1","Adaptation"],"picked":"Singing Bowl","floor":48},{"not_picked":["FlurryOfBlows","MentalFortress","Establishment"],"picked":"Singing Bowl","floor":54}],"player_experience":213123,"relics_obtained":[{"floor":5,"key":"Circlet"},{"floor":26,"key":"Circlet"},{"floor":31,"key":"Ring of Misfortune"},{"floor":32,"key":"Circlet"},{"floor":48,"key":"Circlet"},{"floor":54,"key":"hubris:Spice"}],"event_choices":[{"damage_healed":0,"gold_gain":0,"player_choice":"Trade","damage_taken":0,"relics_obtained":["GremlinMask"],"max_hp_gain":0,"max_hp_loss":0,"event_name":"FaceTrader","floor":3,"gold_loss":0},{"damage_healed":0,"gold_gain":0,"player_choice":"Left Gold","damage_taken":0,"max_hp_gain":0,"max_hp_loss":0,"event_name":"World of Goop","floor":7,"gold_loss":47},{"damage_healed":0,"gold_gain":0,"player_choice":"Bought 0 Potions","damage_taken":0,"max_hp_gain":0,"max_hp_loss":0,"event_name":"The Woman in Blue","floor":11,"gold_loss":0},{"damage_healed":0,"gold_gain":0,"player_choice":"Ignored","damage_taken":0,"max_hp_gain":0,"max_hp_loss":0,"event_name":"WeMeetAgain","floor":15,"gold_loss":0},{"damage_healed":0,"gold_gain":0,"cards_transformed":["Indignation"],"player_choice":"Transformed","damage_taken":0,"max_hp_gain":0,"max_hp_loss":0,"event_name":"Transmorgrifier","floor":22,"gold_loss":0,"cards_obtained":["Sanctity"]},{"damage_healed":0,"gold_gain":0,"cards_transformed":["EmptyFist"],"player_choice":"Transformed","damage_taken":0,"max_hp_gain":0,"max_hp_loss":0,"event_name":"Transmorgrifier","floor":37,"gold_loss":0,"cards_obtained":["Vault"]},{"damage_healed":0,"gold_gain":0,"player_choice":"Got Potions","damage_taken":0,"max_hp_gain":0,"max_hp_loss":0,"event_name":"Lab","floor":40,"gold_loss":0}],"is_beta":false,"boss_relics":[{"not_picked":["Ectoplasm","hubris:Spice"],"picked":"Replay:Wanted Poster"},{"not_picked":["hubris:Spice","hubris:Spice"],"picked":"Pandora\u0027s Box"}],"items_purged_floors":[0,0,0,0,0,0,0,0,0,0],"is_endless":false,"potions_floor_spawned":[1,6,16,18,23,30,35,41,45,46,48,54],"ascension_level":19}}