{"host":"8u9gkmadxi1im6dj","time":1613784136,"event":{"mods":["Act Like it!","Bard","BaseMod","Block Reminder","Colored Map","Colored Powertips","DeckTracker","Downfall","Infinite Spire","Jorbs\u0027s Wanderer Trilogy","Marisa????????","Minty Spire (QoL Compilation)","Pale of the Ancients","Permanent Neow","Quick Restart","Random Character Button","Relic Sorter","Relic Stats","Replay The Spire","Shade Mod","StSLib","The Bug Knight","The Cursed","The IronCluck","The Necromancer","The Servant 0.9.4"],"gold_per_floor":[118,26,26,36,36,36,36,36,36,51,83,83,99,99,99,99,99],"floor_reached":16,"language":"ENG","playtime":462,"items_purged":[],"score":103,"play_id":"6e5b3c40-92d0-401f-92d0-1f47b5085cf3","local_time":"20210220022216","is_ascension_mode":true,"campfire_choices":[{"data":"Pommel Strike","floor":6,"key":"SMITH"},{"floor":8,"key":"RECALL"},{"data":"Armaments","floor":15,"key":"SMITH"}],"circlet_count":0,"master_deck":["Strike_R","Strike_R","Strike_R","Strike_R","Strike_R","Defend_R","Defend_R","Defend_R","Defend_R","Bash","Body Slam","Evolve+1","Wild Strike","Pommel Strike+1","Armaments+1","Pommel Strike"],"relics":["Burning Blood","Question Card","Snack Pack","HollowMod:LifeEnderRelic"],"acts_visited":["Exordium"],"potions_floor_usage":[],"damage_taken":[{"damage":13,"enemies":"Jaw Worm","floor":1,"turns":3},{"damage":0,"enemies":"Cultist","floor":4,"turns":4},{"damage":1,"enemies":"2 Louse","floor":10,"turns":2},{"damage":44,"enemies":"Lagavulin","floor":11,"turns":6},{"damage":10,"enemies":"Looter","floor":13,"turns":3},{"damage":57,"enemies":"Hexaghost","floor":16,"turns":11}],"seed_played":"195653415834568540","potions_obtained":[{"floor":10,"key":"Elixir"}],"is_trial":false,"path_per_floor":["M","$","?","M","$","R","T","R","T","M","E","?","M","?","R","B"],"character_chosen":"IRONCLAD","items_purchased":["Evolve","Wild Strike"],"campfire_rested":0,"item_purchase_floors":[2,2],"current_hp_per_floor":[81,81,81,87,87,87,87,87,87,88,52,52,48,53,53,0,0],"gold":99,"neow_bonus":"TEN_PERCENT_HP_BONUS","is_daily":false,"chose_seed":false,"campfire_upgraded":2,"win_rate":0.0,"timestamp":1613784136,"path_taken":["M","$","?","M","$","R","?","R","T","?","E","?","M","?","R","BOSS"],"items_purchased_type":["Card","Card"],"build_version":"2020-12-22","purchased_purges":0,"victory":false,"max_hp_per_floor":[88,88,88,88,88,88,88,88,88,88,88,88,88,93,93,93,93],"relic_stats":{"counters":[6,29],"Question Card":4,"obtain_stats":[{"HollowMod:LifeEnderRelic":11,"Snack Pack":9,"Question Card":7,"Burning Blood":0},{"HollowMod:LifeEnderRelic":4,"Snack Pack":2,"Question Card":2,"Burning Blood":0},{"HollowMod:LifeEnderRelic":15,"Snack Pack":7,"Question Card":7,"Burning Blood":0}],"Burning Blood":26},"card_choices":[{"not_picked":["Headbutt","Spot Weakness"],"picked":"Body Slam","floor":1},{"not_picked":["Iron Wave","Perfected Strike"],"picked":"Pommel Strike","floor":4},{"not_picked":["Thunderclap","Dual Wield","Abandon"],"picked":"Armaments","floor":10},{"not_picked":["Dropkick","Clothesline","Second Wind"],"picked":"Pommel Strike","floor":11},{"not_picked":["Havoc","Juggernaut","True Grit","Twin Strike"],"picked":"SKIP","floor":13}],"player_experience":101887,"relics_obtained":[{"floor":7,"key":"Question Card"},{"floor":9,"key":"Snack Pack"},{"floor":11,"key":"HollowMod:LifeEnderRelic"}],"event_choices":[{"damage_healed":0,"gold_gain":0,"player_choice":"Grow","damage_taken":0,"max_hp_gain":0,"max_hp_loss":0,"event_name":"Living Wall","floor":3,"gold_loss":0,"cards_upgraded":["Evolve"]},{"damage_healed":0,"gold_gain":0,"player_choice":"Donut","damage_taken":0,"max_hp_gain":5,"max_hp_loss":0,"event_name":"Big Fish","floor":14,"gold_loss":0}],"is_beta":false,"boss_relics":[],"items_purged_floors":[],"is_endless":false,"potions_floor_spawned":[10],"killed_by":"Hexaghost","ascension_level":1}}