{"host":"5tzvto3beate6p8b","time":1613806029,"event":{"mods":["BaseMod","Colored Map","Minty Spire (QoL Compilation)","StSLib","SuperFastMode"],"gold_per_floor":[165,185,185,203,203,203,234,251,303,303,303,314,345,361,361,459,459,472,483,483,35,35,35,9,9,35,46,46,81,100,112,112,237,237,256,75,7,83,163,224,224,9,80,80,80,98,131,131,131,131],"floor_reached":51,"language":"JPN","playtime":3059,"items_purged":["Strike_P","Pain"],"score":1235,"play_id":"c5065455-4742-4bd6-8a7f-8ca55c6f46b7","local_time":"20210220162709","is_ascension_mode":true,"campfire_choices":[{"data":"Worship","floor":6.0,"key":"SMITH"},{"data":"Omniscience","floor":11.0,"key":"SMITH"},{"data":"WindmillStrike","floor":15.0,"key":"SMITH"},{"data":"Devotion","floor":23.0,"key":"SMITH"},{"data":"TalkToTheHand","floor":25.0,"key":"SMITH"},{"floor":28.0,"key":"REST"},{"data":"Wish","floor":32.0,"key":"SMITH"},{"data":"Perseverance","floor":41.0,"key":"SMITH"},{"data":"WaveOfTheHand","floor":44.0,"key":"SMITH"},{"data":"Wallop","floor":49,"key":"SMITH"}],"circlet_count":0,"master_deck":["AscendersBane","Defend_P+1","Defend_P+1","Defend_P","Defend_P+1","Eruption","Vigilance","Wallop+1","FollowUp","Worship+1","EmptyMind+1","Adaptation","Omniscience+1","WindmillStrike+1","CutThroughFate","WaveOfTheHand+1","TalkToTheHand+1","SpiritShield","FollowUp+1","Wallop+1","Devotion+1","Brilliance","Prostrate","Protect","CrushJoints","Vengeance","EmptyBody","Perseverance+1","FollowUp","Wish+1","WheelKick","Blasphemy","Prostrate+1","Adaptation","BowlingBash+1","WheelKick","Conclude+1","Vault","BowlingBash+1"],"relics":["Tiny House","TeardropLocket","Art of War","Bottled Lightning","War Paint","Cursed Key","PreservedInsect","Shuriken","Snecko Eye","Potion Belt","Turnip","Eternal Feather","Pear","Spirit Poop","Pocketwatch"],"acts_visited":["Exordium","TheCity","TheBeyond"],"potions_floor_usage":[48,50,50,50],"damage_taken":[{"damage":0.0,"enemies":"2 Louse","floor":1.0,"turns":3.0},{"damage":0.0,"enemies":"Jaw Worm","floor":2.0,"turns":5.0},{"damage":0.0,"enemies":"Cultist","floor":4.0,"turns":5.0},{"damage":6.0,"enemies":"3 Sentries","floor":7.0,"turns":7.0},{"damage":0.0,"enemies":"Large Slime","floor":8.0,"turns":4.0},{"damage":0.0,"enemies":"Exordium Wildlife","floor":12.0,"turns":4.0},{"damage":11.0,"enemies":"Lagavulin","floor":13.0,"turns":5.0},{"damage":3.0,"enemies":"Lots of Slimes","floor":14.0,"turns":4.0},{"damage":23.0,"enemies":"Hexaghost","floor":16.0,"turns":13.0},{"damage":6.0,"enemies":"Shell Parasite","floor":18.0,"turns":5.0},{"damage":8.0,"enemies":"2 Thieves","floor":19.0,"turns":4.0},{"damage":14.0,"enemies":"Cultist and Chosen","floor":27.0,"turns":5.0},{"damage":19.0,"enemies":"Slavers","floor":29.0,"turns":5.0},{"damage":0.0,"enemies":"Centurion and Healer","floor":30.0,"turns":3.0},{"damage":0.0,"enemies":"Chosen and Byrds","floor":31.0,"turns":8.0},{"damage":19.0,"enemies":"Champ","floor":33.0,"turns":7.0},{"damage":11.0,"enemies":"3 Darklings","floor":35.0,"turns":6.0},{"damage":3.0,"enemies":"Orb Walker","floor":38.0,"turns":3.0},{"damage":0.0,"enemies":"Mind Bloom Boss Battle","floor":39.0,"turns":4.0},{"damage":33.0,"enemies":"Nemesis","floor":40.0,"turns":5.0},{"damage":0,"enemies":"Sphere and 2 Shapes","floor":46,"turns":4},{"damage":0,"enemies":"Reptomancer","floor":47,"turns":3},{"damage":24,"enemies":"Awakened One","floor":50,"turns":6}],"seed_played":"4603628902923447866","potions_obtained":[{"floor":0.0,"key":"FairyPotion"},{"floor":4.0,"key":"Fire Potion"},{"floor":8.0,"key":"Regen Potion"},{"floor":27.0,"key":"Strength Potion"},{"floor":33.0,"key":"LiquidBronze"},{"floor":38.0,"key":"Ancient Potion"},{"floor":48,"key":"Fruit Juice"},{"floor":48,"key":"Ancient Potion"},{"floor":48,"key":"Strength Potion"}],"is_trial":false,"path_per_floor":["M","M","?","M","?","R","E","M","T","T","R","M","E","M","R","B",null,"M","M","?","$","?","R","$","R","T","M","R","E","M","M","R","B",null,"M","$","?","M","?","E","R","$","T","R","?","M","E","?","R","B",null],"character_chosen":"WATCHER","items_purchased":["Devotion","Brilliance","Prostrate","Protect","EmptyBody","Adaptation","Vault","Strength Potion"],"campfire_rested":1,"item_purchase_floors":[21,21,21,21,24,36,42,42],"current_hp_per_floor":[70,70,70,70,55,55,49,49,49,49,49,49,38,35,35,12,61,55,47,47,47,47,47,47,47,47,47,70,51,51,51,51,32,66,55,55,55,52,52,19,40,40,50,71,71,71,71,76,92,68],"gold":131,"neow_bonus":"BOSS_RELIC","is_daily":false,"chose_seed":false,"campfire_upgraded":9,"win_rate":0.0,"timestamp":1613806029,"path_taken":["M","M","?","M","?","R","E","M","T","?","R","M","E","M","R","BOSS","M","?","?","?","?","R","$","R","T","M","R","E","M","M","R","BOSS","M","$","?","?","?","E","R","$","T","R","?","?","E","?","R","BOSS"],"items_purchased_type":["Card","Card","Card","Card","Card","Card","Card","Potion"],"build_version":"2020-12-22","purchased_purges":2,"victory":true,"max_hp_per_floor":[77,77,77,77,77,77,77,77,77,77,77,77,77,77,77,77,77,77,77,77,77,77,77,77,77,77,77,77,77,77,77,77,77,77,77,77,77,77,77,77,77,77,87,87,87,87,87,92,92,92],"card_choices":[{"not_picked":["Halt","CarveReality"],"picked":"Wallop","floor":0.0},{"not_picked":["WindmillStrike","ClearTheMind"],"picked":"FollowUp","floor":1.0},{"not_picked":["CrushJoints","Perseverance"],"picked":"Worship","floor":2.0},{"not_picked":["FlyingSleeves","SashWhip"],"picked":"Adaptation","floor":4.0},{"not_picked":["Pray","BowlingBash"],"picked":"Omniscience","floor":7.0},{"not_picked":["FlurryOfBlows","Study"],"picked":"WindmillStrike","floor":8.0},{"not_picked":["EmptyBody","EmptyFist"],"picked":"CutThroughFate","floor":12.0},{"not_picked":["SashWhip","Halt"],"picked":"WaveOfTheHand","floor":13.0},{"not_picked":["Meditate","MentalFortress"],"picked":"TalkToTheHand","floor":14.0},{"not_picked":["Scrawl","MasterReality"],"picked":"SpiritShield","floor":16.0},{"not_picked":["Consecrate","WaveOfTheHand"],"picked":"FollowUp+1","floor":18.0},{"not_picked":["Nirvana","Evaluate"],"picked":"Wallop","floor":19.0},{"not_picked":["FollowUp","EmptyBody"],"picked":"Perseverance","floor":27.0},{"not_picked":["PathToVictory","ThirdEye"],"picked":"FollowUp","floor":29.0},{"not_picked":["ClearTheMind","FlurryOfBlows+1"],"picked":"Wish","floor":30.0},{"not_picked":["BowlingBash","FearNoEvil"],"picked":"WheelKick","floor":31.0},{"not_picked":["ConjureBlade","MasterReality"],"picked":"Blasphemy","floor":33.0},{"not_picked":["SignatureMove+1","JustLucky"],"picked":"Prostrate+1","floor":35.0},{"not_picked":["ThirdEye","WindmillStrike+1"],"picked":"BowlingBash+1","floor":38.0},{"not_picked":["EmptyBody","BowlingBash"],"picked":"WheelKick","floor":39.0},{"not_picked":["ThirdEye","CutThroughFate+1"],"picked":"Conclude+1","floor":40.0},{"not_picked":["Wireheading+1","EmptyBody+1"],"picked":"BowlingBash+1","floor":46},{"not_picked":["BowlingBash","Sanctity","LikeWater+1"],"picked":"SKIP","floor":47}],"player_experience":811950,"relics_obtained":[{"floor":7.0,"key":"TeardropLocket"},{"floor":9.0,"key":"Art of War"},{"floor":10.0,"key":"Bottled Lightning"},{"floor":13.0,"key":"War Paint"},{"floor":26.0,"key":"PreservedInsect"},{"floor":29.0,"key":"Shuriken"},{"floor":39.0,"key":"Turnip"},{"floor":40.0,"key":"Eternal Feather"},{"floor":43.0,"key":"Pear"},{"floor":47,"key":"Pocketwatch"}],"event_choices":[{"damage_healed":0.0,"max_hp_gain":0.0,"max_hp_loss":0.0,"gold_gain":0.0,"cards_transformed":["Strike_P"],"event_name":"Living Wall","player_choice":"Change","floor":3.0,"gold_loss":0.0,"damage_taken":0.0,"cards_obtained":["EmptyMind"]},{"damage_healed":0.0,"max_hp_gain":0.0,"max_hp_loss":0.0,"gold_gain":0.0,"event_name":"Shining Light","player_choice":"Entered Light","floor":5.0,"gold_loss":0.0,"damage_taken":15.0,"cards_upgraded":["Defend_P","Wallop"]},{"damage_healed":0.0,"max_hp_gain":0.0,"max_hp_loss":0.0,"gold_gain":0.0,"event_name":"Vampires","player_choice":"Ignored","floor":20.0,"gold_loss":0.0,"damage_taken":0.0},{"damage_healed":0.0,"max_hp_gain":0.0,"max_hp_loss":0.0,"gold_gain":0.0,"cards_transformed":["Strike_P","Strike_P"],"event_name":"Drug Dealer","player_choice":"Became Test Subject","floor":22.0,"gold_loss":0.0,"damage_taken":0.0,"cards_obtained":["CrushJoints","Vengeance"]},{"damage_healed":0.0,"max_hp_gain":0.0,"max_hp_loss":0.0,"gold_gain":0.0,"event_name":"WeMeetAgain","player_choice":"Paid Gold","floor":37.0,"gold_loss":68.0,"damage_taken":0.0,"relics_obtained":["Potion Belt"]},{"damage_healed":0.0,"max_hp_gain":0.0,"max_hp_loss":0.0,"gold_gain":0.0,"event_name":"MindBloom","player_choice":"Fight","floor":39.0,"gold_loss":0.0,"damage_taken":0.0},{"cards_removed":["Writhe"],"damage_healed":0.0,"max_hp_gain":0.0,"max_hp_loss":0.0,"gold_gain":0.0,"event_name":"Bonfire Elementals","player_choice":"Offered Curse","floor":45.0,"gold_loss":0.0,"damage_taken":0.0,"relics_obtained":["Spirit Poop"]},{"damage_healed":0,"gold_gain":0,"player_choice":"Got Potions","damage_taken":0,"max_hp_gain":0,"max_hp_loss":0,"event_name":"Lab","floor":48,"gold_loss":0}],"is_beta":false,"boss_relics":[{"not_picked":["Velvet Choker","Calling Bell"],"picked":"Cursed Key"},{"not_picked":["Fusion Hammer","Sozu"],"picked":"Snecko Eye"}],"items_purged_floors":[21,36],"is_endless":false,"potions_floor_spawned":[4,8,13,16,19,27,33,35,38],"ascension_level":11}}