{"host":"1n4zh8skucxnzijq","time":1613848423,"event":{"mods":["AchievementEnabler","BaseMod","Minty Spire (QoL Compilation)","Quick Restart"],"gold_per_floor":[111,111,125,135,135,135,165,179,179,189,189,264,26,26,26,105,105,125,125,40,40,55,55,82,82,82,93,103,103,103,103,103,180,180,191,202,218,218,237,237,237,237,306,316,316,316],"floor_reached":45,"language":"ENG","playtime":2450,"items_purged":["Defend_B"],"score":891,"play_id":"a088edfb-57ef-4fa8-ae7f-7dae32a4ee96","local_time":"20210220191343","is_ascension_mode":true,"campfire_choices":[{"data":"Zap","floor":6,"key":"SMITH"},{"data":"Buffer","floor":11,"key":"SMITH"},{"data":"Dualcast","floor":15,"key":"SMITH"},{"data":"Echo Form","floor":23,"key":"SMITH"},{"data":"Loop","floor":25,"key":"SMITH"},{"data":"Streamline","floor":30,"key":"SMITH"},{"data":"Heatsinks","floor":32,"key":"SMITH"},{"data":"Fission","floor":40,"key":"SMITH"},{"data":"Rebound","floor":42,"key":"SMITH"}],"circlet_count":0,"master_deck":["AscendersBane","Defend_B","Defend_B","Zap+1","Dualcast+1","Rebound+1","Ball Lightning","Glacier","Buffer+1","Streamline+1","Auto Shields","Echo Form+1","Ball Lightning","Stack","Heatsinks+1","Loop+1","Fission+1","Fusion+1","Rip and Tear+1","Steam+1","Writhe"],"relics":["Cracked Core","NeowsBlessing","Symbiotic Virus","HornCleat","Singing Bowl","ClockworkSouvenir","Dead Branch","Sozu","Centennial Puzzle","Ice Cream","Pantograph","Astrolabe"],"acts_visited":["Exordium","TheCity","TheBeyond"],"potions_floor_usage":[10,16,16,24],"damage_taken":[{"damage":0,"enemies":"2 Louse","floor":1,"turns":1},{"damage":0,"enemies":"Cultist","floor":3,"turns":1},{"damage":0,"enemies":"Jaw Worm","floor":4,"turns":1},{"damage":11,"enemies":"3 Sentries","floor":7,"turns":7},{"damage":2,"enemies":"Blue Slaver","floor":8,"turns":2},{"damage":11,"enemies":"Looter","floor":10,"turns":2},{"damage":8,"enemies":"The Guardian","floor":16,"turns":9},{"damage":0,"enemies":"Spheric Guardian","floor":18,"turns":3},{"damage":0,"enemies":"Chosen","floor":22,"turns":4},{"damage":17,"enemies":"Slavers","floor":24,"turns":7},{"damage":10,"enemies":"Shelled Parasite and Fungi","floor":27,"turns":5},{"damage":13,"enemies":"Snake Plant","floor":28,"turns":3},{"damage":47,"enemies":"Champ","floor":33,"turns":10},{"damage":13,"enemies":"3 Darklings","floor":35,"turns":7},{"damage":0,"enemies":"3 Shapes","floor":36,"turns":5},{"damage":24,"enemies":"Maw","floor":37,"turns":5},{"damage":15,"enemies":"4 Shapes","floor":39,"turns":6},{"damage":3,"enemies":"Transient","floor":44,"turns":6},{"damage":40,"enemies":"Nemesis","floor":45,"turns":5}],"seed_played":"5326459716568157067","potions_obtained":[{"floor":1,"key":"FearPotion"},{"floor":8,"key":"EntropicBrew"},{"floor":10,"key":"AttackPotion"},{"floor":16,"key":"FearPotion"}],"is_trial":false,"path_per_floor":["M","?","M","M","T","R","E","M","T","M","R","?","$","T","R","B",null,"M","?","?","?","M","R","E","R","T","M","M","?","R","?","R","B",null,"M","M","M","?","M","R","?","R","T","M","E"],"character_chosen":"DEFECT","items_purchased":["ClockworkSouvenir"],"campfire_rested":0,"item_purchase_floors":[13],"current_hp_per_floor":[64,60,60,60,60,60,49,47,47,36,36,25,25,25,25,17,58,58,58,58,71,73,73,56,56,56,48,37,37,37,52,52,30,65,54,56,34,34,21,21,38,38,38,37,0,0],"gold":316,"neow_bonus":"THREE_ENEMY_KILL","is_daily":false,"chose_seed":false,"campfire_upgraded":9,"win_rate":0.0,"timestamp":1613848423,"path_taken":["M","?","?","M","?","R","E","M","T","M","R","?","?","?","R","BOSS","M","?","?","?","M","R","E","R","T","?","M","?","R","?","R","BOSS","M","M","M","?","?","R","?","R","T","M","E"],"items_purchased_type":["Relic"],"build_version":"2020-12-22","purchased_purges":1,"victory":false,"max_hp_per_floor":[71,71,71,71,71,71,71,71,71,71,71,71,71,71,71,71,71,71,71,71,71,73,73,73,73,73,75,77,77,77,77,77,77,77,79,81,83,83,85,85,85,85,85,87,87,87],"card_choices":[{"not_picked":["Heatsinks","Steam"],"picked":"Rebound","floor":1},{"not_picked":["Barrage","Self Repair"],"picked":"Ball Lightning","floor":3},{"not_picked":["Chill","Conserve Battery"],"picked":"Glacier","floor":4},{"not_picked":["Force Field","Heatsinks"],"picked":"Buffer","floor":7},{"not_picked":["Coolheaded","Stack"],"picked":"Streamline","floor":8},{"not_picked":["Turbo","Redo"],"picked":"Auto Shields","floor":10},{"not_picked":["Core Surge","Seek"],"picked":"Echo Form","floor":16},{"not_picked":["Leap","Coolheaded"],"picked":"Ball Lightning","floor":18},{"not_picked":["Compile Driver","Redo","Leap"],"picked":"Singing Bowl","floor":22},{"not_picked":["Rebound","Leap"],"picked":"Loop","floor":24},{"not_picked":["Sweeping Beam","Reprogram","Skim"],"picked":"Singing Bowl","floor":27},{"not_picked":["Streamline+1","Heatsinks","Skim"],"picked":"Singing Bowl","floor":28},{"not_picked":["Rainbow","All For One"],"picked":"Fission","floor":33},{"not_picked":["Hello World","Sweeping Beam+1","Cold Snap+1"],"picked":"Singing Bowl","floor":35},{"not_picked":["Static Discharge","Sweeping Beam+1","Rebound"],"picked":"Singing Bowl","floor":36},{"not_picked":["Streamline","Stack","Sweeping Beam"],"picked":"Singing Bowl","floor":37},{"not_picked":["Self Repair","Beam Cell","Go for the Eyes"],"picked":"Singing Bowl","floor":39},{"not_picked":["Scrape","Sweeping Beam","Rebound+1"],"picked":"Singing Bowl","floor":44}],"player_experience":1118586,"relics_obtained":[{"floor":5,"key":"Symbiotic Virus"},{"floor":7,"key":"HornCleat"},{"floor":9,"key":"Singing Bowl"},{"floor":14,"key":"Dead Branch"},{"floor":24,"key":"Ice Cream"},{"floor":26,"key":"Pantograph"}],"event_choices":[{"damage_healed":0,"gold_gain":0,"player_choice":"Bought 0 Potions","damage_taken":0,"max_hp_gain":0,"max_hp_loss":0,"event_name":"The Woman in Blue","floor":2,"gold_loss":0},{"damage_healed":0,"gold_gain":75,"player_choice":"Gather Gold","damage_taken":11,"max_hp_gain":0,"max_hp_loss":0,"event_name":"World of Goop","floor":12,"gold_loss":0},{"damage_healed":0,"gold_gain":0,"cards_transformed":["Strike_B","Strike_B"],"player_choice":"Became Test Subject","damage_taken":0,"max_hp_gain":0,"max_hp_loss":0,"event_name":"Drug Dealer","floor":19,"gold_loss":0,"cards_obtained":["Stack","Heatsinks"]},{"damage_healed":0,"gold_gain":0,"player_choice":"Obtained Relic","damage_taken":0,"relics_obtained":["Centennial Puzzle"],"max_hp_gain":0,"max_hp_loss":0,"event_name":"Addict","floor":20,"gold_loss":85},{"damage_healed":13,"gold_gain":0,"player_choice":"Full Heal","damage_taken":0,"max_hp_gain":0,"max_hp_loss":0,"event_name":"Wheel of Change","floor":21,"gold_loss":0},{"damage_healed":0,"gold_gain":0,"player_choice":"Ignored","damage_taken":0,"max_hp_gain":0,"max_hp_loss":0,"event_name":"Vampires","floor":29,"gold_loss":0},{"damage_healed":15,"gold_gain":0,"player_choice":"Heal","damage_taken":0,"max_hp_gain":0,"max_hp_loss":0,"event_name":"The Library","floor":31,"gold_loss":0},{"damage_healed":0,"gold_gain":0,"player_choice":"0 cards matched","damage_taken":0,"max_hp_gain":0,"max_hp_loss":0,"event_name":"Match and Keep!","floor":38,"gold_loss":0,"cards_obtained":[]},{"damage_healed":17,"gold_gain":0,"player_choice":"Writhe","damage_taken":0,"max_hp_gain":0,"max_hp_loss":0,"event_name":"Winding Halls","floor":41,"gold_loss":0,"cards_obtained":["Writhe"]}],"is_beta":false,"boss_relics":[{"not_picked":["FrozenCore","Empty Cage"],"picked":"Sozu"},{"not_picked":["Fusion Hammer","Runic Dome"],"picked":"Astrolabe"}],"items_purged_floors":[13],"is_endless":false,"potions_floor_spawned":[1,8,10,16,27,33,35,37,39],"killed_by":"Nemesis","ascension_level":20}}