{"host":"dztixnx9b0gu6w9i","time":1613858406,"event":{"mods":["BaseMod","Bestiary","Minty Spire (QoL Compilation)","Relic Stats","SpireBot","ojb\u0027s Better Paths Mod","ojb\u0027s Info Mod"],"gold_per_floor":[17,17,28,28,42,42,52,80,80,80,95,105,117,144,144,216,216,226,226,27,38,52,52,71,98,123,123,138,166,177,188,188,262,262,272,285,3,3,20,54,54,65,92,107,119,148,148,176,176,176,176,176,176,21,50,50],"floor_reached":57,"language":"ENG","playtime":11866,"items_purged":["Strike_B","Ball Lightning"],"score":3075,"play_id":"1dd879a0-6cc5-4dd6-8af5-36182bc58f48","local_time":"20210220170006","is_ascension_mode":true,"campfire_choices":[{"data":"Melter","floor":6.0,"key":"SMITH"},{"data":"Barrage","floor":10.0,"key":"SMITH"},{"data":"Go for the Eyes","floor":15.0,"key":"SMITH"},{"data":"Strike_B","floor":23.0,"key":"PURGE"},{"data":"Strike_B","floor":27,"key":"PURGE"},{"data":"Defend_B","floor":32,"key":"PURGE"},{"floor":41,"key":"RECALL"},{"data":"Capacitor","floor":49,"key":"SMITH"},{"data":"Machine Learning","floor":53,"key":"SMITH"}],"circlet_count":0,"master_deck":["AscendersBane","Defend_B+1","Defend_B","Zap+1","Dualcast","Echo Form","Barrage+1","Genetic Algorithm","Coolheaded+1","Melter+1","Reinforced Body","Undo","Go for the Eyes+1","Core Surge+1","Conserve Battery","Cold Snap","Glacier","Cold Snap","Rebound+1","Machine Learning+1","Coolheaded","Steam Power+1","Echo Form","Echo Form","Blizzard+1","Glacier+1","Blizzard+1","Genetic Algorithm","Go for the Eyes+1","Coolheaded","Capacitor+1","Glacier+1","Echo Form"],"relics":["Cracked Core","War Paint","Meat on the Bone","Peace Pipe","Runic Dome","Eternal Feather","Anchor","Bag of Preparation","Cables","SlaversCollar","DollysMirror","Oddly Smooth Stone","Happy Flower","Whetstone","TungstenRod","Lantern"],"acts_visited":["Exordium","TheCity","TheBeyond","TheEnding"],"potions_floor_usage":[29,33,40,55,56,56],"damage_taken":[{"damage":1.0,"enemies":"2 Louse","floor":1.0,"turns":2.0},{"damage":5.0,"enemies":"Cultist","floor":3.0,"turns":3.0},{"damage":0.0,"enemies":"Small Slimes","floor":5.0,"turns":2.0},{"damage":2.0,"enemies":"Exordium Thugs","floor":7.0,"turns":3.0},{"damage":38.0,"enemies":"Gremlin Nob","floor":8.0,"turns":4.0},{"damage":3.0,"enemies":"Looter","floor":11.0,"turns":3.0},{"damage":5.0,"enemies":"Gremlin Gang","floor":12.0,"turns":4.0},{"damage":2.0,"enemies":"3 Louse","floor":13.0,"turns":3.0},{"damage":10.0,"enemies":"3 Sentries","floor":14.0,"turns":5.0},{"damage":13.0,"enemies":"Slime Boss","floor":16.0,"turns":10.0},{"damage":0.0,"enemies":"Chosen","floor":18.0,"turns":4.0},{"damage":2.0,"enemies":"3 Byrds","floor":21.0,"turns":5.0},{"damage":3.0,"enemies":"Snake Plant","floor":22.0,"turns":5.0},{"damage":0.0,"enemies":"Sentry and Sphere","floor":24.0,"turns":4.0},{"damage":21.0,"enemies":"Gremlin Leader","floor":25.0,"turns":6.0},{"damage":0,"enemies":"Snecko","floor":28,"turns":7},{"damage":10,"enemies":"Slavers","floor":29,"turns":7},{"damage":1,"enemies":"3 Cultists","floor":30,"turns":7},{"damage":0,"enemies":"Centurion and Healer","floor":31,"turns":6},{"damage":0,"enemies":"Champ","floor":33,"turns":11},{"damage":3,"enemies":"3 Shapes","floor":35,"turns":5},{"damage":0,"enemies":"3 Darklings","floor":36,"turns":6},{"damage":0,"enemies":"Maw","floor":39,"turns":8},{"damage":2,"enemies":"Reptomancer","floor":40,"turns":7},{"damage":12,"enemies":"Writhing Mass","floor":42,"turns":6},{"damage":11,"enemies":"Transient","floor":44,"turns":6},{"damage":0,"enemies":"Spire Growth","floor":45,"turns":8},{"damage":0,"enemies":"Nemesis","floor":46,"turns":9},{"damage":0,"enemies":"Giant Head","floor":48,"turns":9},{"damage":8,"enemies":"Time Eater","floor":50,"turns":15},{"damage":0,"enemies":"Awakened One","floor":51,"turns":15},{"damage":3,"enemies":"Shield and Spear","floor":55,"turns":6},{"damage":22,"enemies":"The Heart","floor":56,"turns":10}],"seed_played":"4713675186008207008","potions_obtained":[{"floor":1.0,"key":"ColorlessPotion"},{"floor":5.0,"key":"Explosive Potion"},{"floor":8.0,"key":"AttackPotion"},{"floor":14.0,"key":"Energy Potion"},{"floor":22.0,"key":"Explosive Potion"},{"floor":28,"key":"FocusPotion"},{"floor":30,"key":"SneckoOil"},{"floor":33,"key":"Ancient Potion"},{"floor":40,"key":"SteroidPotion"},{"floor":55,"key":"Fruit Juice"}],"is_trial":false,"path_per_floor":["M","?","M","?","M","R","M","E","T","R","M","M","M","E","R","B",null,"M","?","$","M","M","R","M","E","T","R","M","E","M","M","R","B",null,"M","M","$","?","M","E","R","M","T","M","M","E","?","E","R","B","B",null,"R","$","E","B",null],"character_chosen":"DEFECT","items_purchased":["Anchor","Cold Snap","Blizzard","DollysMirror","FocusPotion"],"campfire_rested":0,"item_purchase_floors":[20,20,37,37,54],"current_hp_per_floor":[63,63,58,58,58,58,56,18,18,18,27,34,44,46,46,45,65,65,65,65,63,60,71,71,50,50,62,62,52,51,51,66,66,70,67,67,67,67,67,65,71,59,59,48,48,48,48,48,66,58,58,66,68,68,65,48],"gold":50,"neow_bonus":"TRANSFORM_TWO_CARDS","is_daily":false,"chose_seed":false,"campfire_upgraded":5,"win_rate":0.0,"timestamp":1613858406,"path_taken":["M","?","M","?","M","R","M","E","T","R","?","M","M","E","R","BOSS","M","?","?","M","M","R","M","E","T","R","M","E","M","M","R","BOSS","M","M","$","?","M","E","R","M","T","?","M","E","?","E","R","BOSS","BOSS","R","$","E","BOSS"],"items_purchased_type":["Relic","Card","Card","Relic","Potion"],"build_version":"2020-12-22","purchased_purges":2,"victory":true,"max_hp_per_floor":[71,71,71,71,71,71,71,71,71,71,71,71,71,71,71,71,71,71,71,71,71,71,71,71,71,71,71,71,71,71,71,71,71,71,71,71,71,71,71,71,71,71,71,71,71,71,68,68,68,68,68,68,68,68,68,73],"relic_stats":{"Peace Pipe":3,"Happy Flower":[26],"counters":[33,211],"Eternal Feather":64,"Bag of Preparation":[36],"Whetstone":["Blizzard","Core Surge"],"War Paint":["Defend_B","Coolheaded"],"obtain_stats":[{"Lantern":55,"Happy Flower":43,"Oddly Smooth Stone":40,"Eternal Feather":19,"Bag of Preparation":25,"Whetstone":46,"War Paint":8,"Cables":29,"Peace Pipe":14,"Runic Dome":17,"SlaversCollar":34,"Anchor":20,"DollysMirror":37,"Cracked Core":0,"TungstenRod":48,"Meat on the Bone":9},{"Lantern":32,"Happy Flower":25,"Oddly Smooth Stone":24,"Eternal Feather":11,"Bag of Preparation":15,"Whetstone":28,"War Paint":5,"Cables":17,"Peace Pipe":9,"Runic Dome":10,"SlaversCollar":20,"Anchor":11,"DollysMirror":22,"Cracked Core":0,"TungstenRod":29,"Meat on the Bone":5},{"Lantern":201,"Happy Flower":133,"Oddly Smooth Stone":127,"Eternal Feather":43,"Bag of Preparation":63,"Whetstone":156,"War Paint":14,"Cables":77,"Peace Pipe":29,"Runic Dome":39,"SlaversCollar":101,"Anchor":43,"DollysMirror":112,"Cracked Core":0,"TungstenRod":165,"Meat on the Bone":14}],"TungstenRod":18,"Meat on the Bone":60,"Cables":[119,33,86,0,0]},"card_choices":[{"not_picked":["Redo","Turbo"],"picked":"Genetic Algorithm","floor":1.0},{"not_picked":["Gash","Blizzard"],"picked":"Coolheaded","floor":3.0},{"not_picked":["Turbo","Stack"],"picked":"Reinforced Body","floor":5.0},{"not_picked":["Static Discharge","Hologram"],"picked":"Undo","floor":7.0},{"not_picked":["Stack","Leap"],"picked":"Ball Lightning","floor":8.0},{"not_picked":["Turbo","Stack"],"picked":"Ball Lightning","floor":11.0},{"not_picked":["Steam","Barrage"],"picked":"Go for the Eyes","floor":12.0},{"not_picked":["Sweeping Beam","Gash","Barrage"],"picked":"SKIP","floor":13.0},{"not_picked":["Amplify","Redo","Hologram"],"picked":"SKIP","floor":14.0},{"not_picked":["Amplify","Redo","Hologram"],"picked":"SKIP","floor":14.0},{"not_picked":["Rainbow","Meteor Strike"],"picked":"Core Surge","floor":16.0},{"not_picked":["Redo","Streamline"],"picked":"Conserve Battery","floor":18.0},{"not_picked":["Heatsinks","Blizzard"],"picked":"Glacier","floor":21.0},{"not_picked":["Sweeping Beam","Beam Cell"],"picked":"Cold Snap","floor":22.0},{"not_picked":["Fusion","Self Repair","Hello World+1"],"picked":"SKIP","floor":24.0},{"not_picked":["Leap","Self Repair+1"],"picked":"Rebound+1","floor":25.0},{"not_picked":["Go for the Eyes","Streamline"],"picked":"Machine Learning","floor":28},{"not_picked":["Turbo","Rebound+1"],"picked":"Coolheaded","floor":29},{"not_picked":["Gash","Redo"],"picked":"Steam Power+1","floor":30},{"not_picked":["Beam Cell","Stack"],"picked":"Echo Form","floor":31},{"not_picked":["Buffer","Amplify"],"picked":"Echo Form","floor":33},{"not_picked":["Barrage+1","Ball Lightning+1"],"picked":"Blizzard","floor":35},{"not_picked":["Skim","Lockon+1"],"picked":"Glacier+1","floor":36},{"not_picked":["Gash+1","Go for the Eyes","Ball Lightning+1"],"picked":"SKIP","floor":39},{"not_picked":["Gash+1","Go for the Eyes","Ball Lightning+1"],"picked":"SKIP","floor":39},{"not_picked":["Seek","Leap"],"picked":"Go for the Eyes+1","floor":40},{"not_picked":["Barrage","Force Field"],"picked":"Coolheaded","floor":42},{"not_picked":["Hologram","Gash","Rip and Tear"],"picked":"SKIP","floor":44},{"not_picked":["Chill","Heatsinks+1"],"picked":"Capacitor","floor":45},{"not_picked":["Coolheaded","Cold Snap+1","Compile Driver"],"picked":"SKIP","floor":46},{"not_picked":["Coolheaded","Cold Snap+1","Compile Driver"],"picked":"SKIP","floor":46},{"not_picked":["Go for the Eyes","Hyperbeam"],"picked":"Glacier+1","floor":48},{"not_picked":["Steam","Skim+1"],"picked":"Echo Form","floor":55}],"player_experience":8734854,"relics_obtained":[{"floor":8.0,"key":"War Paint"},{"floor":9.0,"key":"Meat on the Bone"},{"floor":14.0,"key":"Peace Pipe"},{"floor":25.0,"key":"Bag of Preparation"},{"floor":29,"key":"Cables"},{"floor":40,"key":"Oddly Smooth Stone"},{"floor":43,"key":"Happy Flower"},{"floor":46,"key":"Whetstone"},{"floor":48,"key":"TungstenRod"},{"floor":55,"key":"Lantern"}],"event_choices":[{"damage_healed":0.0,"max_hp_gain":0.0,"max_hp_loss":0.0,"gold_gain":0.0,"event_name":"Living Wall","player_choice":"Grow","floor":2.0,"gold_loss":0.0,"damage_taken":0.0,"cards_upgraded":["Zap"]},{"damage_healed":0.0,"max_hp_gain":0.0,"max_hp_loss":0.0,"gold_gain":0.0,"event_name":"Match and Keep!","player_choice":"1 cards matched","floor":4.0,"gold_loss":0.0,"damage_taken":0.0,"cards_obtained":["Melter"]},{"damage_healed":0.0,"max_hp_gain":0.0,"max_hp_loss":0.0,"gold_gain":0.0,"event_name":"Match and Keep!","player_choice":"1 cards matched","floor":4.0,"gold_loss":0.0,"damage_taken":0.0,"cards_obtained":["Melter"]},{"cards_removed":["Ball Lightning"],"damage_healed":0.0,"max_hp_gain":0.0,"max_hp_loss":0.0,"gold_gain":0.0,"event_name":"WeMeetAgain","player_choice":"Gave Card","floor":19.0,"gold_loss":0.0,"damage_taken":0.0,"relics_obtained":["Eternal Feather"]},{"damage_healed":0,"gold_gain":0,"player_choice":"Upgraded","damage_taken":0,"max_hp_gain":0,"max_hp_loss":0,"event_name":"Upgrade Shrine","floor":38,"gold_loss":0,"cards_upgraded":["Blizzard"]},{"cards_removed":["Parasite"],"damage_healed":0,"gold_gain":0,"player_choice":"Removed Curses","damage_taken":0,"max_hp_gain":0,"max_hp_loss":0,"event_name":"Fountain of Cleansing","floor":47,"gold_loss":0}],"is_beta":false,"boss_relics":[{"not_picked":["Sozu","Astrolabe"],"picked":"Runic Dome"},{"not_picked":["Black Star","Tiny House"],"picked":"SlaversCollar"}],"items_purged_floors":[37,54],"is_endless":false,"potions_floor_spawned":[1,5,8,14,16,22,28,30,33,36,40,44,46,55],"ascension_level":20}}