{"host":"rw1trt79hfpl7pom","time":1613806917,"event":{"mods":["BaseMod","Bestiary","Colored Map","Jorbs\u0027s Wanderer Trilogy","Minty Spire (QoL Compilation)","Relic Stats","StSLib","SuperFastMode"],"gold_per_floor":[118,118,43,118,118,118,161,192,192,192,117,117,142,178,178,273,273,288,288,15,31,54,54,87,101,124,124,124,137,137,137,137,232,232,245,268,299,315,338,338,338,338],"floor_reached":41,"language":"ENG","playtime":3312,"items_purged":["Strike_B"],"score":984,"play_id":"2c78cac5-bf3c-43a9-a4a5-d24b88d2042b","local_time":"20210219234157","is_ascension_mode":true,"campfire_choices":[{"floor":6.0,"key":"REST"},{"data":"Loop","floor":10.0,"key":"SMITH"},{"data":"Zap","floor":12.0,"key":"SMITH"},{"data":"Consume","floor":15.0,"key":"SMITH"},{"floor":23.0,"key":"REST"},{"data":"Reinforced Body","floor":27.0,"key":"SMITH"},{"floor":32.0,"key":"REST"},{"data":"Sunder","floor":40.0,"key":"SMITH"}],"circlet_count":0,"master_deck":["AscendersBane","Defend_B","Defend_B","Defend_B","Zap+1","Dualcast","Ball Lightning","Loop+1","Undo","Reinforced Body+1","Darkness","Consume+1","Core Surge","Genetic Algorithm","Loop+1","Coolheaded+1","Genetic Algorithm+1","Core Surge","Conserve Battery+1","Compile Driver","Genetic Algorithm+1","Capacitor","Sunder+1","Rainbow+1","Reinforced Body+1","Undo+1","Doom and Gloom+1","Glacier+1","Stack+1","Electrodynamics","Force Field+1","Aggregate+1"],"relics":["Cracked Core","NeowsBlessing","Golden Idol","White Beast Statue","Odd Mushroom","Prayer Wheel","Meat on the Bone","Snecko Eye","Toxic Egg 2","Bronze Scales","Ancient Tea Set","Nilry\u0027s Codex","Empty Cage","Dead Branch"],"acts_visited":["Exordium","TheCity","TheBeyond"],"potions_floor_usage":[41,41,41,41],"damage_taken":[{"damage":0.0,"enemies":"Cultist","floor":1.0,"turns":1.0},{"damage":0.0,"enemies":"3 Sentries","floor":7.0,"turns":1.0},{"damage":3.0,"enemies":"The Mushroom Lair","floor":8.0,"turns":2.0},{"damage":0.0,"enemies":"2 Louse","floor":13.0,"turns":2.0},{"damage":0.0,"enemies":"Lagavulin","floor":14.0,"turns":4.0},{"damage":15.0,"enemies":"The Guardian","floor":16.0,"turns":8.0},{"damage":18.0,"enemies":"Shell Parasite","floor":18.0,"turns":5.0},{"damage":21.0,"enemies":"Chosen","floor":21.0,"turns":6.0},{"damage":31.0,"enemies":"Shelled Parasite and Fungi","floor":22.0,"turns":11.0},{"damage":8.0,"enemies":"Book of Stabbing","floor":24.0,"turns":6.0},{"damage":12.0,"enemies":"Centurion and Healer","floor":25.0,"turns":7.0},{"damage":6.0,"enemies":"Snake Plant","floor":29.0,"turns":5.0},{"damage":34.0,"enemies":"Collector","floor":33.0,"turns":13.0},{"damage":3.0,"enemies":"Orb Walker","floor":35.0,"turns":5.0},{"damage":6.0,"enemies":"3 Shapes","floor":36.0,"turns":4.0},{"damage":5.0,"enemies":"Mind Bloom Boss Battle","floor":37.0,"turns":8.0},{"damage":21.0,"enemies":"Writhing Mass","floor":38.0,"turns":8.0},{"damage":11.0,"enemies":"Spire Growth","floor":39.0,"turns":6.0},{"damage":47,"enemies":"Giant Head","floor":41,"turns":9}],"seed_played":"8978713656176099579","potions_obtained":[{"floor":8.0,"key":"Dexterity Potion"},{"floor":13.0,"key":"Regen Potion"},{"floor":18.0,"key":"LiquidBronze"},{"floor":21.0,"key":"DuplicationPotion"},{"floor":22.0,"key":"SpeedPotion"},{"floor":24.0,"key":"SneckoOil"},{"floor":33.0,"key":"EntropicBrew"}],"is_trial":false,"path_per_floor":["M","?","$","?","?","R","E","?","T","R","?","R","M","E","R","B",null,"M","?","$","M","M","R","E","M","T","R","?","M","?","?","R","B",null,"M","M","?","M","M","R","E"],"character_chosen":"DEFECT","items_purchased":["Toxic Egg 2"],"campfire_rested":3,"item_purchase_floors":[20],"current_hp_per_floor":[64,40,40,29,29,50,50,47,47,47,47,47,47,47,47,44,64,60,60,60,39,20,41,45,45,45,45,45,39,39,18,39,17,58,55,49,44,35,36,36,0,0],"gold":338,"neow_bonus":"THREE_ENEMY_KILL","is_daily":false,"chose_seed":false,"campfire_upgraded":5,"win_rate":0.0,"timestamp":1613806917,"path_taken":["M","?","$","?","?","R","E","?","T","R","?","R","M","E","R","BOSS","M","?","$","M","?","R","E","M","T","R","?","M","?","?","R","BOSS","M","M","?","M","M","R","E"],"items_purchased_type":["Relic"],"build_version":"2020-12-22","purchased_purges":1,"victory":false,"max_hp_per_floor":[71,71,71,71,71,71,71,71,71,71,71,71,71,71,71,71,71,71,71,71,71,71,71,71,71,71,71,71,71,71,71,71,71,71,71,71,71,71,71,71,71,71],"relic_stats":{"counters":[19,108],"Golden Idol":111,"Bronze Scales":[201],"Dead Branch":[18],"Snecko Eye":[156,145,148,145],"Prayer Wheel":10,"obtain_stats":[{"NeowsBlessing":0,"Golden Idol":2,"Nilry\u0027s Codex":31,"Dead Branch":37,"Odd Mushroom":8,"Ancient Tea Set":26,"Empty Cage":34,"White Beast Statue":7,"Bronze Scales":24,"Snecko Eye":17,"Prayer Wheel":9,"Toxic Egg 2":20,"Cracked Core":0,"Meat on the Bone":14},{"NeowsBlessing":0,"Golden Idol":1,"Nilry\u0027s Codex":12,"Dead Branch":16,"Odd Mushroom":3,"Ancient Tea Set":11,"Empty Cage":13,"White Beast Statue":2,"Bronze Scales":10,"Snecko Eye":6,"Prayer Wheel":3,"Toxic Egg 2":7,"Cracked Core":0,"Meat on the Bone":5},{"NeowsBlessing":0,"Golden Idol":1,"Nilry\u0027s Codex":56,"Dead Branch":86,"Odd Mushroom":4,"Ancient Tea Set":51,"Empty Cage":69,"White Beast Statue":2,"Bronze Scales":45,"Snecko Eye":17,"Prayer Wheel":4,"Toxic Egg 2":22,"Cracked Core":0,"Meat on the Bone":10}],"Meat on the Bone":84},"card_choices":[{"not_picked":["Stack","White Noise"],"picked":"Ball Lightning","floor":1.0},{"not_picked":["Reboot","Sweeping Beam"],"picked":"Loop","floor":7.0},{"not_picked":["Cold Snap","Coolheaded"],"picked":"Undo","floor":8.0},{"not_picked":["Recycle","Compile Driver"],"picked":"Reinforced Body","floor":13.0},{"not_picked":["Stack","Leap"],"picked":"Darkness","floor":13.0},{"not_picked":["Hologram","Stack"],"picked":"Consume","floor":14.0},{"not_picked":["All For One","Rainbow"],"picked":"Core Surge","floor":16.0},{"not_picked":["Leap","Go for the Eyes"],"picked":"Genetic Algorithm","floor":18.0},{"not_picked":["Go for the Eyes","Auto Shields","Sweeping Beam"],"picked":"SKIP","floor":18.0},{"not_picked":["Go for the Eyes","Auto Shields","Sweeping Beam"],"picked":"SKIP","floor":18.0},{"not_picked":["Blizzard","Streamline"],"picked":"Coolheaded+1","floor":21.0},{"not_picked":["Gash","Barrage"],"picked":"Genetic Algorithm+1","floor":21.0},{"not_picked":["Redo+1","Storm"],"picked":"Core Surge","floor":22.0},{"not_picked":["Rebound","Compile Driver"],"picked":"Conserve Battery+1","floor":22.0},{"not_picked":["BootSequence+1","Consume+1"],"picked":"Compile Driver","floor":24.0},{"not_picked":["Steam+1","Streamline+1"],"picked":"Genetic Algorithm+1","floor":25.0},{"not_picked":["Redo+1","Compile Driver","Beam Cell"],"picked":"SKIP","floor":25.0},{"not_picked":["Hologram+1","Conserve Battery+1"],"picked":"Capacitor","floor":29.0},{"not_picked":["Melter","Coolheaded+1"],"picked":"Sunder","floor":29.0},{"not_picked":["Reboot+1","Thunder Strike"],"picked":"Rainbow+1","floor":33.0},{"not_picked":["Go for the Eyes","Steam+1"],"picked":"Reinforced Body+1","floor":35.0},{"not_picked":["Lockon","Rebound"],"picked":"Undo+1","floor":35.0},{"not_picked":["Barrage","Compile Driver"],"picked":"Doom and Gloom+1","floor":36.0},{"not_picked":["Core Surge","Compile Driver"],"picked":"Glacier+1","floor":36.0},{"not_picked":["Steam+1","Leap+1"],"picked":"Stack+1","floor":38.0},{"not_picked":["Coolheaded+1","Go for the Eyes"],"picked":"Electrodynamics","floor":38.0},{"not_picked":["Sweeping Beam","Reprogram+1"],"picked":"Force Field+1","floor":39.0},{"not_picked":["Leap+1","Streamline"],"picked":"Aggregate+1","floor":39.0}],"player_experience":2821587,"relics_obtained":[{"floor":7.0,"key":"White Beast Statue"},{"floor":8.0,"key":"Odd Mushroom"},{"floor":9.0,"key":"Prayer Wheel"},{"floor":14.0,"key":"Meat on the Bone"},{"floor":24.0,"key":"Bronze Scales"},{"floor":26.0,"key":"Ancient Tea Set"},{"floor":31.0,"key":"Nilry\u0027s Codex"},{"floor":37.0,"key":"Dead Branch"}],"event_choices":[{"damage_healed":0.0,"max_hp_gain":0.0,"max_hp_loss":0.0,"gold_gain":0.0,"event_name":"Golden Idol","player_choice":"Take Damage","floor":2.0,"gold_loss":0.0,"damage_taken":24.0,"relics_obtained":["Golden Idol"]},{"damage_healed":0.0,"max_hp_gain":0.0,"max_hp_loss":0.0,"gold_gain":75.0,"event_name":"World of Goop","player_choice":"Gather Gold","floor":4.0,"gold_loss":0.0,"damage_taken":11.0},{"damage_healed":0.0,"max_hp_gain":0.0,"max_hp_loss":0.0,"gold_gain":0.0,"cards_transformed":["Strike_B"],"event_name":"Living Wall","player_choice":"Change","floor":5.0,"gold_loss":0.0,"damage_taken":0.0,"cards_obtained":["Steam Power"]},{"damage_healed":0.0,"max_hp_gain":0.0,"max_hp_loss":0.0,"gold_gain":0.0,"event_name":"Mushrooms","player_choice":"Fought Mushrooms","floor":8.0,"gold_loss":0.0,"damage_taken":0.0},{"cards_removed":["Strike_B"],"damage_healed":0.0,"max_hp_gain":0.0,"max_hp_loss":0.0,"gold_gain":0.0,"event_name":"The Cleric","player_choice":"Card Removal","floor":11.0,"gold_loss":75.0,"damage_taken":0.0},{"damage_healed":0.0,"max_hp_gain":0.0,"max_hp_loss":0.0,"gold_gain":0.0,"event_name":"Duplicator","player_choice":"Copied","floor":19.0,"gold_loss":0.0,"damage_taken":0.0,"cards_obtained":["Loop"]},{"damage_healed":0.0,"max_hp_gain":0.0,"max_hp_loss":0.0,"gold_gain":0.0,"event_name":"The Mausoleum","player_choice":"Ignored","floor":28.0,"gold_loss":0.0,"damage_taken":0.0},{"cards_removed":["Strike_B"],"damage_healed":0.0,"max_hp_gain":0.0,"max_hp_loss":0.0,"gold_gain":0.0,"event_name":"Back to Basics","player_choice":"Elegance","floor":30.0,"gold_loss":0.0,"damage_taken":0.0},{"damage_healed":0.0,"max_hp_gain":0.0,"max_hp_loss":0.0,"gold_gain":0.0,"event_name":"Cursed Tome","player_choice":"Obtained Book","floor":31.0,"gold_loss":0.0,"damage_taken":21.0},{"damage_healed":0.0,"max_hp_gain":0.0,"max_hp_loss":0.0,"gold_gain":0.0,"event_name":"MindBloom","player_choice":"Fight","floor":37.0,"gold_loss":0.0,"damage_taken":0.0}],"is_beta":false,"boss_relics":[{"not_picked":["Astrolabe","SacredBark"],"picked":"Snecko Eye"},{"not_picked":["Busted Crown","Runic Pyramid"],"picked":"Empty Cage"}],"items_purged_floors":[3],"is_endless":false,"potions_floor_spawned":[8,13,14,16,18,21,22,24,25,29,33,35,36,37,38,39],"killed_by":"Giant Head","ascension_level":20}}