{"host":"snampf0t8p8psf53","time":1613826692,"event":{"mods":["AchievementEnabler","BaseMod","Bestiary","DeckTracker","Minty Spire (QoL Compilation)","Permanent Neow","SuperFastMode"],"gold_per_floor":[111,123,138,153,168,168,168,168,168,193,227,37,52,80,80,176,176,186,206,20,36,52,83,83,116,116,149,176,192,221,254,254,349,349,362,381,401,297,313,345,373,406,455,469,4,24,44,78,78,78],"floor_reached":51,"language":"ENG","playtime":2252,"items_purged":[],"score":1186,"play_id":"135fb1c7-fc37-400d-8274-bea3e78fa64d","local_time":"20210220051132","daily_mods":["Vintage","Colorless Cards","Heirloom","Time Dilation","Flight","DeadlyEvents","Elite Swarm"],"is_ascension_mode":false,"campfire_choices":[{"data":"1","floor":6,"key":"LIFT"},{"data":"2","floor":7,"key":"LIFT"},{"data":"3","floor":8,"key":"LIFT"},{"floor":15,"key":"REST"},{"floor":24,"key":"DIG"},{"floor":32,"key":"DIG"},{"floor":49,"key":"DIG"}],"circlet_count":0,"master_deck":["Strike_R","Strike_R+1","Strike_R","Strike_R","Strike_R+1","Defend_R","Defend_R","Defend_R","Defend_R","Bash","Master of Strategy","Secret Weapon","Corruption","Secret Technique","Dark Embrace","Impervious","Corruption+1","The Bomb","Impervious","Impervious","Feel No Pain+1","Metamorphosis","Transmutation","Corruption+1","Metamorphosis"],"relics":["Burning Blood","Girya","MealTicket","Unceasing Top","Anchor","Molten Egg 2","Art of War","Question Card","Whetstone","The Courier","Membership Card","Sundial","White Beast Statue","Sozu","Red Skull","Mercury Hourglass","Pen Nib","Mummified Hand","Singing Bowl","Darkstone Periapt","Shovel","Frozen Egg 2","Torii","Self Forming Clay","Centennial Puzzle","Regal Pillow","Matryoshka","Akabeko","Pantograph","Omamori","Runic Dome","Ancient Tea Set","Letter Opener","Smiling Mask","PreservedInsect","Bottled Tornado","Potion Belt","Lantern","Orichalcum","CeramicFish","Boot","Bag of Preparation","Ornamental Fan","Blue Candle","Eternal Feather","Pear","InkBottle","StrikeDummy","HornCleat","Kunai"],"acts_visited":["Exordium","TheCity","TheBeyond"],"potions_floor_usage":[5,11,16,16,30],"damage_taken":[{"damage":6,"enemies":"Cultist","floor":1,"turns":3},{"damage":8,"enemies":"2 Louse","floor":2,"turns":3},{"damage":15,"enemies":"Jaw Worm","floor":3,"turns":4},{"damage":24,"enemies":"Blue Slaver","floor":4,"turns":4},{"damage":10,"enemies":"Lots of Slimes","floor":5,"turns":4},{"damage":31,"enemies":"3 Sentries","floor":10,"turns":7},{"damage":36,"enemies":"Lagavulin","floor":11,"turns":4},{"damage":0,"enemies":"Looter","floor":13,"turns":2},{"damage":18,"enemies":"Gremlin Nob","floor":14,"turns":3},{"damage":36,"enemies":"The Guardian","floor":16,"turns":6},{"damage":5,"enemies":"Shell Parasite","floor":18,"turns":4},{"damage":17,"enemies":"Spheric Guardian","floor":19,"turns":4},{"damage":2,"enemies":"Centurion and Healer","floor":21,"turns":3},{"damage":6,"enemies":"Snake Plant","floor":22,"turns":2},{"damage":5,"enemies":"Book of Stabbing","floor":23,"turns":3},{"damage":47,"enemies":"Slavers","floor":25,"turns":5},{"damage":10,"enemies":"Gremlin Leader","floor":27,"turns":4},{"damage":19,"enemies":"Book of Stabbing","floor":28,"turns":4},{"damage":0,"enemies":"Cultist and Chosen","floor":29,"turns":3},{"damage":7,"enemies":"Gremlin Leader","floor":30,"turns":3},{"damage":0,"enemies":"Book of Stabbing","floor":31,"turns":3},{"damage":32,"enemies":"Collector","floor":33,"turns":5},{"damage":0,"enemies":"3 Darklings","floor":35,"turns":3},{"damage":0,"enemies":"Orb Walker","floor":36,"turns":2},{"damage":0,"enemies":"4 Shapes","floor":37,"turns":4},{"damage":0,"enemies":"Sphere and 2 Shapes","floor":39,"turns":3},{"damage":0,"enemies":"Nemesis","floor":40,"turns":3},{"damage":0,"enemies":"Giant Head","floor":41,"turns":3},{"damage":0,"enemies":"Reptomancer","floor":42,"turns":1},{"damage":0,"enemies":"Jaw Worm Horde","floor":44,"turns":2},{"damage":0,"enemies":"Maw","floor":46,"turns":3},{"damage":0,"enemies":"Sphere and 2 Shapes","floor":47,"turns":2},{"damage":0,"enemies":"Giant Head","floor":48,"turns":3},{"damage":0,"enemies":"Time Eater","floor":50,"turns":3}],"seed_played":"5682873505751162559","potions_obtained":[{"floor":1,"key":"SteroidPotion"},{"floor":3,"key":"Swift Potion"},{"floor":4,"key":"BloodPotion"},{"floor":11,"key":"Strength Potion"},{"floor":16,"key":"AttackPotion"}],"is_trial":true,"path_per_floor":["M","M","M","M","M","R","R","R","T","E","E","$","M","E","R","B",null,"M","M","$","M","M","E","R","E","T","E","E","M","E","E","R","B",null,"M","M","M","$","M","E","E","E","T","M","$","M","M","E","R","B",null],"character_chosen":"IRONCLAD","items_purchased":["Membership Card","Secret Weapon","Dark Embrace","Pen Nib","Mummified Hand","Feel No Pain+1","Metamorphosis","Bag of Preparation","Ornamental Fan","Blue Candle","Eternal Feather","Pear"],"campfire_rested":1,"item_purchase_floors":[12,12,20,20,20,38,38,45,45,45,45,45],"current_hp_per_floor":[80,78,69,51,47,47,47,47,47,22,8,23,29,17,41,11,80,80,69,80,80,80,80,80,39,39,35,24,30,29,35,35,36,84,84,84,84,84,84,86,86,86,86,86,96,96,96,96,96,96],"gold":78,"neow_bonus":"","is_daily":false,"chose_seed":false,"campfire_upgraded":0,"win_rate":0.0,"timestamp":1613826692,"path_taken":["M","M","M","M","M","R","R","R","T","E","E","$","M","E","R","BOSS","M","M","$","M","M","E","R","E","T","E","E","M","E","E","R","BOSS","M","M","M","$","M","E","E","E","T","M","$","?","M","E","R","BOSS"],"items_purchased_type":["Relic","Card","Card","Relic","Relic","Card","Card","Relic","Relic","Relic","Relic","Relic"],"build_version":"2020-12-22","purchased_purges":0,"victory":true,"max_hp_per_floor":[80,80,80,80,80,80,80,80,80,80,80,80,80,80,80,80,80,80,80,80,80,80,80,80,80,80,80,82,82,82,82,82,84,84,84,84,84,84,84,86,86,86,86,86,96,96,96,96,96,96],"card_choices":[{"not_picked":["Exhume","Impervious","Barricade"],"picked":"Master of Strategy","floor":10},{"not_picked":["Sadistic Nature","Panache","Double Tap","Impervious"],"picked":"SKIP","floor":11},{"not_picked":["Panache","Limit Break","Secret Technique"],"picked":"Corruption","floor":14},{"not_picked":["Violence","Sadistic Nature","Bludgeon+1"],"picked":"Secret Technique","floor":16},{"not_picked":["Double Tap","Secret Weapon","Violence"],"picked":"Impervious","floor":23},{"not_picked":["Secret Technique","Apotheosis","Immolate+1"],"picked":"Corruption+1","floor":25},{"not_picked":["Apotheosis","Reaper+1","Juggernaut+1"],"picked":"The Bomb","floor":27},{"not_picked":["Feed+1","Sadistic Nature+1","Berserk+1","Brutality+1"],"picked":"Singing Bowl","floor":28},{"not_picked":["Secret Weapon","Transmutation","Feed+1"],"picked":"Impervious","floor":30},{"not_picked":["Violence","Mayhem+1","Double Tap"],"picked":"Impervious","floor":31},{"not_picked":["Juggernaut+1","Thinking Ahead","Bludgeon+1","Double Tap"],"picked":"Singing Bowl","floor":33},{"not_picked":["Apotheosis","Violence","HandOfGreed+1","Juggernaut+1"],"picked":"Singing Bowl","floor":40},{"not_picked":["Demon Form+1","Sadistic Nature+1","Panache+1"],"picked":"Transmutation","floor":41},{"not_picked":["Immolate+1","Panache+1","Brutality+1"],"picked":"Corruption+1","floor":42},{"not_picked":["Violence","Secret Technique","Barricade+1"],"picked":"Metamorphosis","floor":48}],"player_experience":138249,"relics_obtained":[{"floor":1,"key":"MealTicket"},{"floor":2,"key":"Unceasing Top"},{"floor":3,"key":"Anchor"},{"floor":4,"key":"Molten Egg 2"},{"floor":5,"key":"Art of War"},{"floor":9,"key":"Question Card"},{"floor":10,"key":"Whetstone"},{"floor":11,"key":"The Courier"},{"floor":13,"key":"Sundial"},{"floor":14,"key":"White Beast Statue"},{"floor":18,"key":"Red Skull"},{"floor":19,"key":"Mercury Hourglass"},{"floor":21,"key":"Singing Bowl"},{"floor":22,"key":"Darkstone Periapt"},{"floor":23,"key":"Shovel"},{"floor":24,"key":"Frozen Egg 2"},{"floor":25,"key":"Torii"},{"floor":26,"key":"Self Forming Clay"},{"floor":27,"key":"Centennial Puzzle"},{"floor":28,"key":"Regal Pillow"},{"floor":29,"key":"Matryoshka"},{"floor":30,"key":"Akabeko"},{"floor":31,"key":"Pantograph"},{"floor":32,"key":"Omamori"},{"floor":35,"key":"Ancient Tea Set"},{"floor":36,"key":"Letter Opener"},{"floor":37,"key":"Smiling Mask"},{"floor":39,"key":"PreservedInsect"},{"floor":40,"key":"Bottled Tornado"},{"floor":41,"key":"Potion Belt"},{"floor":42,"key":"Lantern"},{"floor":43,"key":"Orichalcum"},{"floor":43,"key":"CeramicFish"},{"floor":44,"key":"Boot"},{"floor":46,"key":"InkBottle"},{"floor":47,"key":"StrikeDummy"},{"floor":48,"key":"HornCleat"},{"floor":49,"key":"Kunai"}],"event_choices":[],"is_beta":false,"boss_relics":[{"not_picked":["Runic Cube","SlaversCollar"],"picked":"Sozu"},{"not_picked":["Tiny House","Empty Cage"],"picked":"Runic Dome"}],"items_purged_floors":[],"is_endless":false,"potions_floor_spawned":[1,3,4,11,16,18,19,21,22,23,25,27,28,29,30,31,33,35,36,37,39,40,41,42,44,46,47,48],"ascension_level":0}}