{"host":"8d3fefv2347kqkpz","time":1613809914,"event":{"mods":["AchievementEnabler","BaseMod","Better Vampires","BetterRewards","Colored Map","Colored Powertips","Downfall","Emptier Cage","Highlight Path","Marked Mod","Minty Spire (QoL Compilation)","Permanent Neow","Quick Restart","Rare Cards Sparkle","Relic Stats","Say the Spire","Spicy Shops","StSLib","Waifu the Spire"],"gold_per_floor":[117,117,117,130,149,182,182,182,182],"floor_reached":8,"language":"ZHS","playtime":176,"items_purged":[],"score":56,"play_id":"fa99f986-8fe2-4af6-9918-1e11c8fdb8cb","local_time":"20210220163154","is_ascension_mode":false,"campfire_choices":[{"data":"Hyperbeam","floor":7,"key":"SMITH"}],"circlet_count":0,"master_deck":["Strike_B","Strike_B","Strike_B","Strike_B","Defend_B","Defend_B+1","Defend_B","Defend_B","Zap","Dualcast","Hyperbeam+1","BootSequence+1","Fission"],"relics":["Cracked Core","Golden Idol","Akabeko"],"acts_visited":["Exordium"],"potions_floor_usage":[8,8],"damage_taken":[{"damage":2,"enemies":"2 Louse","floor":1,"turns":2},{"damage":0,"enemies":"Jaw Worm","floor":4,"turns":3},{"damage":0,"enemies":"Small Slimes","floor":5,"turns":2},{"damage":28,"enemies":"Gremlin Nob","floor":6,"turns":5},{"damage":15,"enemies":"Lagavulin","floor":8,"turns":6}],"seed_played":"7620612696437536583","potions_obtained":[{"floor":5,"key":"SkillPotion"},{"floor":6,"key":"Strength Potion"}],"is_trial":false,"path_per_floor":["M","?","?","M","M","E","R","E"],"character_chosen":"DEFECT","items_purchased":[],"campfire_rested":0,"item_purchase_floors":[],"current_hp_per_floor":[73,58,40,40,40,12,12,0,0],"gold":182,"neow_bonus":"ONE_RANDOM_RARE_CARD","is_daily":false,"chose_seed":false,"campfire_upgraded":1,"win_rate":0.0,"timestamp":1613809914,"path_taken":["M","?","?","M","M","E","R","E"],"items_purchased_type":[],"build_version":"2020-12-22","purchased_purges":0,"victory":false,"max_hp_per_floor":[75,75,75,75,75,75,75,75,75],"relic_stats":{"counters":[5,18],"Golden Idol":14,"obtain_stats":[{"Golden Idol":3,"Cracked Core":0,"Akabeko":6},{"Golden Idol":1,"Cracked Core":0,"Akabeko":4},{"Golden Idol":2,"Cracked Core":0,"Akabeko":12}]},"card_choices":[{"not_picked":["Ball Lightning","Static Discharge"],"picked":"BootSequence","floor":1},{"not_picked":["Barrage","Heatsinks","Darkness"],"picked":"SKIP","floor":4},{"not_picked":["Streamline","Beam Cell","Rebound"],"picked":"SKIP","floor":5},{"not_picked":["Fusion","Beam Cell"],"picked":"Fission","floor":6}],"player_experience":495232,"relics_obtained":[{"floor":6,"key":"Akabeko"}],"event_choices":[{"damage_healed":0,"gold_gain":0,"player_choice":"Entered Light","damage_taken":15,"max_hp_gain":0,"max_hp_loss":0,"event_name":"Shining Light","floor":2,"gold_loss":0,"cards_upgraded":["Defend_B","BootSequence"]},{"damage_healed":0,"gold_gain":0,"player_choice":"Take Damage","damage_taken":18,"relics_obtained":["Golden Idol"],"max_hp_gain":0,"max_hp_loss":0,"event_name":"Golden Idol","floor":3,"gold_loss":0}],"is_beta":false,"boss_relics":[],"items_purged_floors":[],"is_endless":false,"potions_floor_spawned":[5,6],"killed_by":"Lagavulin","ascension_level":0}}