{"host":"qy1e0kd24tpj3i2m","time":1613817125,"event":{"mods":["Act Like it!","BaseMod","Better Skull","Better Vampires","Colored Map","Colored Powertips","Curses Come First","Custom Start","Displayed Cursed Tome","Extra Virgin Snecko Oil","Faster Ascension Climbing","Friendly Minions","GifTheSpireLib","Gremlin Skip","Highlight Path","Minty Spire (QoL Compilation)","Permanent Neow","Poor People Problems","Quick Restart","Red Circlet Mod","Relic Filter Mod","Relic Sorter","Reorder Act Four","SacredBarkPlus","Shop Mod","StSLib","SuperFastMode","Transform Curses","没有小屋子和绿帽子啦"],"gold_per_floor":[111,111,36,47,66,98,98,98,98],"floor_reached":8,"language":"ZHS","playtime":318,"items_purged":["Dualcast"],"score":112,"play_id":"731d9138-3949-47d4-ab16-f58155f541d2","local_time":"20210220193205","is_ascension_mode":true,"campfire_choices":[],"circlet_count":0,"master_deck":["AscendersBane","Strike_B","Strike_B","Strike_B","Strike_B","Defend_B","Defend_B","Defend_B","Defend_B","Go for the Eyes","Go for the Eyes","Reinforced Body","Sunder"],"relics":["Black Star","Lantern","Strawberry"],"acts_visited":["Exordium"],"potions_floor_usage":[5,6,6],"damage_taken":[{"damage":6,"enemies":"2 Louse","floor":1,"turns":3},{"damage":6,"enemies":"Cultist","floor":4,"turns":4},{"damage":11,"enemies":"Small Slimes","floor":5,"turns":5},{"damage":36,"enemies":"Gremlin Nob","floor":6,"turns":6},{"damage":43,"enemies":"Lagavulin","floor":8,"turns":7}],"seed_played":"1135506791737756468","potions_obtained":[{"floor":2,"key":"AttackPotion"},{"floor":2,"key":"Ancient Potion"},{"floor":4,"key":"Regen Potion"},{"floor":5,"key":"FocusPotion"}],"is_trial":false,"path_per_floor":["M","?","$","M","M","E","?","E"],"character_chosen":"DEFECT","items_purchased":[],"campfire_rested":0,"item_purchase_floors":[],"current_hp_per_floor":[58,58,58,52,55,26,26,0,0],"gold":98,"neow_bonus":"BOSS_RELIC","is_daily":false,"chose_seed":false,"campfire_upgraded":0,"win_rate":0.0,"timestamp":1613817125,"path_taken":["M","?","$","?","M","E","?","E"],"items_purchased_type":[],"build_version":"2020-12-22","purchased_purges":1,"victory":false,"max_hp_per_floor":[71,71,71,71,71,78,78,78,78],"card_choices":[{"not_picked":["Redo","Beam Cell"],"picked":"Go for the Eyes","floor":1},{"not_picked":["Tempest","Glacier"],"picked":"Go for the Eyes","floor":4},{"not_picked":["Compile Driver","Streamline"],"picked":"Reinforced Body","floor":5},{"not_picked":["Self Repair","Consume"],"picked":"Sunder","floor":6}],"player_experience":908442,"relics_obtained":[{"floor":6,"key":"Lantern"},{"floor":6,"key":"Strawberry"}],"event_choices":[{"damage_healed":0,"gold_gain":0,"player_choice":"Got Potions","damage_taken":0,"max_hp_gain":0,"max_hp_loss":0,"event_name":"Lab","floor":2,"gold_loss":0},{"cards_removed":["Zap"],"damage_healed":0,"gold_gain":0,"player_choice":"Offered Basic","damage_taken":0,"max_hp_gain":0,"max_hp_loss":0,"event_name":"Bonfire Elementals","floor":7,"gold_loss":0}],"is_beta":false,"boss_relics":[],"items_purged_floors":[3],"is_endless":false,"potions_floor_spawned":[4,5],"killed_by":"Lagavulin","ascension_level":20}}