{"host":"jwrrfqk4fsz2wgjc","time":1613789899,"event":{"mods":["BaseMod","Colored Map","Minty Spire (QoL Compilation)","Relic Stats","StSLib","The Bug Knight"],"gold_per_floor":[119,194,194,40,51,79,10,44,121,121,121,121,139,139,139,241,241,257,268,286,286,286,313,228,41,41,41,59,77,88,104,104,209,209,226,1225,545,558,607,607,607,607,607,607,620,620,620,630,630,630],"floor_reached":51,"language":"ENG","playtime":1434,"items_purged":["Strike_G","Normality"],"score":748,"play_id":"ac8bb490-a52a-4e5b-99fc-ef6679137da5","local_time":"20210220055819","is_ascension_mode":false,"campfire_choices":[{"data":"Envenom","floor":10,"key":"SMITH"},{"data":"Terror","floor":12,"key":"SMITH"},{"data":"Neutralize","floor":15,"key":"SMITH"},{"data":"Noxious Fumes","floor":27,"key":"SMITH"},{"data":"Reflex","floor":32,"key":"SMITH"},{"floor":40,"key":"REST"},{"floor":42,"key":"REST"},{"floor":47,"key":"REST"},{"floor":49,"key":"REST"}],"circlet_count":0,"master_deck":["Strike_G+1","Strike_G+1","Defend_G+1","Defend_G+1","Defend_G+1","Defend_G+1","Defend_G+1","Survivor","Neutralize+1","Underhanded Strike","All Out Attack","Envenom+1","Terror+1","Dagger Throw","Reflex+1","Die Die Die","Underhanded Strike+1","Noxious Fumes+1","Poisoned Stab","Backstab","Adrenaline","Envenom+1","Infinite Blades+1"],"relics":["Ring of the Snake","NeowsBlessing","Vajra","Strawberry","HornCleat","Centennial Puzzle","Busted Crown","Ancient Tea Set","Ornamental Fan","Medical Kit","PreservedInsect","Fusion Hammer","DollysMirror","CaptainsWheel","Pen Nib","Pocketwatch","Mummified Hand"],"acts_visited":["Exordium","TheCity","TheBeyond"],"potions_floor_usage":[16,18,19,23,33,50,50,50],"damage_taken":[{"damage":0,"enemies":"Small Slimes","floor":1,"turns":1},{"damage":0,"enemies":"Cultist","floor":5,"turns":1},{"damage":0,"enemies":"Lagavulin","floor":6,"turns":1},{"damage":32,"enemies":"Gremlin Nob","floor":8,"turns":5},{"damage":0,"enemies":"Jaw Worm","floor":13,"turns":2},{"damage":1,"enemies":"Hexaghost","floor":16,"turns":7},{"damage":0,"enemies":"Spheric Guardian","floor":18,"turns":3},{"damage":0,"enemies":"3 Byrds","floor":19,"turns":4},{"damage":2,"enemies":"Shelled Parasite and Fungi","floor":20,"turns":3},{"damage":1,"enemies":"Gremlin Leader","floor":23,"turns":4},{"damage":0,"enemies":"Centurion and Healer","floor":28,"turns":4},{"damage":0,"enemies":"Cultist and Chosen","floor":29,"turns":4},{"damage":2,"enemies":"Shelled Parasite and Fungi","floor":30,"turns":3},{"damage":2,"enemies":"Centurion and Healer","floor":31,"turns":4},{"damage":18,"enemies":"Automaton","floor":33,"turns":7},{"damage":2,"enemies":"3 Darklings","floor":35,"turns":3},{"damage":0,"enemies":"3 Shapes","floor":38,"turns":6},{"damage":30,"enemies":"2 Orb Walkers","floor":39,"turns":4},{"damage":0,"enemies":"3 Darklings","floor":45,"turns":4},{"damage":0,"enemies":"Writhing Mass","floor":48,"turns":4},{"damage":40,"enemies":"Donu and Deca","floor":50,"turns":9}],"seed_played":"-268267606863204031","potions_obtained":[{"floor":5,"key":"SpeedPotion"},{"floor":8,"key":"LiquidBronze"},{"floor":16,"key":"DistilledChaos"},{"floor":18,"key":"AttackPotion"},{"floor":20,"key":"Weak Potion"},{"floor":29,"key":"Ancient Potion"},{"floor":30,"key":"SneckoOil"},{"floor":38,"key":"Explosive Potion"}],"is_trial":false,"path_per_floor":["M","?","?","$","M","E","$","E","T","R","?","R","M","?","R","B",null,"M","M","M","?","?","E","?","$","T","R","M","M","M","M","R","B",null,"M","?","$","M","?","R","?","R","T","?","M","?","R","M","R","B",null],"character_chosen":"THE_SILENT","items_purchased":["All Out Attack","Terror","Medical Kit","Noxious Fumes","DollysMirror","CaptainsWheel","Pen Nib"],"campfire_rested":4,"item_purchase_floors":[4,7,25,25,37,37,37],"current_hp_per_floor":[70,59,59,59,59,59,59,34,34,34,34,34,34,22,22,21,77,77,77,75,75,75,74,74,74,74,74,74,74,72,70,70,52,77,75,75,75,75,45,68,68,77,77,77,77,77,77,77,77,37],"gold":630,"neow_bonus":"THREE_ENEMY_KILL","is_daily":false,"chose_seed":false,"campfire_upgraded":5,"win_rate":0.0,"timestamp":1613789899,"path_taken":["M","?","?","$","?","E","?","E","T","R","?","R","M","?","R","BOSS","M","M","M","?","?","E","?","$","T","R","M","M","M","M","R","BOSS","M","?","$","M","?","R","?","R","T","?","?","?","R","M","R","BOSS"],"items_purchased_type":["Card","Card","Relic","Card","Relic","Relic","Relic"],"build_version":"2020-12-22","purchased_purges":2,"victory":true,"max_hp_per_floor":[70,70,70,70,70,70,70,77,77,77,77,77,77,77,77,77,77,77,77,77,77,77,77,77,77,77,77,77,77,77,77,77,77,77,77,77,77,77,77,77,77,77,77,77,77,77,77,77,77,77],"relic_stats":{"Centennial Puzzle":[27],"Busted Crown":28,"counters":[21,83],"Ornamental Fan":[144],"Mummified Hand":[14],"PreservedInsect":0,"Pen Nib":[8],"Medical Kit":[7],"obtain_stats":[{"NeowsBlessing":0,"Vajra":6,"PreservedInsect":26,"Pen Nib":37,"Ancient Tea Set":23,"Medical Kit":25,"Centennial Puzzle":14,"CaptainsWheel":37,"HornCleat":9,"Busted Crown":17,"Ornamental Fan":24,"DollysMirror":37,"Mummified Hand":43,"Strawberry":8,"Fusion Hammer":34,"Ring of the Snake":0,"Pocketwatch":39},{"NeowsBlessing":0,"Vajra":3,"PreservedInsect":10,"Pen Nib":16,"Ancient Tea Set":10,"Medical Kit":10,"Centennial Puzzle":5,"CaptainsWheel":16,"HornCleat":4,"Busted Crown":6,"Ornamental Fan":10,"DollysMirror":16,"Mummified Hand":18,"Strawberry":4,"Fusion Hammer":15,"Ring of the Snake":0,"Pocketwatch":18},{"NeowsBlessing":0,"Vajra":3,"PreservedInsect":31,"Pen Nib":56,"Ancient Tea Set":31,"Medical Kit":31,"Centennial Puzzle":10,"CaptainsWheel":56,"HornCleat":8,"Busted Crown":17,"Ornamental Fan":31,"DollysMirror":56,"Mummified Hand":66,"Strawberry":8,"Fusion Hammer":53,"Ring of the Snake":0,"Pocketwatch":66}],"Ring of the Snake":[42],"Pocketwatch":[3]},"card_choices":[{"not_picked":["Dagger Throw","Quick Slash"],"picked":"Underhanded Strike","floor":1},{"not_picked":["Dodge and Roll","Flechettes","Deflect"],"picked":"SKIP","floor":5},{"not_picked":["Predator","Venomology"],"picked":"Envenom","floor":6},{"not_picked":["Outmaneuver","Infinite Blades"],"picked":"Dagger Throw","floor":8},{"not_picked":["Expertise","Reflex","Endless Agony"],"picked":"SKIP","floor":13},{"not_picked":["Expertise","Endless Agony"],"picked":"Reflex","floor":13},{"not_picked":["Adrenaline","After Image"],"picked":"Die Die Die","floor":16},{"not_picked":["Dodge and Roll+1"],"picked":"SKIP","floor":18},{"not_picked":["Predator+1"],"picked":"SKIP","floor":19},{"not_picked":[],"picked":"Underhanded Strike+1","floor":20},{"not_picked":["Slice"],"picked":"SKIP","floor":23},{"not_picked":[],"picked":"Poisoned Stab","floor":28},{"not_picked":["Prepared+1"],"picked":"SKIP","floor":29},{"not_picked":[],"picked":"Backstab","floor":30},{"not_picked":["Sucker Punch"],"picked":"SKIP","floor":31},{"not_picked":[],"picked":"Adrenaline","floor":33},{"not_picked":["Quick Slash"],"picked":"SKIP","floor":35},{"not_picked":[],"picked":"Infinite Blades+1","floor":38},{"not_picked":["Choke"],"picked":"SKIP","floor":45},{"not_picked":["Choke"],"picked":"SKIP","floor":48}],"player_experience":1375,"relics_obtained":[{"floor":6,"key":"Vajra"},{"floor":8,"key":"Strawberry"},{"floor":9,"key":"HornCleat"},{"floor":23,"key":"Ancient Tea Set"},{"floor":26,"key":"PreservedInsect"},{"floor":39,"key":"Pocketwatch"},{"floor":43,"key":"Mummified Hand"}],"event_choices":[{"damage_healed":0,"gold_gain":75,"player_choice":"Gather Gold","damage_taken":11,"max_hp_gain":0,"max_hp_loss":0,"event_name":"World of Goop","floor":2,"gold_loss":0},{"cards_removed":["Strike_G"],"damage_healed":0,"gold_gain":0,"player_choice":"Offered Basic","damage_taken":0,"max_hp_gain":0,"max_hp_loss":0,"event_name":"Bonfire Elementals","floor":3,"gold_loss":0},{"damage_healed":0,"gold_gain":0,"player_choice":"Ignored","damage_taken":0,"max_hp_gain":0,"max_hp_loss":0,"event_name":"Shining Light","floor":11,"gold_loss":0},{"damage_healed":0,"gold_gain":0,"player_choice":"Success","damage_taken":12,"relics_obtained":["Centennial Puzzle"],"max_hp_gain":0,"max_hp_loss":0,"event_name":"Scrap Ooze","floor":14,"gold_loss":0},{"damage_healed":0,"gold_gain":0,"player_choice":"Ignored","damage_taken":0,"max_hp_gain":0,"max_hp_loss":0,"event_name":"Vampires","floor":21,"gold_loss":0},{"damage_healed":0,"gold_gain":0,"player_choice":"Simplicity","damage_taken":0,"max_hp_gain":0,"max_hp_loss":0,"event_name":"Back to Basics","floor":22,"gold_loss":0,"cards_upgraded":["Strike_G","Strike_G","Strike_G","Defend_G","Defend_G","Defend_G","Defend_G","Defend_G"]},{"damage_healed":0,"gold_gain":0,"player_choice":"Obtained Relic","damage_taken":0,"relics_obtained":["Ornamental Fan"],"max_hp_gain":0,"max_hp_loss":0,"event_name":"Addict","floor":24,"gold_loss":85},{"damage_healed":0,"gold_gain":999,"player_choice":"Gold","damage_taken":0,"max_hp_gain":0,"max_hp_loss":0,"event_name":"MindBloom","floor":36,"gold_loss":0,"cards_obtained":["Normality","Normality"]},{"damage_healed":0,"gold_gain":0,"player_choice":"Fight","damage_taken":0,"max_hp_gain":0,"max_hp_loss":0,"event_name":"Mysterious Sphere","floor":39,"gold_loss":0},{"damage_healed":0,"gold_gain":0,"player_choice":"Ignored","damage_taken":0,"max_hp_gain":0,"max_hp_loss":0,"event_name":"Tomb of Lord Red Mask","floor":41,"gold_loss":0},{"cards_removed":["Normality"],"damage_healed":0,"gold_gain":0,"player_choice":"Removed Curses","damage_taken":0,"max_hp_gain":0,"max_hp_loss":0,"event_name":"Fountain of Cleansing","floor":44,"gold_loss":0},{"cards_removed":["Strike_G"],"damage_healed":0,"gold_gain":0,"player_choice":"Removed Attack","damage_taken":0,"max_hp_gain":0,"max_hp_loss":0,"event_name":"Falling","floor":46,"gold_loss":0}],"is_beta":false,"boss_relics":[{"not_picked":["Black Star","SacredBark"],"picked":"Busted Crown"},{"not_picked":["HoveringKite","Snecko Eye"],"picked":"Fusion Hammer"}],"items_purged_floors":[4,37],"is_endless":false,"potions_floor_spawned":[5,8,16,18,20,29,30,38,48],"ascension_level":0}}