{"host":"a4s27ghlnr83kbqz","time":1613798212,"event":{"mods":["AchievementEnabler","BaseMod","Colored Map","Minty Spire (QoL Compilation)","Permanent Neow","SuperFastMode"],"gold_per_floor":[109,122,47,67,67,67,101,101,101,101,114,114,130,161,161,235,235,251,251,270,287,287,314,61,89,89,102,102,102,112,112,112,184,184,202,215,227,58,70,82,114,114,114],"floor_reached":42,"language":"KOR","playtime":910,"items_purged":["Writhe","Clumsy"],"score":982,"play_id":"508c8606-a2c2-4b0e-94a9-2e834c8841ac","local_time":"20210220141652","is_ascension_mode":true,"campfire_choices":[{"data":"Glass Knife","floor":6.0,"key":"SMITH"},{"data":"Blade Dance","floor":8.0,"key":"SMITH"},{"data":"Backstab","floor":10.0,"key":"SMITH"},{"data":"Terror","floor":15.0,"key":"SMITH"},{"data":"Adrenaline","floor":28.0,"key":"SMITH"},{"floor":32.0,"key":"REST"}],"circlet_count":0,"master_deck":["AscendersBane","Strike_G","Strike_G","Strike_G","Strike_G","Strike_G","Defend_G","Defend_G","Defend_G","Defend_G","Defend_G","Survivor","Neutralize","Glass Knife+1","Backstab+1","PiercingWail","Blade Dance+1","Dash","Terror+1","Adrenaline+1","Dagger Spray+1","Acrobatics","Backstab","PiercingWail+1","Noxious Fumes+1","Envenom+1","Prepared+1","Accuracy+1","Backflip+1","Backflip"],"relics":["Ring of the Snake","InkBottle","Bag of Marbles","Happy Flower","Cursed Key","Akabeko","Frozen Egg 2","Pantograph","Pear","HoveringKite","Calipers"],"acts_visited":["Exordium","TheCity","TheBeyond"],"potions_floor_usage":[41],"damage_taken":[{"damage":8.0,"enemies":"Cultist","floor":1.0,"turns":4.0},{"damage":0.0,"enemies":"2 Louse","floor":2.0,"turns":2.0},{"damage":0.0,"enemies":"Jaw Worm","floor":4.0,"turns":3.0},{"damage":7.0,"enemies":"3 Sentries","floor":7.0,"turns":6.0},{"damage":4.0,"enemies":"Gremlin Gang","floor":11.0,"turns":3.0},{"damage":0.0,"enemies":"Exordium Thugs","floor":13.0,"turns":3.0},{"damage":0.0,"enemies":"Gremlin Nob","floor":14.0,"turns":2.0},{"damage":0.0,"enemies":"Slime Boss","floor":16.0,"turns":5.0},{"damage":0.0,"enemies":"2 Thieves","floor":18.0,"turns":2.0},{"damage":0.0,"enemies":"Spheric Guardian","floor":20.0,"turns":1.0},{"damage":0.0,"enemies":"Centurion and Healer","floor":21.0,"turns":2.0},{"damage":0.0,"enemies":"Slavers","floor":23.0,"turns":4.0},{"damage":13.0,"enemies":"Book of Stabbing","floor":25.0,"turns":4.0},{"damage":0.0,"enemies":"Shelled Parasite and Fungi","floor":27.0,"turns":1.0},{"damage":13.0,"enemies":"Snecko","floor":30.0,"turns":3.0},{"damage":53.0,"enemies":"Automaton","floor":33.0,"turns":8.0},{"damage":14.0,"enemies":"3 Darklings","floor":35.0,"turns":5.0},{"damage":5.0,"enemies":"Orb Walker","floor":36.0,"turns":2.0},{"damage":10,"enemies":"Spire Growth","floor":37,"turns":3},{"damage":10,"enemies":"Sphere and 2 Shapes","floor":39,"turns":8},{"damage":0,"enemies":"3 Darklings","floor":40,"turns":1},{"damage":24,"enemies":"Giant Head","floor":41,"turns":6},{"damage":18,"enemies":"Maw","floor":42,"turns":4}],"seed_played":"762436987568193367","potions_obtained":[{"floor":1.0,"key":"Energy Potion"},{"floor":2.0,"key":"Explosive Potion"},{"floor":13.0,"key":"DuplicationPotion"},{"floor":16.0,"key":"Explosive Potion"}],"is_trial":false,"path_per_floor":["M","M","$","M","?","R","E","R","T","R","M","?","M","E","R","B",null,"M","?","M","M","T","E","$","E","T","M","R","?","M","?","R","B",null,"M","M","M","$","M","M","E","M"],"character_chosen":"THE_SILENT","items_purchased":["Frozen Egg 2","Accuracy+1"],"campfire_rested":1,"item_purchase_floors":[24,38],"current_hp_per_floor":[55,55,55,55,60,60,53,53,53,53,49,37,37,37,37,37,66,66,66,66,66,66,66,66,53,63,63,63,63,50,34,61,33,76,62,57,47,47,37,37,13,0,0],"gold":114,"neow_bonus":"THREE_RARE_CARDS","is_daily":false,"chose_seed":false,"campfire_upgraded":5,"win_rate":0.0,"timestamp":1613798212,"path_taken":["M","M","$","M","?","R","E","R","T","R","M","?","M","E","R","BOSS","M","?","?","M","?","E","$","E","T","M","R","?","M","?","R","BOSS","M","M","M","$","M","M","E","M"],"items_purchased_type":["Relic","Card"],"build_version":"2020-12-22","purchased_purges":2,"victory":false,"max_hp_per_floor":[70,70,70,70,75,75,75,75,75,75,75,75,75,75,75,75,75,75,75,75,75,75,75,75,75,85,85,85,85,85,90,90,90,90,90,90,90,90,90,90,90,90,90],"card_choices":[{"not_picked":["Envenom","Tools of the Trade"],"picked":"Glass Knife","floor":0.0},{"not_picked":["Eviscerate","Deadly Poison"],"picked":"Backstab","floor":1.0},{"not_picked":["Prepared","Acrobatics"],"picked":"PiercingWail","floor":2.0},{"not_picked":["Concentrate","Caltrops","Prepared"],"picked":"SKIP","floor":4.0},{"not_picked":["Bane","Dagger Spray"],"picked":"Blade Dance","floor":7.0},{"not_picked":["Dagger Spray","Deadly Poison"],"picked":"Dash","floor":11.0},{"not_picked":["Bouncing Flask","Venomology","Heel Hook"],"picked":"SKIP","floor":13.0},{"not_picked":["Sucker Punch","Dodge and Roll"],"picked":"Terror","floor":14.0},{"not_picked":["Unload","Burst"],"picked":"Adrenaline","floor":16.0},{"not_picked":["Skewer","Calculated Gamble"],"picked":"Dagger Spray+1","floor":18.0},{"not_picked":["Outmaneuver","Terror"],"picked":"Acrobatics","floor":20.0},{"not_picked":["Flying Knee","Sucker Punch"],"picked":"Backstab","floor":21.0},{"not_picked":["Deadly Poison","Masterful Stab"],"picked":"PiercingWail+1","floor":23.0},{"not_picked":["Infinite Blades+1","Venomology"],"picked":"Noxious Fumes+1","floor":25.0},{"not_picked":["Sucker Punch","Dagger Throw+1","Finisher"],"picked":"SKIP","floor":27.0},{"not_picked":["Acrobatics","Flechettes","Eviscerate"],"picked":"SKIP","floor":30.0},{"not_picked":["Malaise","Storm of Steel"],"picked":"Envenom+1","floor":33.0},{"not_picked":["Quick Slash","Poisoned Stab+1"],"picked":"Prepared+1","floor":35.0},{"not_picked":["Flying Knee","Skewer","Unload"],"picked":"SKIP","floor":37},{"not_picked":["Catalyst","Acrobatics"],"picked":"Backflip+1","floor":39},{"not_picked":["Deflect","Outmaneuver+1"],"picked":"Backflip","floor":40},{"not_picked":["Outmaneuver","Expertise+1","Masterful Stab"],"picked":"SKIP","floor":41}],"player_experience":1137550,"relics_obtained":[{"floor":7.0,"key":"InkBottle"},{"floor":14.0,"key":"Happy Flower"},{"floor":23.0,"key":"Akabeko"},{"floor":25.0,"key":"Pantograph"},{"floor":26.0,"key":"Pear"},{"floor":41,"key":"Calipers"}],"event_choices":[{"damage_healed":0.0,"max_hp_gain":5.0,"max_hp_loss":0.0,"gold_gain":0.0,"event_name":"Big Fish","player_choice":"Donut","floor":5.0,"gold_loss":0.0,"damage_taken":0.0},{"damage_healed":0.0,"max_hp_gain":0.0,"max_hp_loss":0.0,"gold_gain":0.0,"event_name":"Scrap Ooze","player_choice":"Success","floor":12.0,"gold_loss":0.0,"damage_taken":12.0,"relics_obtained":["Bag of Marbles"]},{"damage_healed":0.0,"max_hp_gain":0.0,"max_hp_loss":0.0,"gold_gain":0.0,"event_name":"The Woman in Blue","player_choice":"Bought 0 Potions","floor":19.0,"gold_loss":0.0,"damage_taken":0.0},{"damage_healed":0.0,"max_hp_gain":0.0,"max_hp_loss":0.0,"gold_gain":0.0,"event_name":"The Mausoleum","player_choice":"Ignored","floor":29.0,"gold_loss":0.0,"damage_taken":0.0},{"damage_healed":0.0,"max_hp_gain":5.0,"max_hp_loss":0.0,"gold_gain":0.0,"event_name":"Forgotten Altar","player_choice":"Shed Blood","floor":31.0,"gold_loss":0.0,"damage_taken":21.0}],"is_beta":false,"boss_relics":[{"not_picked":["Empty Cage","Pandora\u0027s Box"],"picked":"Cursed Key"},{"not_picked":["Black Star","Busted Crown"],"picked":"HoveringKite"}],"items_purged_floors":[3,38],"is_endless":false,"potions_floor_spawned":[1,2,13,14,16,25,27,30,35,37],"killed_by":"Maw","ascension_level":13}}