{"host":"i9wanet4r0ff4t9y","time":1613842643,"event":{"mods":["2.2 Compatiblity","Act Like it!","BaseMod","Bestiary","Better Altar","Better Match","Better Note","Better Sensory Stone","Better Skull","Better Third Choice","Better Vampires","BetterRewards","CapriCore","Colored Map","Curses Come First","Downfall","Hubris","Minty Spire (QoL Compilation)","Quick Restart","READ ME - Guardian Mod","READ ME - Snecko Mod","Relic Stats","Reliquary","Ruina","Say the Spire","Spicy Shops","StSLib","The Gatherer","Waifu the Spire"],"gold_per_floor":[112,22,22,40,60,60,73,73,100,118,118,37,58,81,81,81,81],"floor_reached":16,"language":"POL","playtime":334,"items_purged":[],"score":132,"play_id":"8da8c809-f31e-49e7-bc63-cc7b2ba6b160","local_time":"20210220183723","is_ascension_mode":true,"campfire_choices":[{"floor":6.0,"key":"REST"},{"data":"Double Energy","floor":8.0,"key":"SMITH"},{"floor":15.0,"key":"REST"}],"circlet_count":0,"master_deck":["Strike_B","Strike_B","Strike_B","Strike_B","Defend_B","Defend_B","Defend_B","Defend_B","Zap","Dualcast","Panache","Double Energy+1","Panacea","Ball Lightning","Injury","Cold Snap","Barrage","Go for the Eyes","Meteor Strike","Ball Lightning","Sunder","Go for the Eyes"],"relics":["Cracked Core","ClockworkSouvenir","reliquary:Stiletto","Potion Belt","Oddly Smooth Stone","reliquary:Conveyor","Golden Idol","reliquary:ExpiredCoupon"],"acts_visited":["Exordium"],"potions_floor_usage":[16,16,16],"damage_taken":[{"damage":0.0,"enemies":"Jaw Worm","floor":1.0,"turns":4.0},{"damage":0.0,"enemies":"Small Slimes","floor":4.0,"turns":3.0},{"damage":0.0,"enemies":"Cultist","floor":5.0,"turns":2.0},{"damage":8.0,"enemies":"Exordium Thugs","floor":7.0,"turns":4.0},{"damage":7.0,"enemies":"Large Slime","floor":10.0,"turns":4.0},{"damage":0.0,"enemies":"2 Fungi Beasts","floor":13.0,"turns":2.0},{"damage":16.0,"enemies":"Looter","floor":14.0,"turns":3.0},{"damage":49,"enemies":"The Guardian","floor":16,"turns":8}],"seed_played":"7820080685870500021","potions_obtained":[{"floor":1.0,"key":"Dexterity Potion"},{"floor":7.0,"key":"Weak Potion"},{"floor":11.0,"key":"hexamod:SoulburnPotion"},{"floor":11.0,"key":"hexamod:SoulburnPotion"}],"is_trial":false,"path_per_floor":["M","$","?","M","M","R","M","R","T","M","?","$","M","M","R","B"],"character_chosen":"DEFECT","items_purchased":["ClockworkSouvenir","Panache","reliquary:Stiletto","Potion Belt","Oddly Smooth Stone","Double Energy","Panacea","reliquary:Conveyor","Ball Lightning"],"campfire_rested":2,"item_purchase_floors":[0,0,0,0,0,0,0,2,12],"current_hp_per_floor":[33,33,33,33,33,55,47,47,47,40,40,40,40,24,46,0,0],"gold":81,"neow_bonus":"","is_daily":false,"chose_seed":false,"campfire_upgraded":1,"win_rate":0.0,"timestamp":1613842643,"path_taken":["M","$","?","M","M","R","M","R","T","M","?","$","?","M","R","BOSS"],"items_purchased_type":["Relic","Card","Relic","Relic","Relic","Card","Card","Relic","Card"],"build_version":"2020-12-22","purchased_purges":0,"victory":false,"max_hp_per_floor":[75,75,75,75,75,75,75,75,75,75,75,75,75,75,75,75,75],"relic_stats":{"counters":[8,29],"Golden Idol":24,"obtain_stats":[{"Potion Belt":0,"reliquary:Conveyor":2,"reliquary:ExpiredCoupon":9,"Golden Idol":3,"Oddly Smooth Stone":0,"reliquary:Stiletto":0,"Cracked Core":0,"ClockworkSouvenir":0},{"Potion Belt":0,"reliquary:Conveyor":1,"reliquary:ExpiredCoupon":4,"Golden Idol":1,"Oddly Smooth Stone":0,"reliquary:Stiletto":0,"Cracked Core":0,"ClockworkSouvenir":0},{"Potion Belt":0,"reliquary:Conveyor":4,"reliquary:ExpiredCoupon":12,"Golden Idol":4,"Oddly Smooth Stone":0,"reliquary:Stiletto":0,"Cracked Core":0,"ClockworkSouvenir":0}]},"card_choices":[{"not_picked":["Rip and Tear","Rebound"],"picked":"Ball Lightning","floor":1.0},{"not_picked":["Streamline","Skim"],"picked":"Cold Snap","floor":4.0},{"not_picked":["Rebound","Reinforced Body"],"picked":"Barrage","floor":5.0},{"not_picked":["hubris:Ukulele","Turbo"],"picked":"Go for the Eyes","floor":7.0},{"not_picked":["Fusion","Go for the Eyes"],"picked":"Meteor Strike","floor":10.0},{"not_picked":["Steam","Fusion"],"picked":"Sunder","floor":13.0},{"not_picked":["Recycle","Leap"],"picked":"Go for the Eyes","floor":14.0}],"player_experience":478559,"relics_obtained":[{"floor":9.0,"key":"reliquary:ExpiredCoupon"}],"event_choices":[{"damage_healed":0.0,"max_hp_gain":0.0,"max_hp_loss":0.0,"gold_gain":0.0,"event_name":"Golden Idol","player_choice":"Take Wound","floor":3.0,"gold_loss":0.0,"damage_taken":0.0,"relics_obtained":["Golden Idol"],"cards_obtained":["Injury"]},{"damage_healed":0.0,"max_hp_gain":0.0,"max_hp_loss":0.0,"gold_gain":0.0,"event_name":"Lab","player_choice":"Got Potions","floor":11.0,"gold_loss":0.0,"damage_taken":0.0}],"is_beta":false,"boss_relics":[],"items_purged_floors":[],"is_endless":false,"potions_floor_spawned":[1,7],"killed_by":"The Guardian","ascension_level":8}}