{"host":"yrr8h8i6xyokjw1v","time":1613831722,"event":{"mods":["Act Like it!","Ascension Reborn","BaseMod","BetterRewards","Downfall","Duelist Mod","Gensokyo","Hermit","Hubris","Minty Spire (QoL Compilation)","READ ME - Guardian Mod","Replay The Spire","Ruina","StSLib","The Animator","The Bug Knight","The Construct","The Cursed","The Disciple","The Marked","The Mystic","The Necromancer","The Problem Sleuth","The Runesmith","The Servant 0.9.4","TheFirefly"],"gold_per_floor":[99,109,120,130,230,244,244,244,244,23,43,43,43,43,55,55,55],"floor_reached":16,"language":"ENG","playtime":1040,"items_purged":[],"score":92,"play_id":"79db192a-3f78-4220-8855-ba320b10af43","local_time":"20210220143522","is_ascension_mode":true,"campfire_choices":[{"floor":1,"key":"RECALL"},{"data":"Slimebound:GoopSpray","floor":9,"key":"SMITH"}],"circlet_count":0,"master_deck":["Slimebound:Strike_Slimebound","Slimebound:Strike_Slimebound","Slimebound:Strike_Slimebound","Slimebound:Tackle","Slimebound:Defend_Slimebound","Slimebound:Defend_Slimebound","Slimebound:Defend_Slimebound","Slimebound:Defend_Slimebound","Slimebound:Split","Slimebound:CorrosiveSpit","Slimebound:GoopSpray+1","Slimebound:ItLooksTasty","Slimebound:HauntingLick","Slimebound:RejuvenatingLick","Slimebound:MegaLick","Slimebound:ProtectTheBoss","Slimebound:LeechLife","Slimebound:Repurpose","Parasite","Slimebound:SplitAcid"],"relics":["Slimebound:AbsorbEndCombat","Eternal Feather","Ring of Peace","Ring of Fangs","downfall:BrokenWingStatue"],"acts_visited":["Exordium"],"potions_floor_usage":[10,10,15,16],"damage_taken":[{"damage":19,"enemies":"Jaw Worm","floor":2,"turns":3},{"damage":4,"enemies":"Cultist","floor":3,"turns":3},{"damage":3,"enemies":"2 Louse","floor":4,"turns":3},{"damage":13,"enemies":"2 Fungi Beasts","floor":6,"turns":3},{"damage":8,"enemies":"downfall:FleeingMerchant","floor":10,"turns":4},{"damage":3,"enemies":"3 Louse","floor":11,"turns":2},{"damage":7,"enemies":"downfall:LooterAlt","floor":15,"turns":5},{"damage":88,"enemies":"IC_STATUS_ARCHETYPE","floor":16,"turns":15}],"seed_played":"-8884930927160911653","potions_obtained":[{"floor":3,"key":"sneckomod:MuddlingPotion"},{"floor":6,"key":"Venom Potion"},{"floor":11,"key":"sneckomod:MuddlingPotion"},{"floor":15,"key":"Explosive Potion"}],"is_trial":false,"path_per_floor":["R","M","M","M","?","M","T","T","R","$","M","?","?","?","M","B"],"character_chosen":"SLIMEBOUND","items_purchased":["Slimebound:ProtectTheBoss","Slimebound:LeechLife"],"campfire_rested":0,"item_purchase_floors":[10,10],"current_hp_per_floor":[71,56,54,53,53,46,46,46,52,52,53,53,53,70,71,0,0],"gold":55,"neow_bonus":"TEN_PERCENT_HP_BONUS","is_daily":false,"chose_seed":false,"campfire_upgraded":1,"win_rate":0.0,"timestamp":1613831722,"path_taken":["R","M","M","M","?","M","T","?","R","$","?","?","?","?","M","BOSS"],"items_purchased_type":["Card","Card"],"build_version":"2020-12-22","purchased_purges":0,"victory":false,"max_hp_per_floor":[71,71,71,71,71,71,71,71,71,71,71,71,71,71,71,71,71],"card_choices":[{"not_picked":["Slimebound:AcidTongue","Slimebound:LeechingTouch"],"picked":"Slimebound:GoopSpray","floor":2},{"not_picked":["Slimebound:SpikyOuterGoop","Slimebound:LeechEnergy"],"picked":"Slimebound:ItLooksTasty","floor":3},{"not_picked":["Slimebound:TongueLash","Slimebound:BestDefense"],"picked":"Slimebound:HauntingLick","floor":4},{"not_picked":["Slimebound:ItLooksTasty","Slimebound:SplitMire"],"picked":"Slimebound:RejuvenatingLick","floor":6},{"not_picked":["Slimebound:Gluttony","Slimebound:FinishingTackle"],"picked":"Slimebound:MegaLick","floor":10},{"not_picked":["Slimebound:SpikyOuterGoop","Slimebound:Prepare"],"picked":"Slimebound:Repurpose","floor":11},{"not_picked":["Slimebound:HauntingLick","Slimebound:MegaLick"],"picked":"Slimebound:SplitAcid","floor":15}],"player_experience":122340,"relics_obtained":[{"floor":8,"key":"Eternal Feather"},{"floor":12,"key":"Ring of Peace"},{"floor":12,"key":"Ring of Fangs"}],"event_choices":[{"damage_healed":17,"gold_gain":0,"player_choice":"Healed and dodged fight","damage_taken":0,"max_hp_gain":0,"max_hp_loss":0,"event_name":"Mushrooms","floor":14,"gold_loss":0,"cards_obtained":["Parasite"]}],"is_beta":false,"boss_relics":[],"items_purged_floors":[],"is_endless":false,"potions_floor_spawned":[3,6,11,15],"killed_by":"IC_STATUS_ARCHETYPE","ascension_level":0}}