{"host":"11sio1t9m4glraap","time":1613812774,"event":{"mods":["2.2 Compatiblity","Act Like it!","BaseMod","Conspire","Decade(¤ý¤p©ú)","Downfall","Duelist Mod","Friendly Minions","GifTheSpireLib","Hallownest","Hermit","Jorbs\u0027s Wanderer Trilogy","Koishi","Lobotomy","Marisa¡]Ãú«B¡@Å]²z¨F¡^","Minty Spire (QoL Compilation)","Prisma Mod","Replay The Spire","StSLib","Td1madao Mod","The Administrix","The Animator","The Bladedancer","The Bug Knight","The Construct","The Cursed","The Disciple","The Hierophant","The Mystic","The Necromancer","The Poker Player","The Runesmith","Youmu¡]»î¾z§¯?¡^"],"gold_per_floor":[110,124,124,299,314,314,345,345,371,381,381,414,414,424,424,529,529,548,99838,99838,99838,99850,99850,99864,99880,99880,99880,99979,99129,99129,98965,98965,99066,99066,99079,99090,98347,98367,98384,98384,98384],"floor_reached":40,"language":"ZHS","playtime":2592,"items_purged":["Doubt","Pod Fire","Afterwards","Here Defend Chip"],"score":396,"play_id":"3cb1fb51-aa35-4253-8cb4-7e4288a13f0a","local_time":"20210220171934","is_ascension_mode":false,"campfire_choices":[{"data":"Rupture","floor":6,"key":"SMITH"},{"floor":8,"key":"REST"},{"data":"Bursts","floor":13,"key":"SMITH"},{"floor":15,"key":"REST"},{"floor":23,"key":"REST"},{"floor":30,"key":"REST"},{"data":"Im Angry","floor":32,"key":"SMITH"}],"circlet_count":0,"master_deck":["Strike_C","Strike_C","Strike_C+1","Strike_C","Defend_C","Defend_C","Defend_C+1","Defend_C","Knight Kick","Chip","Rupture+1","Black Execution","Fire Up","Fire Blade","Bursts+1","Black Shadow","Im Angry+1","Afterwards","Load Balancing","Ruin Defend","Format All Data","Reflection Mechanism","Load Balancing","Floating Even+1","Bugfix+1","Break Into","Shockwave Tdmadao","Floating Swing Kick+1","Fire Up+1","Retrieval Recycling","Defend System+1"],"relics":["Apod","Oddly Smooth Stone","Bag of Marbles","Replay:Mystery Machine","Honey Jar","HollowMod:StagPassRelic","Eternal Feather","Gremlin Horn","Replay:Rubber Ducky","Bird Faced Urn","Chemical X","Foreshadowing","Dead Branch","Bronze Scales","Frozen Eye"],"acts_visited":["Exordium","TheCity","TheBeyond"],"potions_floor_usage":[16,16,16,16,16,22,22,22,33,33],"damage_taken":[{"damage":0,"enemies":"2 Louse","floor":1,"turns":3},{"damage":4,"enemies":"Jaw Worm","floor":2,"turns":4},{"damage":1,"enemies":"Cultist","floor":5,"turns":3},{"damage":23,"enemies":"Lagavulin","floor":7,"turns":6},{"damage":0,"enemies":"Gremlin Gang","floor":10,"turns":1},{"damage":17,"enemies":"3 Sentries","floor":12,"turns":5},{"damage":7,"enemies":"Exordium Thugs","floor":14,"turns":4},{"damage":41,"enemies":"Hexaghost","floor":16,"turns":9},{"damage":59,"enemies":"Shell Parasite","floor":18,"turns":7},{"damage":0,"enemies":"3 Byrds","floor":22,"turns":3},{"damage":12,"enemies":"Shelled Parasite and Fungi","floor":24,"turns":5},{"damage":11,"enemies":"Centurion and Healer","floor":25,"turns":6},{"damage":67,"enemies":"Collector","floor":33,"turns":10},{"damage":24,"enemies":"3 Darklings","floor":35,"turns":4},{"damage":31,"enemies":"3 Shapes","floor":36,"turns":5},{"damage":24,"enemies":"Transient","floor":38,"turns":5},{"damage":0,"enemies":"Maw","floor":39,"turns":7},{"damage":34,"enemies":"Nemesis","floor":40,"turns":2}],"seed_played":"7802970761597356344","potions_obtained":[{"floor":2,"key":"Elixir"},{"floor":5,"key":"AttackPotion"},{"floor":10,"key":"EntropicBrew"},{"floor":16,"key":"Weak Potion"},{"floor":22,"key":"Fruit Juice"},{"floor":25,"key":"conspire:TimeTravelPotion"},{"floor":33,"key":"Guardian:BlockOnCardUsePotion"},{"floor":35,"key":"Dexterity Potion"},{"floor":38,"key":"SteroidPotion"}],"is_trial":false,"path_per_floor":["M","M","?","?","M","R","E","R","T","M","?","E","R","M","R","B",null,"M","$","?","?","M","R","M","M","T","T","?","$","R","$","R","B",null,"M","M","$","M","M","E"],"character_chosen":"TD1MADAO_CLASS","items_purchased":["Here Defend Chip","HollowMod:StagPassRelic","Fire Potion","LiquidBronze","Afterwards","Replay:Rubber Ducky","Bird Faced Urn","Chemical X","Floating Even","Bugfix","Break Into","Dead Branch","Bronze Scales","Frozen Eye"],"campfire_rested":4,"item_purchase_floors":[19,19,19,19,19,29,29,29,29,29,31,37,37,37],"current_hp_per_floor":[70,66,52,52,51,51,28,49,49,49,70,53,53,46,67,26,70,11,11,11,11,11,44,32,21,21,21,21,21,57,57,70,41,75,53,28,28,6,14,0,0],"gold":98384,"neow_bonus":"THREE_CARDS","is_daily":false,"chose_seed":false,"campfire_upgraded":3,"win_rate":0.0,"timestamp":1613812774,"path_taken":["M","M","?","?","M","R","E","R","T","M","?","E","R","M","R","BOSS","M","$","?","?","?","R","M","?","T","?","?","$","R","?","R","BOSS","M","?","$","M","M","E"],"items_purchased_type":["Card","Relic","Potion","Potion","Card","Relic","Relic","Relic","Card","Card","Card","Relic","Relic","Relic"],"build_version":"2020-12-22","purchased_purges":4,"victory":false,"max_hp_per_floor":[70,70,70,70,70,70,70,70,70,70,70,70,70,70,70,70,70,70,70,70,70,70,70,70,70,70,70,70,70,70,70,70,75,75,75,75,75,75,75,75,75],"card_choices":[{"not_picked":["Three Hit","De Ware Chip"],"picked":"Rupture","floor":0},{"not_picked":["Light Attack","Ruin Defend"],"picked":"Black Execution","floor":1},{"not_picked":["Preloading","Fixing"],"picked":"Fire Up","floor":2},{"not_picked":["Oblique Hack","Preparedness"],"picked":"Fire Blade","floor":5},{"not_picked":["Energy Supply","Lunge"],"picked":"E MP","floor":7},{"not_picked":["Resistance","Preloading"],"picked":"Pod Fire","floor":10},{"not_picked":["Black Execution","Fire Up"],"picked":"Bursts","floor":12},{"not_picked":["Revenge","Weapon Shift"],"picked":"Black Shadow","floor":14},{"not_picked":["Overclocking","Chip Synthesis"],"picked":"Im Angry","floor":16},{"not_picked":["Resistance","Coercion","Rupture"],"picked":"Afterwards","floor":18},{"not_picked":["Light Attack+1","Black Shadow","Fire Up"],"picked":"Format All Data","floor":22},{"not_picked":["Oblique Hack","Break Into","Twin Teeth"],"picked":"Reflection Mechanism","floor":24},{"not_picked":["Lunge","Machining+1","Rupture"],"picked":"Load Balancing","floor":25},{"not_picked":["Memory Alloy","Black Contract","Moon Tear"],"picked":"Shockwave Tdmadao","floor":33},{"not_picked":["Load Balancing+1","Twin Teeth+1","Three Hit"],"picked":"Floating Swing Kick+1","floor":35},{"not_picked":["Provocative","Oblique Hack+1","Afterwards+1"],"picked":"Fire Up+1","floor":36},{"not_picked":["Cursed Blade+1","Black Execution","Black Shadow"],"picked":"Retrieval Recycling","floor":38},{"not_picked":["Three Hit","Floating Swing Kick","Rupture+1"],"picked":"Defend System+1","floor":39}],"player_experience":126086,"relics_obtained":[{"floor":7,"key":"Oddly Smooth Stone"},{"floor":9,"key":"Bag of Marbles"},{"floor":12,"key":"Replay:Mystery Machine"},{"floor":26,"key":"Gremlin Horn"}],"event_choices":[{"damage_healed":0,"gold_gain":0,"player_choice":"Entered Light","damage_taken":14,"max_hp_gain":0,"max_hp_loss":0,"event_name":"Shining Light","floor":3,"gold_loss":0,"cards_upgraded":["Strike_C","Defend_C"]},{"damage_healed":0,"gold_gain":175,"player_choice":"AGREE","damage_taken":0,"max_hp_gain":0,"max_hp_loss":0,"event_name":"Liars Game","floor":4,"gold_loss":0,"cards_obtained":["Doubt"]},{"damage_healed":23,"gold_gain":0,"player_choice":"Banana","damage_taken":0,"max_hp_gain":0,"max_hp_loss":0,"event_name":"Big Fish","floor":11,"gold_loss":0},{"damage_healed":0,"gold_gain":0,"cards_transformed":["Afterwards","E MP"],"player_choice":"Became Test Subject","damage_taken":0,"max_hp_gain":0,"max_hp_loss":0,"event_name":"Drug Dealer","floor":20,"gold_loss":0,"cards_obtained":["Load Balancing","Ruin Defend"]},{"damage_healed":0,"gold_gain":99,"player_choice":"Stole From Cult","damage_taken":0,"max_hp_gain":0,"max_hp_loss":0,"event_name":"Nest","floor":28,"gold_loss":0}],"is_beta":false,"boss_relics":[{"not_picked":["Runic Pyramid","Runic Dome"],"picked":"Honey Jar"},{"not_picked":["Calling Bell","Coffee Dripper"],"picked":"Foreshadowing"}],"items_purged_floors":[19,29,31,37],"is_endless":false,"potions_floor_spawned":[2,5,10,16,22,25,33,35,38,39],"killed_by":"Nemesis","ascension_level":0}}