{"host":"szp1d6dso4pv7ddl","time":1613784955,"event":{"mods":["AchievementEnabler","Alarm Clock","BaseMod","Bestiary","Block Reminder","Colored Map","Colored Powertips","Curses Come First","Dark Map","Displayed Cursed Tome","Highlight Path","Minty Spire (QoL Compilation)","Permanent Neow","Quick Restart","Relic Sorter","Relic Stats","StSLib","Synergy Search"],"gold_per_floor":[119,119,119,130,150,183,183,217,217,217,217],"floor_reached":10,"language":"ENG","playtime":454,"items_purged":[],"score":152,"play_id":"e2bbd250-8ef9-4906-9e43-e091415d9ca5","local_time":"20210219173555","is_ascension_mode":true,"campfire_choices":[{"floor":7,"key":"REST"}],"circlet_count":0,"master_deck":["AscendersBane","Strike_G","Strike_G","Strike_G","Strike_G","Strike_G","Defend_G","Defend_G","Defend_G+1","Defend_G","Defend_G","Survivor","Neutralize","Backstab+1","Quick Slash","Deadly Poison","Poisoned Stab","Dash"],"relics":["Ring of the Snake","NeowsBlessing","Ninja Scroll","The Courier","HornCleat"],"acts_visited":["Exordium"],"potions_floor_usage":[6,6],"damage_taken":[{"damage":0,"enemies":"Small Slimes","floor":1,"turns":1},{"damage":0,"enemies":"Jaw Worm","floor":4,"turns":1},{"damage":0,"enemies":"Cultist","floor":5,"turns":1},{"damage":17,"enemies":"3 Sentries","floor":6,"turns":7},{"damage":37,"enemies":"Lagavulin","floor":8,"turns":6},{"damage":20,"enemies":"Gremlin Nob","floor":10,"turns":3}],"seed_played":"8186855841320605317","potions_obtained":[{"floor":1,"key":"Fire Potion"},{"floor":3,"key":"CultistPotion"}],"is_trial":false,"path_per_floor":["M","?","?","M","M","E","R","E","T","E"],"character_chosen":"THE_SILENT","items_purchased":[],"campfire_rested":1,"item_purchase_floors":[],"current_hp_per_floor":[59,39,39,39,39,22,41,4,4,0,0],"gold":217,"neow_bonus":"THREE_ENEMY_KILL","is_daily":false,"chose_seed":false,"campfire_upgraded":0,"win_rate":0.0,"timestamp":1613784955,"path_taken":["M","?","?","?","M","E","R","E","T","E"],"items_purchased_type":[],"build_version":"2020-12-22","purchased_purges":0,"victory":false,"max_hp_per_floor":[66,66,66,66,66,66,66,66,66,66,66],"relic_stats":{"counters":[6,19],"obtain_stats":[{"HornCleat":9,"NeowsBlessing":0,"Ninja Scroll":6,"The Courier":8,"Ring of the Snake":0},{"HornCleat":5,"NeowsBlessing":0,"Ninja Scroll":4,"The Courier":5,"Ring of the Snake":0},{"HornCleat":16,"NeowsBlessing":0,"Ninja Scroll":10,"The Courier":16,"Ring of the Snake":0}],"Ring of the Snake":[12]},"card_choices":[{"not_picked":["Deflect","Slice"],"picked":"Backstab","floor":1},{"not_picked":["Outmaneuver","Slice"],"picked":"Quick Slash","floor":4},{"not_picked":["Infinite Blades","Expertise"],"picked":"Deadly Poison","floor":5},{"not_picked":["Reflex","Masterful Stab"],"picked":"Poisoned Stab","floor":6},{"not_picked":["Backstab","Slice"],"picked":"Dash","floor":8}],"player_experience":1597866,"relics_obtained":[{"floor":6,"key":"Ninja Scroll"},{"floor":8,"key":"The Courier"},{"floor":9,"key":"HornCleat"}],"event_choices":[{"damage_healed":0,"gold_gain":0,"player_choice":"Entered Light","damage_taken":20,"max_hp_gain":0,"max_hp_loss":0,"event_name":"Shining Light","floor":2,"gold_loss":0,"cards_upgraded":["Backstab","Defend_G"]},{"damage_healed":0,"gold_gain":0,"player_choice":"Got Potions","damage_taken":0,"max_hp_gain":0,"max_hp_loss":0,"event_name":"Lab","floor":3,"gold_loss":0}],"is_beta":false,"boss_relics":[],"items_purged_floors":[],"is_endless":false,"potions_floor_spawned":[1,4],"killed_by":"Gremlin Nob","ascension_level":20}}