{"host":"xcuflocadasoaqda","time":1613851571,"event":{"mods":["BaseMod","Bestiary","Filter the Spire","Minty Spire (QoL Compilation)","Relic Stats"],"gold_per_floor":[111,111,128,146,146,181,181,193,216,3,36,36,69,79,79,156,156,173,173,242,29,79,79,106,122,167,117,117,167,167,185,185,259,259,272,302,321,271,282,282,292,81,133,167,179,213,281,309,309,309,309,309,309,88,120,120],"floor_reached":57,"language":"ENG","playtime":2939,"items_purged":["Terror","Deadly Poison","Neutralize","Deflect","Predator","Concentrate+1"],"score":3410,"play_id":"2e9e673d-2ebb-4696-bd3f-71ded76a172d","local_time":"20210220140611","is_ascension_mode":true,"campfire_choices":[{"data":"Wraith Form v2","floor":7,"key":"SMITH"},{"data":"Well Laid Plans","floor":12,"key":"SMITH"},{"data":"Concentrate","floor":15,"key":"SMITH"},{"data":"Ghostly","floor":23,"key":"SMITH"},{"data":"Prepared","floor":28,"key":"SMITH"},{"data":"Ghostly","floor":30,"key":"SMITH"},{"data":"Ghostly","floor":32,"key":"SMITH"},{"floor":40,"key":"RECALL"},{"data":"Blade Dance","floor":49,"key":"PURGE"},{"data":"Night Terror","floor":53,"key":"PURGE"}],"circlet_count":0,"master_deck":["AscendersBane","Wraith Form v2+1","Terror","Tactician","Well Laid Plans+1","Acrobatics","Grand Finale","Acrobatics","Ghostly+1","Ghostly+1","Ghostly+1","Prepared+1","Backflip","Adrenaline","Adrenaline","Escape Plan","Grand Finale","Well Laid Plans+1"],"relics":["Pandora\u0027s Box","SsserpentHead","Smiling Mask","Art of War","PreservedInsect","Toy Ornithopter","Du-Vu Doll","Runic Dome","Medical Kit","Anchor","Empty Cage","DollysMirror","Ancient Tea Set","Snake Skull","Peace Pipe","Singing Bowl","Bag of Preparation","Ginger"],"acts_visited":["Exordium","TheCity","TheBeyond","TheEnding"],"potions_floor_usage":[6,6,13,56],"damage_taken":[{"damage":6,"enemies":"Jaw Worm","floor":1,"turns":4},{"damage":0,"enemies":"Small Slimes","floor":3,"turns":3},{"damage":0,"enemies":"Cultist","floor":4,"turns":3},{"damage":2,"enemies":"Gremlin Nob","floor":6,"turns":4},{"damage":6,"enemies":"Red Slaver","floor":8,"turns":3},{"damage":0,"enemies":"Lagavulin","floor":11,"turns":5},{"damage":7,"enemies":"Gremlin Nob","floor":13,"turns":3},{"damage":2,"enemies":"Blue Slaver","floor":14,"turns":5},{"damage":25,"enemies":"The Guardian","floor":16,"turns":10},{"damage":1,"enemies":"Chosen","floor":18,"turns":3},{"damage":0,"enemies":"2 Thieves","floor":20,"turns":4},{"damage":4,"enemies":"Gremlin Leader","floor":24,"turns":4},{"damage":3,"enemies":"Snake Plant","floor":25,"turns":5},{"damage":3,"enemies":"Shelled Parasite and Fungi","floor":31,"turns":4},{"damage":0,"enemies":"Collector","floor":33,"turns":5},{"damage":0,"enemies":"3 Darklings","floor":35,"turns":3},{"damage":1,"enemies":"Orb Walker","floor":37,"turns":3},{"damage":1,"enemies":"Maw","floor":39,"turns":3},{"damage":0,"enemies":"Writhing Mass","floor":41,"turns":3},{"damage":0,"enemies":"Giant Head","floor":44,"turns":3},{"damage":0,"enemies":"3 Darklings","floor":45,"turns":2},{"damage":0,"enemies":"Nemesis","floor":46,"turns":1},{"damage":0,"enemies":"4 Shapes","floor":47,"turns":2},{"damage":3,"enemies":"Giant Head","floor":48,"turns":4},{"damage":0,"enemies":"Awakened One","floor":50,"turns":3},{"damage":0,"enemies":"Donu and Deca","floor":51,"turns":2},{"damage":0,"enemies":"Shield and Spear","floor":55,"turns":1},{"damage":31,"enemies":"The Heart","floor":56,"turns":5}],"seed_played":"-3500322001969418089","potions_obtained":[{"floor":3,"key":"EntropicBrew"},{"floor":13,"key":"Ancient Potion"},{"floor":14,"key":"Block Potion"},{"floor":37,"key":"DuplicationPotion"}],"is_trial":false,"path_per_floor":["M","?","M","M","?","E","R","M","T","$","E","R","E","M","R","B",null,"M","?","M","$","?","R","E","M","T","$","R","?","R","M","R","B",null,"M","?","M","$","M","R","M","$","T","E","M","E","M","E","R","B","B",null,"R","$","E","B",null],"character_chosen":"THE_SILENT","items_purchased":["PreservedInsect","Medical Kit","DollysMirror","Bag of Preparation"],"campfire_rested":0,"item_purchase_floors":[10,21,42,54],"current_hp_per_floor":[53,58,58,58,58,56,56,50,50,50,50,50,48,46,46,21,59,58,58,58,58,35,35,31,28,28,28,28,28,28,25,25,25,33,33,33,32,32,31,31,31,31,31,31,31,31,31,30,30,30,30,35,35,35,35,6],"gold":120,"neow_bonus":"BOSS_RELIC","is_daily":false,"chose_seed":false,"campfire_upgraded":7,"win_rate":0.0,"timestamp":1613851571,"path_taken":["M","?","M","M","?","E","R","M","T","$","E","R","E","M","R","BOSS","M","?","?","$","?","R","E","M","T","$","R","?","R","M","R","BOSS","M","?","M","$","M","R","M","$","T","E","M","E","?","E","R","BOSS","BOSS","R","$","E","BOSS"],"items_purchased_type":["Relic","Relic","Relic","Relic"],"build_version":"2020-12-22","purchased_purges":6,"victory":true,"max_hp_per_floor":[66,71,71,71,71,71,71,71,71,71,71,71,71,71,71,71,71,71,71,71,71,35,35,35,35,35,35,35,35,35,35,35,35,35,35,35,35,35,35,35,35,35,35,35,35,35,35,37,37,37,37,37,37,37,37,37],"relic_stats":{"Singing Bowl":2,"counters":[28,100],"PreservedInsect":487,"Snake Skull":[0],"Bag of Preparation":[4],"Ginger":[2],"Smiling Mask":525,"Medical Kit":[6],"Peace Pipe":2,"SsserpentHead":300,"Pandora\u0027s Box":["Deadly Poison","Night Terror","Concentrate","Predator","Cloak And Dagger","Terror","Wraith Form v2","Deflect","Terror","Tactician"],"Art of War":[18],"obtain_stats":[{"Singing Bowl":48,"PreservedInsect":10,"Snake Skull":44,"Bag of Preparation":54,"Ginger":55,"Smiling Mask":6,"Medical Kit":21,"Empty Cage":34,"Ancient Tea Set":43,"Du-Vu Doll":13,"Peace Pipe":46,"SsserpentHead":5,"Runic Dome":17,"Anchor":24,"DollysMirror":42,"Pandora\u0027s Box":0,"Art of War":9,"Toy Ornithopter":11,"Ring of the Snake":0},{"Singing Bowl":24,"PreservedInsect":5,"Snake Skull":20,"Bag of Preparation":26,"Ginger":27,"Smiling Mask":4,"Medical Kit":11,"Empty Cage":15,"Ancient Tea Set":19,"Du-Vu Doll":7,"Peace Pipe":22,"SsserpentHead":3,"Runic Dome":9,"Anchor":12,"DollysMirror":19,"Pandora\u0027s Box":0,"Art of War":5,"Toy Ornithopter":6,"Ring of the Snake":0},{"Singing Bowl":89,"PreservedInsect":17,"Snake Skull":80,"Bag of Preparation":94,"Ginger":95,"Smiling Mask":14,"Medical Kit":47,"Empty Cage":65,"Ancient Tea Set":77,"Du-Vu Doll":25,"Peace Pipe":83,"SsserpentHead":10,"Runic Dome":40,"Anchor":51,"DollysMirror":77,"Pandora\u0027s Box":0,"Art of War":17,"Toy Ornithopter":22,"Ring of the Snake":0}],"Toy Ornithopter":7},"card_choices":[{"not_picked":["Dagger Throw","Deflect"],"picked":"Blade Dance","floor":1},{"not_picked":["Deadly Poison","Sucker Punch","Bane"],"picked":"SKIP","floor":3},{"not_picked":["Concentrate","Dodge and Roll","Finisher"],"picked":"SKIP","floor":4},{"not_picked":["All Out Attack","Tactician","Predator"],"picked":"SKIP","floor":6},{"not_picked":["Quick Slash","Accuracy"],"picked":"Well Laid Plans","floor":8},{"not_picked":["Masterful Stab","Well Laid Plans","Riddle With Holes"],"picked":"SKIP","floor":11},{"not_picked":["Finisher","Dagger Spray"],"picked":"Acrobatics","floor":13},{"not_picked":["Bouncing Flask","Unload","Catalyst"],"picked":"SKIP","floor":14},{"not_picked":["Wraith Form v2","Burst"],"picked":"Grand Finale","floor":16},{"not_picked":["Well Laid Plans","Flying Knee","Dagger Spray"],"picked":"SKIP","floor":18},{"not_picked":["Blade Dance","Poisoned Stab"],"picked":"Acrobatics","floor":20},{"not_picked":["Masterful Stab","Underhanded Strike+1","Concentrate"],"picked":"SKIP","floor":24},{"not_picked":["Skewer","Dagger Throw+1"],"picked":"Prepared","floor":25},{"not_picked":["Riddle With Holes","Concentrate","Deadly Poison"],"picked":"SKIP","floor":31},{"not_picked":["Storm of Steel","Venomology"],"picked":"Adrenaline","floor":33},{"not_picked":["Bane","Sucker Punch","Slice+1"],"picked":"SKIP","floor":35},{"not_picked":["Slice","Calculated Gamble+1","Setup"],"picked":"SKIP","floor":37},{"not_picked":["Bouncing Flask","Sucker Punch","Endless Agony"],"picked":"SKIP","floor":39},{"not_picked":["Underhanded Strike","Calculated Gamble+1","Flying Knee"],"picked":"SKIP","floor":41},{"not_picked":["Setup","Slice","Outmaneuver"],"picked":"SKIP","floor":44},{"not_picked":["Crippling Poison+1","Backstab+1","Backflip+1"],"picked":"SKIP","floor":45},{"not_picked":["Dodge and Roll","Choke+1"],"picked":"Escape Plan","floor":46},{"not_picked":["Expertise","Terror"],"picked":"Grand Finale","floor":47},{"not_picked":["Deadly Poison","Blur","Backflip"],"picked":"Singing Bowl","floor":48},{"not_picked":["Dagger Spray","Dagger Throw"],"picked":"Well Laid Plans+1","floor":55}],"player_experience":1906812,"relics_obtained":[{"floor":6,"key":"Smiling Mask"},{"floor":9,"key":"Art of War"},{"floor":11,"key":"Toy Ornithopter"},{"floor":13,"key":"Du-Vu Doll"},{"floor":24,"key":"Anchor"},{"floor":43,"key":"Ancient Tea Set"},{"floor":44,"key":"Snake Skull"},{"floor":46,"key":"Peace Pipe"},{"floor":48,"key":"Singing Bowl"},{"floor":55,"key":"Ginger"}],"event_choices":[{"damage_healed":0,"gold_gain":0,"player_choice":"Donut","damage_taken":0,"max_hp_gain":5,"max_hp_loss":0,"event_name":"Big Fish","floor":2,"gold_loss":0},{"damage_healed":0,"gold_gain":0,"player_choice":"Trade","damage_taken":0,"relics_obtained":["SsserpentHead"],"max_hp_gain":0,"max_hp_loss":0,"event_name":"FaceTrader","floor":5,"gold_loss":0},{"damage_healed":0,"gold_gain":0,"player_choice":"Bet on Murderer","damage_taken":0,"max_hp_gain":0,"max_hp_loss":0,"event_name":"The Joust","floor":19,"gold_loss":50},{"damage_healed":0,"gold_gain":0,"player_choice":"Became a Ghost","damage_taken":0,"max_hp_gain":0,"max_hp_loss":36,"event_name":"Ghosts","floor":22,"gold_loss":0,"cards_obtained":["Ghostly","Ghostly","Ghostly"]},{"damage_healed":0,"gold_gain":0,"player_choice":"Read","damage_taken":0,"max_hp_gain":0,"max_hp_loss":0,"event_name":"The Library","floor":29,"gold_loss":0,"cards_obtained":["Backflip"]},{"damage_healed":0,"gold_gain":0,"player_choice":"Bought 1 Potion","damage_taken":0,"max_hp_gain":0,"max_hp_loss":0,"event_name":"The Woman in Blue","floor":36,"gold_loss":0}],"is_beta":false,"boss_relics":[{"not_picked":["SacredBark","SlaversCollar"],"picked":"Runic Dome"},{"not_picked":["Fusion Hammer","Calling Bell"],"picked":"Empty Cage"}],"items_purged_floors":[10,21,27,38,42,54],"is_endless":false,"potions_floor_spawned":[3,13,14,16,20,24,37,46,47,48],"ascension_level":20}}