{"host":"ox77rn1xcurm2t5a","time":1613782868,"event":{"mods":["2.2 Compatiblity","AchievementEnabler","Act Like it!","Aspiration","BaseMod","Best Route Mod","Better Match","Better Note","Better Sensory Stone","Block Reminder","Colored Map","Colored Powertips","Conjunction","Conspire","Custom Start","Energized Spire","GifTheSpireLib","Gold Saver","Gremlin Skip","Halation","Highlight Path","Hubris","Infinite Spire","Minty Spire (QoL Compilation)","Pale of the Ancients","Quick Restart","Reliquary","Replay The Spire","Reworked Bosses","ShortenTheSpire","Spire Exporter","StSLib","Stuff the Spire","Wandering Minibosses"],"gold_per_floor":[564,23,23,34,34,34,369,369,418,418,269,295,311,330,330,425,425,436,436,453,468,486,486,486],"floor_reached":23,"language":"ENG","playtime":488,"items_purged":["Strike_R"],"score":316,"play_id":"4ecf7ec6-7489-44c6-93da-35c6d655b015","local_time":"20210220030108","is_ascension_mode":true,"campfire_choices":[{"floor":6,"key":"RECALL"},{"data":"Uppercut","floor":8,"key":"SMITH"},{"data":"Bash","floor":10,"key":"SMITH"},{"data":"Inflame","floor":15,"key":"SMITH"}],"circlet_count":0,"master_deck":["Strike_R","Strike_R","Strike_R","Strike_R","Defend_R","Defend_R","Defend_R","Defend_R","Bash+1","Uppercut+1","Anger","Thunderclap","Thunderclap","Clash","Inflame+1","Spot Weakness","Thunderclap","Clothesline+1","Battle Trance"],"relics":["Burning Blood","NeowsBlessing","StuffTheSpire:Nightcore","MealTicket","Old Coin","reliquary:ExpiredCoupon","Anchor","Black Star"],"acts_visited":["Exordium","TheCity"],"potions_floor_usage":[12,16,16,21],"damage_taken":[{"damage":0,"enemies":"2 Louse","floor":1,"turns":1},{"damage":0,"enemies":"Jaw Worm","floor":4,"turns":1},{"damage":0,"enemies":"Gremlin Nob","floor":7,"turns":1},{"damage":17,"enemies":"3 Sentries","floor":12,"turns":7},{"damage":0,"enemies":"Small Slimes","floor":13,"turns":2},{"damage":0,"enemies":"Gremlin Gang","floor":14,"turns":2},{"damage":30,"enemies":"Hexaghost","floor":16,"turns":6},{"damage":26,"enemies":"3 Byrds","floor":18,"turns":4},{"damage":19,"enemies":"Spheric Guardian","floor":20,"turns":4},{"damage":18,"enemies":"Snake Plant","floor":21,"turns":4},{"damage":3,"enemies":"Chosen and Byrds","floor":22,"turns":4},{"damage":40,"enemies":"Nightmare","floor":23,"turns":7}],"seed_played":"4061606214756343693","potions_obtained":[{"floor":1,"key":"FearPotion"},{"floor":7,"key":"PowerPotion"},{"floor":14,"key":"Strength Potion"},{"floor":18,"key":"EssenceOfSteel"},{"floor":21,"key":"Elixir"}],"is_trial":false,"path_per_floor":["M","$","?","M","?","R","E","R","T","R","$","E","M","M","R","B",null,"M","?","M","M","M","NM"],"character_chosen":"IRONCLAD","items_purchased":["StuffTheSpire:Nightcore","MealTicket","reliquary:ExpiredCoupon"],"campfire_rested":0,"item_purchase_floors":[2,2,11],"current_hp_per_floor":[78,78,78,80,80,80,80,80,80,80,80,69,75,80,80,56,74,54,54,41,29,32,0,0],"gold":486,"neow_bonus":"THREE_ENEMY_KILL","is_daily":false,"chose_seed":false,"campfire_upgraded":3,"win_rate":0.0,"timestamp":1613782868,"path_taken":["M","$","?","M","?","R","E","R","T","R","$","E","M","M","R","BOSS","M","?","M","M","M","NM"],"items_purchased_type":["Relic","Relic","Relic"],"build_version":"2020-12-22","purchased_purges":1,"victory":false,"max_hp_per_floor":[80,80,80,80,80,80,80,80,80,80,80,80,80,80,80,80,80,80,80,80,80,80,80,80],"card_choices":[{"not_picked":["StuffTheSpire:RockThrow","Twin Strike"],"picked":"Uppercut","floor":1},{"not_picked":["Pummel","True Grit"],"picked":"Anger","floor":4},{"not_picked":["hubris:ReadiedAction","Evolve"],"picked":"Thunderclap","floor":7},{"not_picked":["Wild Strike","Twin Strike"],"picked":"Thunderclap","floor":12},{"not_picked":["Body Slam","Burning Pact"],"picked":"Clash","floor":13},{"not_picked":["Wild Strike","ReplayTheSpireMod:Limb From Limb"],"picked":"Inflame","floor":14},{"not_picked":["Flame Barrier","Warcry+1"],"picked":"Spot Weakness","floor":18},{"not_picked":["Hemokinesis","Combust"],"picked":"Thunderclap","floor":20},{"not_picked":["Body Slam","Replay:Undeath\u0027s Touch"],"picked":"Clothesline+1","floor":21},{"not_picked":["Headbutt","Ghostly Armor"],"picked":"Battle Trance","floor":22}],"player_experience":3202206,"relics_obtained":[{"floor":7,"key":"Old Coin"},{"floor":12,"key":"Anchor"}],"event_choices":[{"damage_healed":0,"gold_gain":0,"player_choice":"Ignored","damage_taken":0,"max_hp_gain":0,"max_hp_loss":0,"event_name":"betterNote:BetterNote","floor":19,"gold_loss":0,"cards_obtained":["Strike_P"]}],"is_beta":false,"boss_relics":[{"not_picked":["Replay:Wanted Poster","Calling Bell"],"picked":"Black Star"}],"items_purged_floors":[2],"is_endless":false,"potions_floor_spawned":[1,7,14,18,21],"killed_by":"Nightmare","ascension_level":8}}