{"host":"o3b7ow6d1xe49css","time":1613789269,"event":{"mods":["Act Like it!","Aspiration","BaseMod","Bestiary","Better Altar","Better Match","Better Note","Better Sensory Stone","Better Skull","Better Third Choice","Colored Powertips","Conspire","Energized Spire","Force Act Four","GifTheSpireLib","Halation","Hermit","Hubris","Infinite Spire","Lobotomy","Minty Spire (QoL Compilation)","Quick Restart","Rare Cards Sparkle","Relic Filter Mod","Reliquary","Replay The Spire","Spicy Shops","Spikes Relics","StSLib","Stuff the Spire","The Blue Laboratory","The Hierophant","The Jungle","Wandering Minibosses"],"gold_per_floor":[118,128,146,146,68,68,96,96,119,146,152,152],"floor_reached":11,"language":"ENG","playtime":301,"items_purged":[],"score":101,"play_id":"04dd43b0-5193-42e5-b5d9-a0fe88204bb5","local_time":"20210219174749","daily_mods":["Heirloom","Flight"],"is_ascension_mode":true,"campfire_choices":[{"data":"Eruption","floor":6,"key":"SMITH"},{"data":"Tantrum","floor":8,"key":"SMITH"}],"circlet_count":0,"master_deck":["Strike_P","Strike_P+1","Strike_P","Strike_P","Defend_P+1","Defend_P","Defend_P","Defend_P","Eruption+1","Vigilance","UniverseFragment","Consecrate","Tantrum+1","Scorched","Protect"],"relics":["PureWater","Ring of Chaos","reliquary:Solitaire","CogitoBucket","hubris:TenFootPole","Replay:Bandana","hubris:MedicalManual"],"acts_visited":["Exordium"],"potions_floor_usage":[],"damage_taken":[{"damage":0,"enemies":"Cultist","floor":1,"turns":3},{"damage":0,"enemies":"Small Slimes","floor":2,"turns":2},{"damage":5,"enemies":"2 Louse","floor":3,"turns":5},{"damage":11,"enemies":"3 Sentries","floor":7,"turns":6},{"damage":28,"enemies":"Gremlin Nob","floor":10,"turns":3},{"damage":12,"enemies":"Lagavulin","floor":11,"turns":4}],"seed_played":"-5464149378749596054","potions_obtained":[{"floor":10,"key":"Explosive Potion"}],"is_trial":true,"path_per_floor":["M","M","M","?","$","R","E","R","T","E","E"],"character_chosen":"WATCHER","items_purchased":["Tantrum"],"campfire_rested":0,"item_purchase_floors":[5],"current_hp_per_floor":[72,72,67,53,53,53,42,42,42,14,2,2],"gold":152,"neow_bonus":"","is_daily":false,"chose_seed":false,"campfire_upgraded":2,"win_rate":0.0,"timestamp":1613789269,"path_taken":["M","M","M","?","$","R","E","R","T","E","E"],"items_purchased_type":["Card"],"build_version":"2020-12-22","purchased_purges":0,"victory":false,"max_hp_per_floor":[72,72,72,72,72,72,72,72,72,72,72,72],"card_choices":[{"not_picked":["FairyFestival","WallGazer"],"picked":"UniverseFragment","floor":1},{"not_picked":["EmptyBody","Weave","MentalFortress"],"picked":"SKIP","floor":1},{"not_picked":["FairyFestival","ShyLook","CherryBlossoms"],"picked":"Singing Bowl","floor":2},{"not_picked":["LikeWater","FlurryOfBlows","Replay:DivineShield"],"picked":"SKIP","floor":2},{"not_picked":["TalkToTheHand","ThirdEye"],"picked":"Consecrate","floor":3},{"not_picked":["Freischutz","Bloodbath","VoidDream"],"picked":"Singing Bowl","floor":3},{"not_picked":["RedShoes","CrumblingArmor","Freischutz"],"picked":"Singing Bowl","floor":7},{"not_picked":["SignatureMove","Swivel","DeceiveReality"],"picked":"SKIP","floor":7},{"not_picked":["OldLady","MHz","CherryBlossoms"],"picked":"Singing Bowl","floor":10},{"not_picked":["Wellcheers","CrumblingArmor"],"picked":"Scorched","floor":10},{"not_picked":["CutThroughFate","Tantrum"],"picked":"Protect","floor":10}],"player_experience":1430305,"relics_obtained":[{"floor":7,"key":"hubris:TenFootPole"},{"floor":9,"key":"reliquary:FerryPass"},{"floor":10,"key":"Replay:Bandana"},{"floor":10,"key":"hubris:MedicalManual"}],"event_choices":[{"damage_healed":67,"gold_gain":0,"player_choice":"Upgrade","damage_taken":14,"max_hp_gain":0,"max_hp_loss":72,"event_name":"betterThird:BetterShining","floor":4,"gold_loss":0,"cards_upgraded":["Defend_P","Strike_P"]}],"is_beta":false,"boss_relics":[],"items_purged_floors":[],"is_endless":false,"potions_floor_spawned":[10],"killed_by":"Lagavulin","ascension_level":5}}