{"host":"rs956zbefct9hzhl","time":1613803834,"event":{"mods":["BaseMod","BetterRewards","Downfall","Minty Spire (QoL Compilation)","Replay The Spire","Shop Mod","Spicy Shops","Spikes Relics","StSLib"],"gold_per_floor":[99,99,155,155,174,206,206,240,68,87,103,135,310,344,356,356,356,356],"floor_reached":16,"language":"ENG","playtime":1207,"items_purged":[],"score":134,"play_id":"caa7e00a-71ad-4f14-9ef2-33a79e35dfea","local_time":"20210220075034","is_ascension_mode":true,"campfire_choices":[{"data":"sneckomod:Unknown","floor":1,"key":"SMITH"}],"circlet_count":0,"master_deck":["sneckomod:Strike","sneckomod:Strike","sneckomod:Strike","sneckomod:Defend","sneckomod:Defend","sneckomod:Defend","sneckomod:TailWhip","sneckomod:SnekBite","sneckomod:Unknown+1","sneckomod:Unknown","sneckomod:UnknownCommonSkill","sneckomod:SlitherStrike+1","sneckomod:CheapStock+1","sneckomod:UnknownDraw","sneckomod:Rotation","sneckomod:WideSting","sneckomod:Unknown1Cost","sneckomod:Nope","sneckomod:Cheat","sneckomod:SnekBeam","Doubt","sneckomod:DiceCrush","sneckomod:SlitherStrike"],"relics":["sneckomod:SneckoSoul","downfall:HeartsMalice","Mango","ReplayTheSpireMod:Shallot","Ornamental Fan","Guide Book","Replay:Bottled Flurry","Blue Candle"],"acts_visited":["Exordium"],"potions_floor_usage":[11,12,14,15,16],"damage_taken":[{"damage":0,"enemies":"2 Louse","floor":2,"turns":1},{"damage":0,"enemies":"Gremlin Nob","floor":3,"turns":1},{"damage":0,"enemies":"Jaw Worm","floor":4,"turns":1},{"damage":14,"enemies":"Small Slimes","floor":5,"turns":3},{"damage":28,"enemies":"Gremlin Nob","floor":6,"turns":3},{"damage":11,"enemies":"Replay:BlueRogue","floor":8,"turns":6},{"damage":4,"enemies":"downfall:FleeingMerchant","floor":9,"turns":4},{"damage":4,"enemies":"3 Louse","floor":10,"turns":4},{"damage":17,"enemies":"downfall:LooterAlt","floor":11,"turns":2},{"damage":10,"enemies":"3 Sentries","floor":12,"turns":8},{"damage":12,"enemies":"Replay:BlueRogue","floor":14,"turns":8},{"damage":1,"enemies":"2 Fungi Beasts","floor":15,"turns":4},{"damage":19,"enemies":"DF_ARCHETYPE_STREAMLINE","floor":16,"turns":3}],"seed_played":"-5400287368222587701","potions_obtained":[{"floor":6,"key":"Regen Potion"},{"floor":10,"key":"Milkshake"},{"floor":11,"key":"Weak Potion"},{"floor":12,"key":"AttackPotion"},{"floor":14,"key":"Weak Potion"},{"floor":15,"key":"SneckoOil"}],"is_trial":false,"path_per_floor":["R","M","?","M","M","E","T","E","$","M","M","E","?","E","M","B"],"character_chosen":"THE_SNECKO","items_purchased":["Guide Book"],"campfire_rested":0,"item_purchase_floors":[9],"current_hp_per_floor":[90,90,104,104,90,62,62,51,47,43,31,21,21,9,8,0,0,0],"gold":356,"neow_bonus":"THREE_ENEMY_KILL","is_daily":false,"chose_seed":false,"campfire_upgraded":1,"win_rate":0.0,"timestamp":1613803834,"path_taken":["R","M","?","M","M","E","T","E","$","M","M","E","?","E","M","BOSS"],"items_purchased_type":["Relic"],"build_version":"2020-12-22","purchased_purges":0,"victory":false,"max_hp_per_floor":[90,90,104,104,104,104,104,104,104,104,104,104,104,104,104,104,104,104],"card_choices":[{"not_picked":["sneckomod:DiceBlock","sneckomod:Memorize"],"picked":"sneckomod:UnknownCommonSkill","floor":2},{"not_picked":["sneckomod:DiceBlock","sneckomod:UnknownDraw"],"picked":"sneckomod:SlitherStrike","floor":3},{"not_picked":["sneckomod:UnknownUncommonAttack","sneckomod:SerpentIdol"],"picked":"sneckomod:CheapStock","floor":4},{"not_picked":["sneckomod:UnknownBlock","sneckomod:WideSting"],"picked":"sneckomod:UnknownDraw","floor":5},{"not_picked":["sneckomod:SerpentIdol","sneckomod:MasterEye"],"picked":"sneckomod:Rotation","floor":6},{"not_picked":["sneckomod:UnknownCommonSkill","sneckomod:QuickBite"],"picked":"sneckomod:WideSting","floor":8},{"not_picked":["sneckomod:UnknownCommonSkill","sneckomod:DiceBlock"],"picked":"sneckomod:Unknown1Cost","floor":9},{"not_picked":["sneckomod:UnknownWeak","sneckomod:DiceBlock"],"picked":"sneckomod:Nope","floor":10},{"not_picked":["sneckomod:SoulRoll","sneckomod:UnknownCommonAttack"],"picked":"sneckomod:Cheat","floor":11},{"not_picked":["sneckomod:DangerNoodle","sneckomod:SoulRoll"],"picked":"sneckomod:SnekBeam","floor":12},{"not_picked":["sneckomod:PureSnecko","sneckomod:IronFang"],"picked":"sneckomod:DiceCrush","floor":14},{"not_picked":["sneckomod:Memorize","sneckomod:QuickMove"],"picked":"sneckomod:SlitherStrike","floor":15}],"player_experience":563183,"relics_obtained":[{"floor":6,"key":"ReplayTheSpireMod:Shallot"},{"floor":8,"key":"Ornamental Fan"},{"floor":12,"key":"Replay:Bottled Flurry"},{"floor":14,"key":"Blue Candle"}],"event_choices":[],"is_beta":false,"boss_relics":[],"items_purged_floors":[],"is_endless":false,"potions_floor_spawned":[6,10,11,12,14,15],"killed_by":"DF_ARCHETYPE_STREAMLINE","ascension_level":1}}