{"host":"lkve521c3unthi3l","time":1613842470,"event":{"mods":["BaseMod","Better Third Choice","BetterRewards","Duelist Mod","Marisa（霧雨　魔理沙）","Minty Spire (QoL Compilation)","Reliquary","Replay The Spire","StSLib","The Animator","The Cursed","The Marked"],"gold_per_floor":[145,220,220,211,136,143,128,133,133,133,139,153,153,149,149,214,214,193,206,190,90,90,90,90,119,119,135,168,178,178,194,194,295,395,414,430,443,443,443],"floor_reached":38,"language":"ENG","playtime":4715,"items_purged":["theDuelist:VampireDomain+1","theDuelist:CursedBill"],"score":590,"play_id":"63b2c0bb-0f7d-4cee-a461-44e4dd768acf","local_time":"20210220123430","is_ascension_mode":true,"campfire_choices":[{"floor":10,"key":"RECALL"},{"floor":13,"key":"REST"},{"floor":15,"key":"DIG"},{"data":"theDuelist:FuryFire","floor":23,"key":"SMITH"}],"circlet_count":0,"master_deck":["theDuelist:SouleatingOviraptor","theDuelist:DarkworldThorns+1","theDuelist:FuryFire+1","theDuelist:RainbowJar+1","theDuelist:NaturiaSunflower","theDuelist:Eva","theDuelist:ZombieCorpse","theDuelist:DarkFactory+1","theDuelist:DeltaMagnet+1","theDuelist:NimbleManta+1","theDuelist:NaturiaSunflower","theDuelist:GroundSpider","theDuelist:RobbinZombie","theDuelist:UnshavenAngler+1","theDuelist:Polymerization","theDuelist:PotGreed+1","theDuelist:DeltaMagnet","theDuelist:TutanMask+1","theDuelist:Blockman+1","theDuelist:LinkSpider","theDuelist:BambooSwordBurning+1","theDuelist:Mudballman+1","theDuelist:GemElephant+1","Panache","theDuelist:Yasha+1","theDuelist:RyuKokki","theDuelist:DarkworldThorns+1"],"relics":["theDuelist:MillenniumPuzzle","theDuelist:CardPoolRelic","theDuelist:CardPoolBasicRelic","theDuelist:BoosterPackPoolRelic","theDuelist:CardPoolAddRelic","theDuelist:CardPoolMinusRelic","theDuelist:CardPoolSaveRelic","theDuelist:CardPoolOptionsRelic","theDuelist:MillenniumArmor","Charon\u0027s Ashes","reliquary:JackalopeAntler","InkBottle","reliquary:RoseTintedGlasses","Snake Skull","reliquary:ExpiredCoupon","Dream Catcher","Replay:Wanted Poster"],"acts_visited":["Exordium","TheCity","TheBeyond"],"potions_floor_usage":[33,38],"damage_taken":[{"damage":0,"enemies":"Cultist","floor":1,"turns":4},{"damage":0,"enemies":"Small Slimes","floor":4,"turns":2},{"damage":0,"enemies":"Lagavulin","floor":6,"turns":7},{"damage":0,"enemies":"Jaw Worm","floor":7,"turns":2},{"damage":22,"enemies":"Gremlin Nob","floor":8,"turns":4},{"damage":0,"enemies":"Gremlin Gang","floor":11,"turns":1},{"damage":0,"enemies":"Blue Slaver","floor":12,"turns":3},{"damage":0,"enemies":"3 Sentries","floor":14,"turns":3},{"damage":1,"enemies":"Hexaghost","floor":16,"turns":6},{"damage":0,"enemies":"Shell Parasite","floor":18,"turns":3},{"damage":0,"enemies":"Chosen","floor":19,"turns":2},{"damage":0,"enemies":"3 Cultists","floor":20,"turns":3},{"damage":0,"enemies":"Gremlin Leader","floor":25,"turns":3},{"damage":12,"enemies":"Snake Plant","floor":27,"turns":3},{"damage":9,"enemies":"theDuelist:KaibaA2","floor":28,"turns":2},{"damage":2,"enemies":"Centurion and Healer","floor":29,"turns":4},{"damage":0,"enemies":"3 Cultists","floor":31,"turns":2},{"damage":26,"enemies":"Champ","floor":33,"turns":11},{"damage":29,"enemies":"3 Darklings","floor":35,"turns":3},{"damage":0,"enemies":"Orb Walker","floor":36,"turns":2},{"damage":4,"enemies":"4 Shapes","floor":37,"turns":1},{"damage":48,"enemies":"Transient","floor":38,"turns":5}],"seed_played":"5981430070845849457","potions_obtained":[{"floor":1,"key":"theDuelist:WaterBottle"},{"floor":7,"key":"theDuelist:FreezingPotion"},{"floor":11,"key":"Energy Potion"},{"floor":12,"key":"theDuelist:FireBottle"}],"is_trial":false,"path_per_floor":["M","?","?","M","$","E","M","E","T","R","M","M","R","E","R","B",null,"M","M","M","$","?","R","?","E","T","M","E","M","?","M","R","B",null,"M","M","M","M"],"character_chosen":"THE_DUELIST","items_purchased":[],"campfire_rested":1,"item_purchase_floors":[],"current_hp_per_floor":[80,69,69,69,69,69,69,47,47,47,47,47,71,71,71,70,80,80,80,80,80,80,80,80,80,80,68,59,57,57,57,80,54,80,51,51,47,0,0],"gold":443,"neow_bonus":"THREE_CARDS","is_daily":false,"chose_seed":false,"campfire_upgraded":1,"win_rate":0.0,"timestamp":1613842470,"path_taken":["M","?","?","M","?","E","M","E","T","R","M","M","R","E","R","BOSS","M","M","?","$","?","R","?","E","T","M","E","M","?","M","R","BOSS","M","M","M","M"],"items_purchased_type":[],"build_version":"2020-12-22","purchased_purges":2,"victory":false,"max_hp_per_floor":[80,80,80,80,80,80,80,80,80,80,80,80,80,80,80,80,80,80,80,80,80,80,80,80,80,80,80,80,80,80,80,80,80,80,80,80,80,80,80],"card_choices":[{"not_picked":["theDuelist:SilverDragon","theDuelist:NaturiaHydrangea"],"picked":"theDuelist:Pumpking","floor":0},{"not_picked":["theDuelist:Lajinn","theDuelist:Kabazauls","theDuelist:OjamaMetronome","theDuelist:NaturiaHydrangea"],"picked":"theDuelist:NaturiaSunflower","floor":1},{"not_picked":["theDuelist:NaturiaHydrangea","theDuelist:Lajinn","theDuelist:VampireGrimson","theDuelist:Kabazauls"],"picked":"theDuelist:RyuKokki","floor":4},{"not_picked":["theDuelist:MagicalBlast","theDuelist:StartingDeckMetronome","theDuelist:HarmonicWaves","theDuelist:MagneticField"],"picked":"theDuelist:FuryFire","floor":6},{"not_picked":["theDuelist:NaturiaHydrangea","theDuelist:Lajinn","theDuelist:Kabazauls","theDuelist:Pumpking"],"picked":"theDuelist:VampireGrimson","floor":7},{"not_picked":["theDuelist:Pumpking","theDuelist:FrozenFitzgerald","theDuelist:DarkworldThorns","theDuelist:RyuKokki"],"picked":"theDuelist:SouleatingOviraptor","floor":8},{"not_picked":["theDuelist:Lajinn","theDuelist:GhostrickRenovation","theDuelist:NaturiaHydrangea","theDuelist:ChrysalisDolphin"],"picked":"theDuelist:NaturiaSunflower","floor":11},{"not_picked":["theDuelist:ValkMagnet","theDuelist:SilverDragon","theDuelist:FreezingBeast","theDuelist:SilverWing"],"picked":"theDuelist:RyuKokki","floor":12},{"not_picked":["theDuelist:NaturiaHydrangea","theDuelist:Lajinn","theDuelist:GhostrickRenovation","theDuelist:DoomDonuts"],"picked":"theDuelist:DarkworldThorns","floor":14},{"not_picked":["theDuelist:UndeadMetronome","theDuelist:ArmedDragon7","theDuelist:GatesDarkWorld","theDuelist:ObeliskTormentor"],"picked":"theDuelist:LinkSpider","floor":16},{"not_picked":["theDuelist:Eva+1","theDuelist:EarthquakeGiant","theDuelist:MudGolem","theDuelist:RainbowOverdragon"],"picked":"theDuelist:Blockman+1","floor":18},{"not_picked":["Apotheosis+1","Chrysalis","Swift Strike"],"picked":"Panache","floor":19},{"not_picked":["theDuelist:ClearKuriboh","theDuelist:GiantSoldierSteel","theDuelist:Sangan","theDuelist:Hinotama","theDuelist:GemElephant"],"picked":"SKIP","floor":20},{"not_picked":["theDuelist:BlackStego","theDuelist:HardArmor","theDuelist:DeskbotMetronome","theDuelist:ChaosAncientGearGiant"],"picked":"theDuelist:Polymerization","floor":25},{"not_picked":["theDuelist:BlastJuggler+1","theDuelist:Lajinn","theDuelist:HardArmor","theDuelist:Unifrog"],"picked":"theDuelist:Yasha+1","floor":27},{"not_picked":["theDuelist:Lajinn+1","theDuelist:CoralDragon","theDuelist:Inmato+1","theDuelist:AncientRules"],"picked":"theDuelist:SkullServant","floor":28},{"not_picked":["theDuelist:NimbleManta","theDuelist:VampireGrimson","theDuelist:GroundSpider","theDuelist:SkullServant"],"picked":"theDuelist:DarkworldThorns+1","floor":29},{"not_picked":["theDuelist:TornadoDragon","theDuelist:SilverDragon+1","theDuelist:DragonDowser","theDuelist:TotemDragon+1"],"picked":"theDuelist:Eva","floor":31},{"not_picked":["theDuelist:Wightmare","theDuelist:HardArmor"],"picked":"theDuelist:GroundSpider","floor":32},{"not_picked":["theDuelist:SwordsConcealing","theDuelist:SlotMachine+1","theDuelist:SeismicShockwave","theDuelist:ArmageddonDragonEmp"],"picked":"theDuelist:RainbowJar+1","floor":33},{"not_picked":["theDuelist:Lajinn+1","theDuelist:HardArmor+1","theDuelist:BlackStego+1","theDuelist:IcyCrevasse+1"],"picked":"theDuelist:BoneMouse","floor":35},{"not_picked":["theDuelist:Wightmare+1","theDuelist:ArmageddonDragonEmp"],"picked":"theDuelist:RobbinZombie","floor":36},{"not_picked":["theDuelist:LightningRodLord","theDuelist:SilverDragon","theDuelist:AllyJustice+1","theDuelist:CubicKarma"],"picked":"theDuelist:PotGreed+1","floor":37}],"player_experience":59073,"relics_obtained":[{"floor":6,"key":"Charon\u0027s Ashes"},{"floor":8,"key":"reliquary:JackalopeAntler"},{"floor":14,"key":"InkBottle"},{"floor":15,"key":"reliquary:RoseTintedGlasses"},{"floor":25,"key":"Snake Skull"},{"floor":26,"key":"reliquary:ExpiredCoupon"},{"floor":28,"key":"Dream Catcher"}],"event_choices":[{"damage_healed":0,"gold_gain":75,"player_choice":"Gold","damage_taken":11,"max_hp_gain":0,"max_hp_loss":0,"event_name":"betterThird:BetterGoop","floor":2,"gold_loss":0},{"damage_healed":0,"gold_gain":0,"player_choice":"Took item - Received: Millennium Armor","duelist":true,"damage_taken":0,"max_hp_gain":0,"max_hp_loss":0,"event_name":"Millennium Items","floor":3,"gold_loss":0},{"damage_healed":0,"gold_gain":0,"player_choice":"Ignored","damage_taken":0,"max_hp_gain":0,"max_hp_loss":0,"event_name":"Vampires","floor":22,"gold_loss":0},{"damage_healed":0,"gold_gain":0,"player_choice":"Delta Electro","duelist":true,"damage_taken":0,"max_hp_gain":0,"max_hp_loss":0,"event_name":"Egyptian Village","floor":24,"gold_loss":0,"cards_obtained":["Delta Electromagnet Warrior"]},{"damage_healed":0,"gold_gain":0,"player_choice":"Leave","duelist":true,"damage_taken":0,"max_hp_gain":0,"max_hp_loss":0,"event_name":"Relic Duplicator","floor":30,"gold_loss":0}],"is_beta":false,"boss_relics":[{"not_picked":["Coffee Dripper","Ooze Armor","Snecko Scales"]},{"not_picked":["Ring of Chaos","Snecko Eye"],"picked":"Replay:Wanted Poster"}],"items_purged_floors":[5,21],"is_endless":false,"potions_floor_spawned":[1,7,11,12,16,18,25,28,31],"killed_by":"Transient","ascension_level":3}}