{"host":"1v3mnj67s3trvm6y","time":1613815920,"event":{"mods":["BaseMod","Challenge The Spire","Minty Spire (QoL Compilation)","StSLib","The Cursed"],"gold_per_floor":[113,113,131,150,169,197,212,212,212,229,239,239,265,283,283,386,386,404,80,5,23,23,52,52,52,129,161,161,173,187,187,187],"floor_reached":31,"language":"ENG","playtime":1268,"items_purged":["TheCursedMod:Defend_TheCursed"],"score":339,"play_id":"00355676-00c3-41e3-a774-3b31e1c9efb0","local_time":"20210220191200","is_ascension_mode":false,"campfire_choices":[{"data":"TheCursedMod:OutForBlood","floor":8,"key":"SMITH"},{"floor":12,"key":"REST"},{"data":"TheCursedMod:DemonicPact","floor":15,"key":"SMITH"},{"data":"TheCursedMod:ManaCirculation","floor":25,"key":"SMITH"}],"circlet_count":0,"master_deck":["TheCursedMod:Strike_TheCursed","TheCursedMod:Strike_TheCursed","TheCursedMod:Strike_TheCursed","TheCursedMod:Strike_TheCursed","TheCursedMod:CursedWand","TheCursedMod:CleanUpWorkshop+1","TheCursedMod:Dregs","Normality","TheCursedMod:Obscuration","TheCursedMod:CursedStaff","TheCursedMod:CursedBlade","TheCursedMod:CircleOfCorruption","TheCursedMod:OutForBlood+1","TheCursedMod:RavingStaff","TheCursedMod:ManaCirculation+1","TheCursedMod:LuckyCharm","TheCursedMod:DemonicPact+1","TheCursedMod:SpitefulStrike","TheCursedMod:CircleOfAbyss","TheCursedMod:Evocation","TheCursedMod:RapidMovement","TheCursedMod:Obscuration","TheCursedMod:WearCloak","TheCursedMod:UltimatePain","Pain","TheCursedMod:DarkBarrier","Clumsy","TheCursedMod:WearCloak+1","TheCursedMod:SpitefulPray+1","TheCursedMod:SmokeScreen","TheCursedMod:TacticalStrike"],"relics":["TheCursedMod:BlackMagic101","Kunai","Letter Opener","Anchor","Cursed Key","Pantograph","Prayer Wheel","Sundial","Darkstone Periapt","Mango"],"acts_visited":["Exordium","TheCity"],"potions_floor_usage":[6,11,21,23,27],"damage_taken":[{"damage":0,"enemies":"2 Louse","floor":1,"turns":2},{"damage":0,"enemies":"Cultist","floor":3,"turns":4},{"damage":0,"enemies":"Jaw Worm","floor":4,"turns":2},{"damage":0,"enemies":"Blue Slaver","floor":5,"turns":3},{"damage":24,"enemies":"Lagavulin","floor":6,"turns":9},{"damage":0,"enemies":"Large Slime","floor":7,"turns":4},{"damage":0,"enemies":"Looter","floor":10,"turns":2},{"damage":16,"enemies":"Exordium Wildlife","floor":11,"turns":4},{"damage":20,"enemies":"Gremlin Nob","floor":13,"turns":5},{"damage":0,"enemies":"3 Louse","floor":14,"turns":2},{"damage":32,"enemies":"Hexaghost","floor":16,"turns":9},{"damage":0,"enemies":"Chosen","floor":18,"turns":3},{"damage":11,"enemies":"2 Thieves","floor":21,"turns":3},{"damage":41,"enemies":"Slavers","floor":23,"turns":7},{"damage":16,"enemies":"Book of Stabbing","floor":27,"turns":4},{"damage":3,"enemies":"Centurion and Healer","floor":29,"turns":7},{"damage":31,"enemies":"3 Cultists","floor":30,"turns":5},{"damage":28,"enemies":"Gremlin Leader","floor":31,"turns":2}],"seed_played":"-6247359102211195876","potions_obtained":[{"floor":1,"key":"EssenceOfSteel"},{"floor":4,"key":"SmokeBomb"},{"floor":6,"key":"Swift Potion"},{"floor":10,"key":"Regen Potion"},{"floor":16,"key":"GamblersBrew"},{"floor":21,"key":"DistilledChaos"},{"floor":23,"key":"Dexterity Potion"},{"floor":27,"key":"TheCursedMod:DregsPotion"}],"is_trial":false,"path_per_floor":["M","?","M","M","M","E","M","R","T","M","M","R","E","M","R","B",null,"M","$","?","M","?","E","?","R","T","E","T","M","M","E"],"character_chosen":"THE_CURSED","items_purchased":["Pantograph"],"campfire_rested":1,"item_purchase_floors":[19],"current_hp_per_floor":[89,89,89,89,89,65,65,65,65,65,49,75,55,55,55,23,89,89,89,89,78,78,52,52,52,52,36,56,53,22,0,0],"gold":187,"neow_bonus":"TWENTY_PERCENT_HP_BONUS","is_daily":false,"chose_seed":false,"campfire_upgraded":3,"win_rate":0.0,"timestamp":1613815920,"path_taken":["M","?","M","M","M","E","M","R","T","?","M","R","E","M","R","BOSS","M","$","?","M","?","E","?","R","T","E","?","M","?","E"],"items_purchased_type":["Relic"],"build_version":"2020-12-22","purchased_purges":1,"victory":false,"max_hp_per_floor":[89,89,89,89,89,89,89,89,89,89,89,89,89,89,89,89,89,89,89,89,89,89,89,89,89,89,89,109,109,109,109,109],"card_choices":[{"not_picked":["TheCursedMod:AbyssShockwave","TheCursedMod:RavingStaff"],"picked":"TheCursedMod:Obscuration","floor":1},{"not_picked":["TheCursedMod:ReleasedStrength","TheCursedMod:TacticalStrike"],"picked":"TheCursedMod:CursedStaff","floor":3},{"not_picked":["TheCursedMod:Stigma","TheCursedMod:BloodBarrier"],"picked":"TheCursedMod:CursedBlade","floor":4},{"not_picked":["TheCursedMod:SurpriseAttack","TheCursedMod:Stigma"],"picked":"TheCursedMod:CircleOfCorruption","floor":5},{"not_picked":["TheCursedMod:TacticalStrike","TheCursedMod:WearCloak"],"picked":"TheCursedMod:OutForBlood","floor":6},{"not_picked":["TheCursedMod:TacticalStrike","TheCursedMod:SurpriseAttack"],"picked":"TheCursedMod:RavingStaff","floor":7},{"not_picked":["TheCursedMod:SpitefulStrike","TheCursedMod:CircleOfCorruption"],"picked":"TheCursedMod:ManaCirculation","floor":10},{"not_picked":["TheCursedMod:Mangle","TheCursedMod:Wield"],"picked":"TheCursedMod:LuckyCharm","floor":11},{"not_picked":["TheCursedMod:TacticalStrike","TheCursedMod:SpreadPlague"],"picked":"TheCursedMod:DemonicPact","floor":13},{"not_picked":["TheCursedMod:RavingStaff","TheCursedMod:CursedBlade"],"picked":"TheCursedMod:SpitefulStrike","floor":14},{"not_picked":["TheCursedMod:AntiAging","TheCursedMod:DarkBarrier"],"picked":"TheCursedMod:CircleOfAbyss","floor":16},{"not_picked":["TheCursedMod:FleshFromBone","TheCursedMod:CircleOfFlame"],"picked":"TheCursedMod:Evocation","floor":18},{"not_picked":["TheCursedMod:CircleOfBlood","TheCursedMod:UltimatePain"],"picked":"TheCursedMod:RapidMovement","floor":21},{"not_picked":["TheCursedMod:Hemoplague","TheCursedMod:AbyssShockwave"],"picked":"TheCursedMod:Obscuration","floor":23},{"not_picked":["TheCursedMod:VitalStrike","TheCursedMod:CursedAmulet"],"picked":"TheCursedMod:DarkBarrier","floor":27},{"not_picked":["TheCursedMod:CircleOfCorruption+1","TheCursedMod:VitalStrike"],"picked":"TheCursedMod:WearCloak+1","floor":29},{"not_picked":["TheCursedMod:Wield","TheCursedMod:Obscuration"],"picked":"TheCursedMod:SpitefulPray+1","floor":29},{"not_picked":["TheCursedMod:CircleOfFlame+1","TheCursedMod:WearCloak+1"],"picked":"TheCursedMod:SmokeScreen","floor":30},{"not_picked":["TheCursedMod:CursedMace","TheCursedMod:CursedShiv"],"picked":"TheCursedMod:TacticalStrike","floor":30}],"player_experience":1574555,"relics_obtained":[{"floor":6,"key":"Kunai"},{"floor":9,"key":"Letter Opener"},{"floor":13,"key":"Anchor"},{"floor":23,"key":"Prayer Wheel"},{"floor":26,"key":"Sundial"},{"floor":27,"key":"Darkstone Periapt"},{"floor":28,"key":"Mango"}],"event_choices":[{"damage_healed":0,"gold_gain":0,"player_choice":"Upgraded","damage_taken":0,"max_hp_gain":0,"max_hp_loss":0,"event_name":"Upgrade Shrine","floor":2,"gold_loss":0,"cards_upgraded":["TheCursedMod:CleanUpWorkshop"]},{"cards_removed":["TheCursedMod:Defend_TheCursed"],"damage_healed":0,"gold_gain":0,"player_choice":"Gave Gold","damage_taken":0,"max_hp_gain":0,"max_hp_loss":0,"event_name":"Beggar","floor":20,"gold_loss":75},{"damage_healed":0,"gold_gain":0,"player_choice":"Ignored","damage_taken":0,"max_hp_gain":0,"max_hp_loss":0,"event_name":"Ghosts","floor":22,"gold_loss":0},{"damage_healed":0,"gold_gain":0,"cards_transformed":["TheCursedMod:Defend_TheCursed","TheCursedMod:Defend_TheCursed"],"player_choice":"Became Test Subject","damage_taken":0,"max_hp_gain":0,"max_hp_loss":0,"event_name":"Drug Dealer","floor":24,"gold_loss":0,"cards_obtained":["TheCursedMod:WearCloak","TheCursedMod:UltimatePain"]}],"is_beta":false,"boss_relics":[{"not_picked":["Velvet Choker","TheCursedMod:BlackMagicAdvanced"],"picked":"Cursed Key"}],"items_purged_floors":[19],"is_endless":false,"potions_floor_spawned":[1,4,6,10,16,21,23,27],"killed_by":"Gremlin Leader","ascension_level":0}}