{"host":"f5gffvlv6a66yqkd","time":1613824807,"event":{"mods":["2.2 Compatiblity","BaseMod","Colored Map","Custom Start","DeckTracker","Keyboard Shortcuts","Minty Spire (QoL Compilation)","Permanent Neow","Quick Restart","Relic Stats","StSLib","SuperFastMode"],"gold_per_floor":[115,130,130,141,154,154,170,170,170,170,170,194,215,251,251,251,251],"floor_reached":16,"language":"KOR","playtime":332,"items_purged":[],"score":208,"play_id":"18590a8a-5f28-4936-9d9b-39dcf8c621a8","local_time":"20210220214007","is_ascension_mode":true,"campfire_choices":[{"data":"Chaos","floor":6.0,"key":"SMITH"},{"data":"Creative AI","floor":8.0,"key":"SMITH"},{"data":"Zap","floor":10.0,"key":"SMITH"},{"floor":15,"key":"REST"}],"circlet_count":0,"master_deck":["AscendersBane","Strike_B","Strike_B","Defend_B","Defend_B","Defend_B","Defend_B","Zap+1","Dualcast","Gash","Gash","Chaos+1","Creative AI+1","Conserve Battery","Recycle","Redo","Compile Driver"],"relics":["Cracked Core","Eternal Feather","Golden Idol","Gremlin Horn"],"acts_visited":["Exordium"],"potions_floor_usage":[13,16],"damage_taken":[{"damage":0.0,"enemies":"Cultist","floor":1.0,"turns":3.0},{"damage":0.0,"enemies":"Small Slimes","floor":2.0,"turns":4.0},{"damage":2.0,"enemies":"2 Louse","floor":4.0,"turns":3.0},{"damage":12.0,"enemies":"Looter","floor":5.0,"turns":3.0},{"damage":1.0,"enemies":"Exordium Wildlife","floor":7.0,"turns":3.0},{"damage":6.0,"enemies":"Blue Slaver","floor":12.0,"turns":4.0},{"damage":19,"enemies":"Lots of Slimes","floor":13,"turns":6},{"damage":18,"enemies":"Lagavulin","floor":14,"turns":6},{"damage":33,"enemies":"The Guardian","floor":16,"turns":5}],"seed_played":"1390229106412505857","potions_obtained":[{"floor":1.0,"key":"Block Potion"},{"floor":7.0,"key":"EssenceOfSteel"},{"floor":13,"key":"Ancient Potion"}],"is_trial":false,"path_per_floor":["M","M","?","M","M","R","M","R","T","R","?","M","M","E","R","B"],"character_chosen":"DEFECT","items_purchased":[],"campfire_rested":1,"item_purchase_floors":[],"current_hp_per_floor":[64,64,57,55,43,43,42,42,42,48,48,42,23,5,33,0,0],"gold":251,"neow_bonus":"REMOVE_CARD","is_daily":false,"chose_seed":false,"campfire_upgraded":3,"win_rate":0.0,"timestamp":1613824807,"path_taken":["M","?","?","M","M","R","M","R","T","R","?","M","M","E","R","BOSS"],"items_purchased_type":[],"build_version":"2020-12-22","purchased_purges":0,"victory":false,"max_hp_per_floor":[71,71,71,71,71,71,71,71,71,71,64,64,64,64,64,64,64],"relic_stats":{"Gremlin Horn":[0,0],"counters":[9,37],"Golden Idol":16,"Eternal Feather":15,"obtain_stats":[{"Gremlin Horn":14,"Golden Idol":11,"Eternal Feather":9,"Cracked Core":0},{"Gremlin Horn":8,"Golden Idol":5,"Eternal Feather":5,"Cracked Core":0},{"Gremlin Horn":32,"Golden Idol":16,"Eternal Feather":16,"Cracked Core":0}]},"card_choices":[{"not_picked":["Auto Shields","Redo"],"picked":"Gash","floor":1.0},{"not_picked":["Sweeping Beam","Ball Lightning"],"picked":"Gash","floor":2.0},{"not_picked":["Stack","Gash"],"picked":"Chaos","floor":4.0},{"not_picked":["Conserve Battery","Go for the Eyes"],"picked":"Creative AI","floor":5.0},{"not_picked":["Steam","Steam Power"],"picked":"Conserve Battery","floor":7.0},{"not_picked":["Fusion","Steam"],"picked":"Recycle","floor":12.0},{"not_picked":["Tempest","Beam Cell"],"picked":"Redo","floor":13},{"not_picked":["Sunder","Streamline"],"picked":"Compile Driver","floor":14}],"player_experience":1535493,"relics_obtained":[{"floor":9.0,"key":"Eternal Feather"},{"floor":14,"key":"Gremlin Horn"}],"event_choices":[{"cards_removed":["Strike_B"],"damage_healed":0.0,"max_hp_gain":0.0,"max_hp_loss":0.0,"gold_gain":0.0,"event_name":"Golden Wing","player_choice":"Card Removal","floor":3.0,"gold_loss":0.0,"damage_taken":7.0},{"damage_healed":0.0,"max_hp_gain":0.0,"max_hp_loss":7.0,"gold_gain":0.0,"event_name":"Golden Idol","player_choice":"Lose Max HP","floor":11.0,"gold_loss":0.0,"damage_taken":0.0,"relics_obtained":["Golden Idol"]}],"is_beta":false,"boss_relics":[],"items_purged_floors":[],"is_endless":false,"potions_floor_spawned":[1,7,13],"killed_by":"The Guardian","ascension_level":20}}