{"host":"188x3om7sf6mgxv1","time":1613800052,"event":{"mods":["BaseMod","Block Reminder","Downfall","Jorbs\u0027s Wanderer Trilogy","Minty Spire (QoL Compilation)","Relic Stats","StSLib"],"gold_per_floor":[111,127,23,42,42,73,73,104,129,146,173,17,17,30,30,30,30],"floor_reached":16,"language":"ENG","playtime":498,"items_purged":[],"score":162,"play_id":"53440844-f596-4ecf-810e-97ad949e58e7","local_time":"20210220004732","is_ascension_mode":true,"campfire_choices":[{"data":"Finisher","floor":7,"key":"SMITH"},{"floor":15,"key":"REST"}],"circlet_count":0,"master_deck":["Strike_G","Strike_G","Strike_G","Strike_G","Strike_G","Defend_G","Defend_G","Defend_G","Defend_G","Defend_G","Survivor","Neutralize","Dagger Throw","Quick Slash","Blur","Finisher+1","Backflip","Adrenaline+1","Backflip","Acrobatics","Acrobatics"],"relics":["Ring of the Snake","NeowsBlessing","Lantern","Art of War","Tough Bandages","Juzu Bracelet","Paper Crane","Regal Pillow"],"acts_visited":["Exordium"],"potions_floor_usage":[8,14],"damage_taken":[{"damage":0,"enemies":"Cultist","floor":1,"turns":1},{"damage":0,"enemies":"Small Slimes","floor":2,"turns":1},{"damage":0,"enemies":"Jaw Worm","floor":4,"turns":1},{"damage":13,"enemies":"Gremlin Nob","floor":6,"turns":3},{"damage":10,"enemies":"3 Sentries","floor":8,"turns":11},{"damage":0,"enemies":"Gremlin Gang","floor":10,"turns":5},{"damage":18,"enemies":"Gremlin Nob","floor":11,"turns":4},{"damage":0,"enemies":"3 Louse","floor":14,"turns":2},{"damage":12,"enemies":"Hexaghost","floor":16,"turns":9}],"seed_played":"-1553693888638837539","potions_obtained":[{"floor":6,"key":"DuplicationPotion"},{"floor":10,"key":"Dexterity Potion"},{"floor":11,"key":"AttackPotion"},{"floor":14,"key":"BlessingOfTheForge"}],"is_trial":false,"path_per_floor":["M","M","$","M","?","E","R","E","T","M","E","$","?","M","R","B"],"character_chosen":"THE_SILENT","items_purchased":["Blur","Finisher","Regal Pillow"],"campfire_rested":1,"item_purchase_floors":[3,3,12],"current_hp_per_floor":[63,63,63,63,45,32,32,22,22,22,4,4,4,4,40,28,28],"gold":30,"neow_bonus":"THREE_ENEMY_KILL","is_daily":false,"chose_seed":false,"campfire_upgraded":1,"win_rate":0.0,"timestamp":1613800052,"path_taken":["M","?","$","M","?","E","R","E","T","M","E","$","?","M","R","BOSS"],"items_purchased_type":["Card","Card","Relic"],"build_version":"2020-12-22","purchased_purges":0,"victory":false,"max_hp_per_floor":[70,70,70,70,70,70,70,70,70,70,70,70,70,70,70,70,70],"relic_stats":{"Tough Bandages":[42],"Regal Pillow":15,"counters":[9,37],"Art of War":[1],"Juzu Bracelet":0,"obtain_stats":[{"Lantern":5,"Tough Bandages":8,"Regal Pillow":12,"NeowsBlessing":0,"Art of War":6,"Juzu Bracelet":9,"Paper Crane":11,"Ring of the Snake":0},{"Lantern":3,"Tough Bandages":5,"Regal Pillow":7,"NeowsBlessing":0,"Art of War":4,"Juzu Bracelet":5,"Paper Crane":7,"Ring of the Snake":0},{"Lantern":3,"Tough Bandages":17,"Regal Pillow":26,"NeowsBlessing":0,"Art of War":6,"Juzu Bracelet":17,"Paper Crane":26,"Ring of the Snake":0}],"Ring of the Snake":[18]},"card_choices":[{"not_picked":["Outmaneuver","Sucker Punch"],"picked":"Dagger Throw","floor":1},{"not_picked":["Bane","Underhanded Strike"],"picked":"Quick Slash","floor":2},{"not_picked":["Expertise","Dagger Spray"],"picked":"Backflip","floor":4},{"not_picked":["Flying Knee","Underhanded Strike","Bane"],"picked":"SKIP","floor":6},{"not_picked":["PiercingWail","Bouncing Flask"],"picked":"Adrenaline","floor":8},{"not_picked":["Deflect","Bane"],"picked":"Backflip","floor":10},{"not_picked":["PiercingWail","Flechettes"],"picked":"Acrobatics","floor":11},{"not_picked":["Infinite Blades","Sucker Punch"],"picked":"Acrobatics","floor":14}],"player_experience":131048,"relics_obtained":[{"floor":6,"key":"Art of War"},{"floor":8,"key":"Tough Bandages"},{"floor":9,"key":"Juzu Bracelet"},{"floor":11,"key":"Paper Crane"}],"event_choices":[{"damage_healed":0,"gold_gain":0,"player_choice":"Success","damage_taken":18,"relics_obtained":["Lantern"],"max_hp_gain":0,"max_hp_loss":0,"event_name":"Scrap Ooze","floor":5,"gold_loss":0},{"damage_healed":0,"gold_gain":0,"player_choice":"Forge","damage_taken":0,"max_hp_gain":0,"max_hp_loss":0,"event_name":"Accursed Blacksmith","floor":13,"gold_loss":0,"cards_upgraded":["Adrenaline"]}],"is_beta":false,"boss_relics":[],"items_purged_floors":[],"is_endless":false,"potions_floor_spawned":[6,10,11,14],"killed_by":"Hexaghost","ascension_level":7}}