{"host":"2d926qfvvz477zl6","time":1613793270,"event":{"mods":["Aspiration","BaseMod","Challenge The Spire","Conspire","Downfall","GifTheSpireLib","GungeonMod","Halation","Hermit","Hubris","Infinite Spire","Minty Spire (QoL Compilation)","Morshu Shopkeeper","Permanent Neow","Quick Restart","Rare Cards Sparkle","Reliquary","Replay The Spire","Shedinja","Somnambulant","Spicy Shops","StSLib","Stuff the Spire","Td1madao Mod","The Blue Laboratory","The Bug Knight","The Construct","The Cursed","The Disciple","The Forsaken","The Hierophant","TheFirefly","Wandering Minibosses","Wide Potions","everything is the same but u backflip on backflip","slay the spire mod where everything is the same but ironclad has a cowboy hat"],"gold_per_floor":[116,116,116,133,149,149,149,149,149,149,180,201,201,216,216,216,216],"floor_reached":16,"language":"ENG","playtime":478,"items_purged":[],"score":165,"play_id":"adb3da4b-cb25-4056-887d-513fba857b47","local_time":"20210219225430","is_ascension_mode":true,"campfire_choices":[{"data":"Zap","floor":6,"key":"SMITH"},{"data":"Dualcast","floor":8,"key":"SMITH"},{"data":"StuffTheSpire:Plugnplay","floor":10,"key":"SMITH"}],"circlet_count":0,"master_deck":["AscendersBane","Strike_B","Strike_B","Strike_B","Strike_B","Defend_B","Defend_B","Defend_B","Defend_B","Zap+1","Dualcast+1","TheCursedMod:CursedWand","DemoMod:Defend_Huntress","StuffTheSpire:Plugnplay+1","StuffTheSpire:CuriosityCurse","theForsaken:PlagueCurse","FIFO Queue","Ball Lightning","ReplayTheSpireMod:Omega Cannon+1","Hologram","Coolheaded"],"relics":["Cracked Core","aspiration:MysteriousAuxiliaryCore","reliquary:Boomerang","theForsaken:PlagueMask","Golden Idol","conspire:DeflatedDodgeball","Replay:Multitool","FaceOfCleric"],"acts_visited":["Exordium"],"potions_floor_usage":[11],"damage_taken":[{"damage":0,"enemies":"Small Slimes","floor":1,"turns":3},{"damage":2,"enemies":"Jaw Worm","floor":4,"turns":4},{"damage":3,"enemies":"Cultist","floor":5,"turns":4},{"damage":15,"enemies":"3 Sentries","floor":11,"turns":8},{"damage":12,"enemies":"2 Fungi Beasts","floor":12,"turns":3},{"damage":12,"enemies":"Blue Slaver","floor":14,"turns":2},{"damage":40,"enemies":"Fading Forest","floor":16,"turns":7}],"seed_played":"3936298277238436961","potions_obtained":[{"floor":4,"key":"Block Potion"},{"floor":5,"key":"blueLaboratory:PlasmaFuel"}],"is_trial":false,"path_per_floor":["M","?","?","M","M","R","?","R","T","R","E","M","?","M","R","B"],"character_chosen":"DEFECT","items_purchased":[],"campfire_rested":0,"item_purchase_floors":[],"current_hp_per_floor":[68,68,68,66,63,63,45,45,45,45,30,18,18,7,29,0,0],"gold":216,"neow_bonus":"ONE_RARE_RELIC","is_daily":false,"chose_seed":false,"campfire_upgraded":3,"win_rate":0.0,"timestamp":1613793270,"path_taken":["M","?","?","M","M","R","?","R","T","R","E","?","?","?","R","BOSS"],"items_purchased_type":[],"build_version":"2020-12-22","purchased_purges":0,"victory":false,"max_hp_per_floor":[75,75,75,75,75,75,75,75,75,75,75,75,75,76,76,76,76],"card_choices":[{"not_picked":["ReplayGash","hubris:Ukulele"],"picked":"StuffTheSpire:Plugnplay","floor":1},{"not_picked":["FTL","Skim"],"picked":"FIFO Queue","floor":4},{"not_picked":["Sweeping Beam","Cold Snap"],"picked":"Ball Lightning","floor":5},{"not_picked":["Lockon","conspire:SharedLibrary"],"picked":"ReplayTheSpireMod:Omega Cannon","floor":11},{"not_picked":["Leap","Go for the Eyes"],"picked":"Hologram","floor":12},{"not_picked":["Leap","Conserve Battery"],"picked":"Coolheaded","floor":14}],"player_experience":494463,"relics_obtained":[{"floor":9,"key":"conspire:DeflatedDodgeball"},{"floor":11,"key":"Replay:Multitool"}],"event_choices":[{"damage_healed":0,"gold_gain":0,"player_choice":"Obtain Plague Curse","damage_taken":0,"max_hp_gain":0,"max_hp_loss":0,"event_name":"Plague Doctor","floor":3,"gold_loss":0,"cards_obtained":["theForsaken:PlagueCurse"]},{"damage_healed":0,"gold_gain":0,"player_choice":"Take Damage","damage_taken":18,"relics_obtained":["Golden Idol"],"max_hp_gain":0,"max_hp_loss":0,"event_name":"Golden Idol","floor":7,"gold_loss":0},{"damage_healed":0,"gold_gain":0,"player_choice":"Trade","damage_taken":0,"relics_obtained":["FaceOfCleric"],"max_hp_gain":0,"max_hp_loss":0,"event_name":"FaceTrader","floor":13,"gold_loss":0}],"is_beta":false,"boss_relics":[],"items_purged_floors":[],"is_endless":false,"potions_floor_spawned":[4,5],"killed_by":"Fading Forest","ascension_level":13}}