{"host":"ovivighfa421z0zp","time":1613841011,"event":{"mods":["BaseMod","Colored Map","DeckTracker","Keyboard Shortcuts","Minty Spire (QoL Compilation)","Permanent Neow","Quick Restart","Replay The Spire","StSLib","SuperFastMode","The Cursed"],"gold_per_floor":[210,225,238,249,42,42,70,87,114,189,149,149,164,10,10,106,106,121,211,230,243,258,258,293,329,329,604,604,57,99,99,99,226,226,271,293,293,345,16,16,62,106,106,106,147,208,208,231,231,255],"floor_reached":51,"language":"KOR","playtime":2485,"items_purged":["TheCursedMod:Defend_TheCursed","TheCursedMod:Strike_TheCursed"],"score":892,"play_id":"bdcf01d3-ca55-4d1c-904f-a2f580e697e3","local_time":"20210221021011","is_ascension_mode":true,"campfire_choices":[{"data":"TheCursedMod:Grudge","floor":6.0,"key":"SMITH"},{"data":"TheCursedMod:CleanUpWorkshop","floor":12.0,"key":"SMITH"},{"floor":23.0,"key":"REST"},{"floor":28.0,"key":"REST"},{"floor":32.0,"key":"DIG"},{"data":"TheCursedMod:Evocation","floor":40.0,"key":"SMITH"},{"floor":44.0,"key":"DIG"},{"floor":47,"key":"DIG"},{"floor":49,"key":"DIG"}],"circlet_count":0,"master_deck":["TheCursedMod:CursedWand","TheCursedMod:CleanUpWorkshop+1","TheCursedMod:Dregs","TheCursedMod:CursedBoomerang","TheCursedMod:CursedShiv","TheCursedMod:CursedBlade","TheCursedMod:VoidForm","TheCursedMod:Grudge+1","TheCursedMod:SpitefulStrike","TheCursedMod:CursedAmulet","TheCursedMod:FuryStrike","TheCursedMod:Wield","TheCursedMod:SoulReap","TheCursedMod:Evocation+1","TheCursedMod:ShockAndAwe","TheCursedMod:RapidMovement","TheCursedMod:CircleOfFocus+1","TheCursedMod:SpitefulStrike","TheCursedMod:CursedAmulet+1","TheCursedMod:CursedBoomerang+1","TheCursedMod:CursedSpellbook","Regret","TheCursedMod:CircleOfFocus+1","TheCursedMod:WearCloak","TheCursedMod:Dregs","TheCursedMod:Dregs","TheCursedMod:CursedBoomerang","TheCursedMod:CursedMace+1","TheCursedMod:SoulReap","TheCursedMod:DoubleShield","TheCursedMod:CursedArmor","TheCursedMod:ManaBullet+1"],"relics":["TheCursedMod:BlackMagic101","Mango","Potion Belt","Lantern","SacredBark","Replay:Bandana","Pear","Tiny Chest","DollysMirror","Replay:Baseball","Strawberry","Kintsugi","Replay:Bottled Flurry","Art of War","Shovel","TheCursedMod:CrystalBall","Bronze Scales","TheCursedMod:Tack","Replay:Rubber Ducky","Ornamental Fan"],"acts_visited":["Exordium","TheCity","TheBeyond"],"potions_floor_usage":[46,50,50,50,50],"damage_taken":[{"damage":0.0,"enemies":"Cultist","floor":1.0,"turns":4.0},{"damage":6.0,"enemies":"Jaw Worm","floor":2.0,"turns":4.0},{"damage":0.0,"enemies":"Small Slimes","floor":3.0,"turns":2.0},{"damage":1.0,"enemies":"Gremlin Gang","floor":4.0,"turns":3.0},{"damage":25.0,"enemies":"Gremlin Nob","floor":7.0,"turns":4.0},{"damage":0.0,"enemies":"Lots of Slimes","floor":8.0,"turns":2.0},{"damage":0.0,"enemies":"2 Fungi Beasts","floor":13.0,"turns":2.0},{"damage":17.0,"enemies":"Fading Forest","floor":16.0,"turns":11.0},{"damage":17.0,"enemies":"2 Thieves","floor":18.0,"turns":3.0},{"damage":7.0,"enemies":"Chosen","floor":20.0,"turns":4.0},{"damage":22.0,"enemies":"Snake Plant","floor":21.0,"turns":5.0},{"damage":26.0,"enemies":"Chosen and Byrds","floor":22.0,"turns":5.0},{"damage":9.0,"enemies":"Book of Stabbing","floor":24.0,"turns":5.0},{"damage":16.0,"enemies":"Shelled Parasite and Fungi","floor":25.0,"turns":6.0},{"damage":0.0,"enemies":"Centurion and Healer","floor":30.0,"turns":4.0},{"damage":43.0,"enemies":"Champ","floor":33.0,"turns":8.0},{"damage":9.0,"enemies":"3 Shapes","floor":35.0,"turns":4.0},{"damage":17.0,"enemies":"Orb Walker","floor":36.0,"turns":4.0},{"damage":19.0,"enemies":"Maw","floor":38.0,"turns":5.0},{"damage":59.0,"enemies":"Giant Head","floor":41.0,"turns":6.0},{"damage":42.0,"enemies":"4 Shapes","floor":42.0,"turns":6.0},{"damage":1.0,"enemies":"Spire Growth","floor":45.0,"turns":5.0},{"damage":25,"enemies":"Reptomancer","floor":46,"turns":5},{"damage":45,"enemies":"Replay:Hell Engine","floor":50,"turns":8}],"seed_played":"-4197198973695600541","potions_obtained":[{"floor":3.0,"key":"Reflective Coating"},{"floor":7.0,"key":"Regen Potion"},{"floor":11.0,"key":"Languid Potion"},{"floor":11.0,"key":"Ancient Potion"},{"floor":11.0,"key":"PowerPotion"},{"floor":16.0,"key":"Weak Potion"},{"floor":20.0,"key":"ColorlessPotion"},{"floor":21.0,"key":"Ancient Potion"},{"floor":25.0,"key":"Swift Potion"},{"floor":33.0,"key":"LiquidMemories"},{"floor":41.0,"key":"DistilledChaos"},{"floor":46,"key":"TheCursedMod:DregsPotion"}],"is_trial":false,"path_per_floor":["M","M","M","M","$","R","E","M","T","?","?","R","M","$","R_BF","B",null,"M","?","M","M","M","R","E","M","T","?","R","$","M","?","R_BF","B",null,"M","M","?","M","$","R","E","M","T","R","M","E","R","T","R_BF","B",null],"character_chosen":"THE_CURSED","items_purchased":["TheCursedMod:Grudge","TheCursedMod:SpitefulStrike","TheCursedMod:CursedAmulet","Lantern","Tiny Chest","DollysMirror","Replay:Baseball","Replay:Bottled Flurry","SpeedPotion","Elixir"],"campfire_rested":2,"item_purchase_floors":[5,5,5,14,29,29,29,39,39,39],"current_hp_per_floor":[68,62,62,61,61,61,50,50,50,39,39,39,39,39,39,65,83,66,48,47,25,4,30,32,24,34,34,63,63,63,63,70,50,92,88,86,116,109,109,109,82,58,58,58,84,101,101,101,101,71],"gold":255,"neow_bonus":"HUNDRED_GOLD","is_daily":false,"chose_seed":false,"campfire_upgraded":3,"win_rate":0.0,"timestamp":1613841011,"path_taken":["M","M","M","M","$","R","E","M","T","?","?","R","?","$","R_BF","BOSS","M","?","?","?","M","R","E","M","T","?","R","?","M","?","R_BF","BOSS","M","M","?","M","$","R","E","M","T","R","?","E","R","?","R_BF","BOSS"],"items_purchased_type":["Card","Card","Card","Relic","Relic","Relic","Relic","Relic","Potion","Potion"],"build_version":"2020-12-22","purchased_purges":2,"victory":true,"max_hp_per_floor":[75,75,75,75,75,75,89,89,89,89,89,89,89,89,89,89,89,89,89,89,89,89,89,89,89,99,99,99,99,99,99,106,106,106,106,106,116,116,116,116,116,116,116,116,116,116,116,116,116,116],"card_choices":[{"not_picked":["TheCursedMod:Wield","TheCursedMod:CircleOfBlood"],"picked":"TheCursedMod:CursedBoomerang","floor":1.0},{"not_picked":["TheCursedMod:Stigma","TheCursedMod:Torture","TheCursedMod:CursedShiv"],"picked":"SKIP","floor":2.0},{"not_picked":["TheCursedMod:Stigma","TheCursedMod:Torture"],"picked":"TheCursedMod:CursedShiv","floor":2.0},{"not_picked":["TheCursedMod:SurpriseAttack","TheCursedMod:Stigma"],"picked":"TheCursedMod:CursedBlade","floor":3.0},{"not_picked":["TheCursedMod:ReleasedKnowledge","TheCursedMod:CircleOfAmplification"],"picked":"TheCursedMod:VoidForm","floor":4.0},{"not_picked":["TheCursedMod:TroublousMinions","TheCursedMod:PrepareRite"],"picked":"TheCursedMod:FuryStrike","floor":7.0},{"not_picked":["TheCursedMod:FleshFromBone","TheCursedMod:CursedShiv"],"picked":"TheCursedMod:Wield","floor":8.0},{"not_picked":["TheCursedMod:VitalStrike","TheCursedMod:EmpowerCircles"],"picked":"TheCursedMod:SoulReap","floor":13.0},{"not_picked":["TheCursedMod:DemonSword","TheCursedMod:VoidForm"],"picked":"TheCursedMod:ShockAndAwe","floor":16.0},{"not_picked":["TheCursedMod:CursedShiv","TheCursedMod:SaltUponWound"],"picked":"TheCursedMod:RapidMovement","floor":18.0},{"not_picked":["TheCursedMod:Stigma","TheCursedMod:SoulCrush"],"picked":"TheCursedMod:CircleOfFocus+1","floor":20.0},{"not_picked":["TheCursedMod:EmpowerCircles","TheCursedMod:Wield+1"],"picked":"TheCursedMod:SpitefulStrike","floor":21.0},{"not_picked":["TheCursedMod:EmpowerCircles","TheCursedMod:RavingStaff"],"picked":"TheCursedMod:CursedAmulet+1","floor":22.0},{"not_picked":["TheCursedMod:Evocation","TheCursedMod:SoulReap"],"picked":"TheCursedMod:CursedBoomerang+1","floor":24.0},{"not_picked":["TheCursedMod:CircleOfFlame","TheCursedMod:RavingStaff"],"picked":"TheCursedMod:CursedSpellbook","floor":25.0},{"not_picked":["TheCursedMod:FleshFromBone","TheCursedMod:SoulCrush"],"picked":"TheCursedMod:WearCloak","floor":30.0},{"not_picked":["TheCursedMod:ShockAndAwe","TheCursedMod:DemonSword"],"picked":"TheCursedMod:Neurasthenia","floor":33.0},{"not_picked":["TheCursedMod:HellfireBreathing","TheCursedMod:Wield"],"picked":"TheCursedMod:CursedBoomerang","floor":35.0},{"not_picked":["TheCursedMod:SpreadPlague","TheCursedMod:CircleOfCorruption"],"picked":"TheCursedMod:CursedMace+1","floor":36.0},{"not_picked":["TheCursedMod:Mangle","TheCursedMod:CursedShiv"],"picked":"TheCursedMod:SoulReap","floor":38.0},{"not_picked":["TheCursedMod:CursedShiv+1","TheCursedMod:CircleOfFlame+1"],"picked":"TheCursedMod:DoubleShield","floor":41.0},{"not_picked":["TheCursedMod:HellsGateOpen+1","TheCursedMod:Hemoplague"],"picked":"TheCursedMod:CursedArmor","floor":42.0},{"not_picked":["TheCursedMod:SmokeScreen+1","TheCursedMod:VitalStrike+1","TheCursedMod:SoulCrush+1"],"picked":"SKIP","floor":45.0},{"not_picked":["TheCursedMod:BlessingInDisguise","TheCursedMod:CursedAmulet"],"picked":"TheCursedMod:ManaBullet+1","floor":46}],"player_experience":769200,"relics_obtained":[{"floor":7.0,"key":"Mango"},{"floor":9.0,"key":"Potion Belt"},{"floor":24.0,"key":"Replay:Bandana"},{"floor":26.0,"key":"Pear"},{"floor":32.0,"key":"Strawberry"},{"floor":41.0,"key":"Art of War"},{"floor":43.0,"key":"Shovel"},{"floor":44.0,"key":"TheCursedMod:CrystalBall"},{"floor":46,"key":"Bronze Scales"},{"floor":47,"key":"TheCursedMod:Tack"},{"floor":48,"key":"Replay:Rubber Ducky"},{"floor":49,"key":"Ornamental Fan"}],"event_choices":[{"damage_healed":0.0,"max_hp_gain":0.0,"max_hp_loss":0.0,"gold_gain":75.0,"event_name":"World of Goop","player_choice":"Gather Gold","floor":10.0,"gold_loss":0.0,"damage_taken":11.0},{"damage_healed":0.0,"max_hp_gain":0.0,"max_hp_loss":0.0,"gold_gain":0.0,"event_name":"The Woman in Blue","player_choice":"Bought 3 Potions","floor":11.0,"gold_loss":0.0,"damage_taken":0.0},{"damage_healed":0.0,"max_hp_gain":0.0,"max_hp_loss":0.0,"gold_gain":90.0,"event_name":"Knowing Skull","player_choice":"POTION GOLD ","floor":19.0,"potions_obtained":["Dexterity Potion"],"gold_loss":0.0,"damage_taken":18.0,"cards_obtained":[]},{"damage_healed":0.0,"max_hp_gain":0.0,"max_hp_loss":0.0,"gold_gain":275.0,"event_name":"Golden Shrine","player_choice":"Desecrate","floor":27.0,"gold_loss":0.0,"damage_taken":0.0,"cards_obtained":["Regret"]},{"damage_healed":0.0,"max_hp_gain":0.0,"max_hp_loss":0.0,"gold_gain":0.0,"event_name":"Ghosts","player_choice":"Ignored","floor":31.0,"gold_loss":0.0,"damage_taken":0.0},{"cards_removed":["TheCursedMod:Neurasthenia"],"damage_healed":20.0,"max_hp_gain":10.0,"max_hp_loss":0.0,"gold_gain":0.0,"event_name":"Bonfire Elementals","player_choice":"Offered Rare","floor":37.0,"gold_loss":0.0,"damage_taken":0.0}],"is_beta":false,"boss_relics":[{"not_picked":["Empty Cage","Honey Jar"],"picked":"SacredBark"},{"not_picked":["Pandora\u0027s Box","Velvet Choker"],"picked":"Kintsugi"}],"items_purged_floors":[5,29],"is_endless":false,"potions_floor_spawned":[3,7,16,20,21,25,33,41,46],"ascension_level":9}}