{"host":"et0ypqa1uh5c1j5j","time":1613827989,"event":{"mods":["BaseMod","Colored Map","Colored Powertips","Minty Spire (QoL Compilation)","Relic Stats","StSLib"],"gold_per_floor":[11,31,45,8,8,8,42,42,42,76,13,45,57,85,97,203,215,247,174,186,198,198],"floor_reached":21,"language":"ENG","playtime":936,"items_purged":[],"score":374,"play_id":"f9db0215-2261-409b-b11b-a44594131899","local_time":"20210220133309","is_ascension_mode":true,"campfire_choices":[{"data":"Die Die Die","floor":6,"key":"SMITH"},{"floor":8,"key":"REST"},{"data":"Deadly Poison","floor":13,"key":"SMITH"},{"data":"Well Laid Plans","floor":15,"key":"SMITH"}],"circlet_count":0,"master_deck":["AscendersBane","Strike_G","Strike_G","Strike_G","Strike_G","Defend_G","Defend_G","Defend_G","Defend_G","Defend_G","Survivor","Neutralize","Die Die Die+1","Masterful Stab","Deadly Poison+1","Infinite Blades","Skewer","Well Laid Plans+1","Burst","Wraith Form v2+1"],"relics":["Ring of the Snake","Golden Idol","FossilizedHelix","InkBottle","MawBank","Black Star","Singing Bowl"],"acts_visited":["Exordium","TheCity"],"potions_floor_usage":[16],"damage_taken":[{"damage":0,"enemies":"2 Louse","floor":1,"turns":1},{"damage":1,"enemies":"Jaw Worm","floor":2,"turns":3},{"damage":0,"enemies":"Small Slimes","floor":3,"turns":2},{"damage":31,"enemies":"Gremlin Nob","floor":7,"turns":4},{"damage":2,"enemies":"Lagavulin","floor":10,"turns":6},{"damage":0,"enemies":"3 Louse","floor":12,"turns":1},{"damage":0,"enemies":"Large Slime","floor":14,"turns":4},{"damage":20,"enemies":"Hexaghost","floor":16,"turns":9},{"damage":29,"enemies":"Shell Parasite","floor":18,"turns":9},{"damage":22,"enemies":"3 Byrds","floor":21,"turns":4}],"seed_played":"2746153749613703620","potions_obtained":[{"floor":7,"key":"PowerPotion"}],"is_trial":false,"path_per_floor":["M","M","M","$","?","R","E","R","T","E","?","M","R","M","R","B",null,"M","?","?","M"],"character_chosen":"THE_SILENT","items_purchased":["Infinite Blades"],"campfire_rested":1,"item_purchase_floors":[4],"current_hp_per_floor":[59,58,58,58,58,58,27,45,45,43,43,43,43,43,43,23,51,22,22,22,0,0],"gold":198,"neow_bonus":"THREE_RARE_CARDS","is_daily":false,"chose_seed":false,"campfire_upgraded":3,"win_rate":0.0,"timestamp":1613827989,"path_taken":["M","M","M","$","?","R","E","R","T","E","?","M","R","M","R","BOSS","M","?","?","?"],"items_purchased_type":["Card"],"build_version":"2020-12-22","purchased_purges":0,"victory":false,"max_hp_per_floor":[66,66,66,66,60,60,60,60,60,60,60,60,60,60,60,60,60,60,60,60,60,60],"relic_stats":{"Singing Bowl":0,"counters":[10,43],"Golden Idol":44,"Black Star":0,"MawBank":132,"obtain_stats":[{"Singing Bowl":19,"Golden Idol":5,"Black Star":17,"MawBank":10,"FossilizedHelix":7,"InkBottle":9,"Ring of the Snake":0},{"Singing Bowl":9,"Golden Idol":3,"Black Star":8,"MawBank":5,"FossilizedHelix":4,"InkBottle":4,"Ring of the Snake":0},{"Singing Bowl":39,"Golden Idol":6,"Black Star":30,"MawBank":16,"FossilizedHelix":10,"InkBottle":10,"Ring of the Snake":0}],"InkBottle":[10],"Ring of the Snake":[20]},"card_choices":[{"not_picked":["Doppelganger","Burst"],"picked":"Die Die Die","floor":0},{"not_picked":["Slice","Bane","Flying Knee"],"picked":"SKIP","floor":1},{"not_picked":["Quick Slash","Escape Plan"],"picked":"Masterful Stab","floor":2},{"not_picked":["Dagger Throw","Deflect"],"picked":"Deadly Poison","floor":3},{"not_picked":["Underhanded Strike","Blur"],"picked":"Skewer","floor":7},{"not_picked":["Accuracy","Distraction","Underhanded Strike"],"picked":"SKIP","floor":10},{"not_picked":["Dagger Throw","Skewer"],"picked":"Well Laid Plans","floor":12},{"not_picked":["Deadly Poison","Bane"],"picked":"Burst","floor":14},{"not_picked":["After Image","Adrenaline"],"picked":"Wraith Form v2","floor":16},{"not_picked":["Deadly Poison","Poisoned Stab+1","Reflex"],"picked":"SKIP","floor":18}],"player_experience":488014,"relics_obtained":[{"floor":7,"key":"FossilizedHelix"},{"floor":9,"key":"InkBottle"},{"floor":10,"key":"MawBank"}],"event_choices":[{"damage_healed":0,"gold_gain":0,"player_choice":"Lose Max HP","damage_taken":0,"relics_obtained":["Golden Idol"],"max_hp_gain":0,"max_hp_loss":6,"event_name":"Golden Idol","floor":5,"gold_loss":0},{"cards_removed":["Strike_G"],"damage_healed":0,"gold_gain":0,"player_choice":"Card Removal","damage_taken":0,"max_hp_gain":0,"max_hp_loss":0,"event_name":"The Cleric","floor":11,"gold_loss":75},{"damage_healed":0,"gold_gain":0,"player_choice":"Obtained Relic","damage_taken":0,"relics_obtained":["Singing Bowl"],"max_hp_gain":0,"max_hp_loss":0,"event_name":"Addict","floor":19,"gold_loss":85},{"damage_healed":0,"gold_gain":0,"player_choice":"Upgraded","damage_taken":0,"max_hp_gain":0,"max_hp_loss":0,"event_name":"Upgrade Shrine","floor":20,"gold_loss":0,"cards_upgraded":["Wraith Form v2"]}],"is_beta":false,"boss_relics":[{"not_picked":["Runic Dome","WristBlade"],"picked":"Black Star"}],"items_purged_floors":[],"is_endless":false,"potions_floor_spawned":[7],"killed_by":"3 Byrds","ascension_level":20}}