{"host":"tzwikg9s6mkzv6w0","time":1613804845,"event":{"mods":["BaseMod","Good Game Mod","Minty Spire (QoL Compilation)","Spicy Shops","StSLib"],"gold_per_floor":[418,264,264,339,355,387,408,140,167,167,181,181,201,229,229,301,301,318,328,338,338,53,53,53],"floor_reached":23,"language":"ZHS","playtime":605,"items_purged":["Defend_P","Defend_P","Strike_P"],"score":388,"play_id":"958e32ea-6f0a-46ea-ab04-d8f423af1bfe","local_time":"20210220150725","is_ascension_mode":true,"campfire_choices":[{"floor":10.0,"key":"REST"},{"data":"Blasphemy","floor":12.0,"key":"SMITH"},{"data":"Fasting2","floor":15.0,"key":"SMITH"}],"circlet_count":0,"master_deck":["AscendersBane","Strike_P","Strike_P","Strike_P","Defend_P","Eruption","Vigilance","DevaForm","BowlingBash","EmptyMind","FlurryOfBlows","Blasphemy+1","Tantrum","Fasting2+1","TalkToTheHand","Ragnarok","Wallop"],"relics":["PureWater","REME:ComplimentaryCards","Old Coin","Orrery","Prayer Wheel","Odd Mushroom","Medical Kit","Damaru","Black Star","PreservedInsect"],"acts_visited":["TheCity"],"potions_floor_usage":[],"damage_taken":[{"damage":7.0,"enemies":"Jaw Worm","floor":1.0,"turns":4.0},{"damage":3.0,"enemies":"2 Louse","floor":5.0,"turns":2.0},{"damage":14.0,"enemies":"Gremlin Nob","floor":6.0,"turns":3.0},{"damage":0.0,"enemies":"The Mushroom Lair","floor":7.0,"turns":2.0},{"damage":0.0,"enemies":"Small Slimes","floor":11.0,"turns":2.0},{"damage":4.0,"enemies":"Exordium Thugs","floor":13.0,"turns":3.0},{"damage":5.0,"enemies":"3 Sentries","floor":14.0,"turns":2.0},{"damage":14.0,"enemies":"Hexaghost","floor":16.0,"turns":5.0},{"damage":15.0,"enemies":"2 Thieves","floor":18.0,"turns":3.0},{"damage":16.0,"enemies":"Shell Parasite","floor":19.0,"turns":2.0},{"damage":17.0,"enemies":"3 Cultists","floor":20.0,"turns":4.0},{"damage":4,"enemies":"Slavers","floor":23,"turns":1}],"seed_played":"-1270874826820732012","potions_obtained":[{"floor":1.0,"key":"ColorlessPotion"},{"floor":13.0,"key":"ColorlessPotion"},{"floor":16.0,"key":"DuplicationPotion"},{"floor":19.0,"key":"BlessingOfTheForge"}],"is_trial":false,"path_per_floor":["M","$","?","?","M","E","?","$","T","R","M","R","M","E","R","B",null,"M","M","M","?","$","E"],"character_chosen":"WATCHER","items_purchased":["Orrery","Medical Kit","PreservedInsect"],"campfire_rested":1,"item_purchase_floors":[2,8,22],"current_hp_per_floor":[36,36,36,25,22,8,8,8,8,28,28,28,24,19,19,5,52,37,21,4,4,4,0,0],"gold":53,"neow_bonus":"ONE_RARE_RELIC","is_daily":false,"chose_seed":false,"campfire_upgraded":2,"win_rate":0.0,"timestamp":1613804845,"path_taken":["M","$","?","?","M","E","?","$","T","R","M","R","?","E","R","BOSS","M","M","?","?","$","E"],"items_purchased_type":["Relic","Relic","Relic"],"build_version":"2020-12-22","purchased_purges":3,"victory":false,"max_hp_per_floor":[68,68,68,68,68,68,68,68,68,68,68,68,68,68,68,68,68,68,68,68,68,68,68,68],"card_choices":[{"not_picked":["SashWhip","ThirdEye","Halt"],"picked":"SKIP","floor":1.0},{"not_picked":["Collect","ForeignInfluence"],"picked":"BowlingBash","floor":2.0},{"not_picked":["Pray","FollowUp"],"picked":"EmptyMind","floor":2.0},{"not_picked":["CutThroughFate","PathToVictory"],"picked":"FlurryOfBlows","floor":2.0},{"not_picked":["Perseverance","EmptyFist"],"picked":"Blasphemy","floor":5.0},{"not_picked":["Conclude","FlyingSleeves"],"picked":"Tantrum","floor":6.0},{"not_picked":["SandsOfTime","Consecrate"],"picked":"Fasting2","floor":7.0},{"not_picked":["Evaluate","Fasting2","FollowUp"],"picked":"SKIP","floor":11.0},{"not_picked":["EmptyBody","EmptyFist","PathToVictory"],"picked":"SKIP","floor":11.0},{"not_picked":["Consecrate","FollowUp","Vengeance"],"picked":"SKIP","floor":13.0},{"not_picked":["Vengeance","Study","Pray"],"picked":"SKIP","floor":13.0},{"not_picked":["Prostrate","Brilliance"],"picked":"TalkToTheHand","floor":14.0},{"not_picked":["DevaForm","Devotion"],"picked":"Ragnarok","floor":16.0},{"not_picked":["MentalFortress+1","SignatureMove"],"picked":"Wallop","floor":18.0},{"not_picked":["CutThroughFate","WaveOfTheHand","Study"],"picked":"SKIP","floor":18.0},{"not_picked":["ThirdEye","Crescendo","Weave+1"],"picked":"SKIP","floor":19.0},{"not_picked":["Evaluate+1","ThirdEye","Prostrate"],"picked":"SKIP","floor":19.0},{"not_picked":["EmptyBody","Prostrate","FlyingSleeves"],"picked":"SKIP","floor":20.0},{"not_picked":["Consecrate+1","Collect","Swivel"],"picked":"SKIP","floor":20.0}],"player_experience":164483,"relics_obtained":[{"floor":6.0,"key":"Prayer Wheel"},{"floor":7.0,"key":"Odd Mushroom"},{"floor":14.0,"key":"Damaru"}],"event_choices":[{"damage_healed":0.0,"max_hp_gain":0.0,"max_hp_loss":0.0,"gold_gain":0.0,"event_name":"Liars Game","player_choice":"Ignored","floor":3.0,"gold_loss":0.0,"damage_taken":0.0},{"damage_healed":0.0,"max_hp_gain":0.0,"max_hp_loss":0.0,"gold_gain":75.0,"event_name":"World of Goop","player_choice":"Gather Gold","floor":4.0,"gold_loss":0.0,"damage_taken":11.0},{"damage_healed":0.0,"max_hp_gain":0.0,"max_hp_loss":0.0,"gold_gain":0.0,"event_name":"Mushrooms","player_choice":"Fought Mushrooms","floor":7.0,"gold_loss":0.0,"damage_taken":0.0},{"cards_removed":["Defend_P"],"damage_healed":0.0,"max_hp_gain":0.0,"max_hp_loss":0.0,"gold_gain":0.0,"event_name":"Back to Basics","player_choice":"Elegance","floor":21.0,"gold_loss":0.0,"damage_taken":0.0}],"is_beta":false,"boss_relics":[{"not_picked":["Snecko Eye","Runic Dome"],"picked":"Black Star"}],"items_purged_floors":[2,8,22],"is_endless":false,"potions_floor_spawned":[1,13,16,19],"killed_by":"Slavers","ascension_level":19}}