{"host":"seujf6kmfn3ctpoe","time":1613816582,"event":{"mods":["BaseMod","Colored Map","Jedi Mod","Minty Spire (QoL Compilation)","Permanent Neow","Relic Sorter","Relic Stats","StSLib"],"gold_per_floor":[111,111,36,55,67,67,67,67,117,151,151,167,167,95,95,219,219,233,60,60,60,35,35,35,35,82,98,98,113,153,178,178,302,302,322,655,674,693,693,693],"floor_reached":39,"language":"ENG","playtime":1569,"items_purged":["Strike_B","Strike_B"],"score":417,"play_id":"5fe43e4f-96c9-4b87-9543-3c52584d41b4","local_time":"20210220112302","is_ascension_mode":true,"campfire_choices":[{"data":"Zap","floor":6,"key":"SMITH"},{"data":"Skim","floor":11,"key":"SMITH"},{"data":"Ball Lightning","floor":13,"key":"SMITH"},{"floor":15,"key":"REST"},{"data":"Defragment","floor":23,"key":"SMITH"},{"data":"jedi:blockon","floor":25,"key":"SMITH"},{"data":"jedi:locknload","floor":28,"key":"SMITH"},{"floor":32,"key":"REST"}],"circlet_count":0,"master_deck":["Strike_B+1","Defend_B+1","Defend_B+1","Defend_B+1","Defend_B+1","Zap+1","Dualcast+1","jedi:spotbugs","Ball Lightning+1","Skim+1","Leap","Capacitor","Multi-Cast","jedi:blockon+1","Defragment+1","Ball Lightning","jedi:locknload+1","jedi:blockon+1","Thunder Strike"],"relics":["Cracked Core","Anchor","Oddly Smooth Stone","TungstenRod","Inserter","MutagenicStrength","Potion Belt","Question Card","Runic Pyramid"],"acts_visited":["Exordium","TheCity","TheBeyond"],"potions_floor_usage":[],"damage_taken":[{"damage":0,"enemies":"Jaw Worm","floor":1,"turns":2},{"damage":1,"enemies":"Cultist","floor":4,"turns":3},{"damage":7,"enemies":"Small Slimes","floor":5,"turns":5},{"damage":23,"enemies":"Gremlin Nob","floor":10,"turns":4},{"damage":0,"enemies":"2 Fungi Beasts","floor":12,"turns":2},{"damage":39,"enemies":"Slime Boss","floor":16,"turns":11},{"damage":7,"enemies":"Spheric Guardian","floor":18,"turns":5},{"damage":1,"enemies":"2 Thieves","floor":27,"turns":4},{"damage":9,"enemies":"Snecko","floor":29,"turns":4},{"damage":31,"enemies":"Slavers","floor":30,"turns":5},{"damage":0,"enemies":"Shelled Parasite and Fungi","floor":31,"turns":5},{"damage":17,"enemies":"Champ","floor":33,"turns":9},{"damage":5,"enemies":"3 Darklings","floor":35,"turns":4},{"damage":0,"enemies":"3 Shapes","floor":37,"turns":4},{"damage":39,"enemies":"Jaw Worm Horde","floor":38,"turns":6},{"damage":30,"enemies":"Writhing Mass","floor":39,"turns":4}],"seed_played":"-3592946390641453392","potions_obtained":[{"floor":1,"key":"jedi:wingpotion"},{"floor":5,"key":"SteroidPotion"},{"floor":10,"key":"jedi:coolantleak"},{"floor":33,"key":"Strength Potion"},{"floor":37,"key":"SpeedPotion"}],"is_trial":false,"path_per_floor":["M","?","$","M","M","R","?","?","T","E","R","M","R","$","R","B",null,"M","$","?","?","$","R","?","R","T","M","R","M","E","M","R","B",null,"M","?","M","M","M"],"character_chosen":"DEFECT","items_purchased":["Capacitor","Defragment","Ball Lightning"],"campfire_rested":2,"item_purchase_floors":[14,19,22],"current_hp_per_floor":[75,75,75,74,67,67,52,52,52,29,29,29,29,29,49,10,69,62,62,62,62,62,62,62,62,62,61,61,52,21,21,41,24,69,64,64,64,25,0,0],"gold":693,"neow_bonus":"RANDOM_COMMON_RELIC","is_daily":false,"chose_seed":false,"campfire_upgraded":6,"win_rate":0.0,"timestamp":1613816582,"path_taken":["M","?","$","?","M","R","?","?","T","E","R","?","R","$","R","BOSS","M","$","?","?","?","R","?","R","T","M","R","M","E","M","R","BOSS","M","?","M","M","M"],"items_purchased_type":["Card","Card","Card"],"build_version":"2020-12-22","purchased_purges":2,"victory":false,"max_hp_per_floor":[75,75,75,75,75,75,75,69,69,69,69,69,69,69,69,69,69,69,69,69,69,69,69,69,69,69,69,69,69,69,69,69,69,69,69,69,69,69,69,69],"relic_stats":{"Inserter":[23],"counters":[16,77],"Question Card":5,"obtain_stats":[{"Potion Belt":26,"Anchor":0,"Inserter":17,"Golden Idol":8,"MutagenicStrength":24,"Oddly Smooth Stone":9,"Cracked Core":0,"Question Card":30,"TungstenRod":10,"Runic Pyramid":34},{"Potion Belt":7,"Anchor":0,"Inserter":6,"Golden Idol":3,"MutagenicStrength":7,"Oddly Smooth Stone":3,"Cracked Core":0,"Question Card":10,"TungstenRod":4,"Runic Pyramid":12},{"Potion Belt":32,"Anchor":0,"Inserter":27,"Golden Idol":10,"MutagenicStrength":32,"Oddly Smooth Stone":10,"Cracked Core":0,"Question Card":45,"TungstenRod":14,"Runic Pyramid":59}],"TungstenRod":24},"card_choices":[{"not_picked":["Streamline","Steam Power"],"picked":"jedi:spotbugs","floor":1},{"not_picked":["Go for the Eyes","Compile Driver","jedi:reiji"],"picked":"SKIP","floor":4},{"not_picked":["jedi:BurstLightning","Compile Driver"],"picked":"Ball Lightning","floor":5},{"not_picked":["Melter","Stack"],"picked":"Skim","floor":10},{"not_picked":["Rip and Tear","Stack"],"picked":"Leap","floor":12},{"not_picked":["Creative AI","Meteor Strike"],"picked":"Multi-Cast","floor":16},{"not_picked":["Rip and Tear","Heatsinks+1"],"picked":"jedi:blockon","floor":18},{"not_picked":["Go for the Eyes","Genetic Algorithm"],"picked":"jedi:locknload","floor":27},{"not_picked":["Reprogram","Steam","jedi:BurstLightning+1"],"picked":"SKIP","floor":29},{"not_picked":["Rebound","Skim+1","Streamline"],"picked":"SKIP","floor":30},{"not_picked":["jedi:locknload","Stack","Barrage+1","jedi:BurstFrost"],"picked":"SKIP","floor":31},{"not_picked":["Rebound","Streamline+1","Go for the Eyes"],"picked":"jedi:blockon+1","floor":35},{"not_picked":["Fusion","Darkness+1","Steam"],"picked":"Thunder Strike","floor":37},{"not_picked":["Barrage+1","Ball Lightning","jedi:blockon","Aggregate+1"],"picked":"SKIP","floor":38}],"player_experience":453335,"relics_obtained":[{"floor":9,"key":"Oddly Smooth Stone"},{"floor":10,"key":"TungstenRod"},{"floor":26,"key":"Potion Belt"},{"floor":30,"key":"Question Card"}],"event_choices":[{"cards_removed":["Strike_B"],"damage_healed":0,"gold_gain":0,"player_choice":"Purged","damage_taken":0,"max_hp_gain":0,"max_hp_loss":0,"event_name":"Purifier","floor":2,"gold_loss":0},{"damage_healed":0,"gold_gain":0,"player_choice":"Entered Light","damage_taken":15,"max_hp_gain":0,"max_hp_loss":0,"event_name":"Shining Light","floor":7,"gold_loss":0,"cards_upgraded":["Dualcast","Defend_B"]},{"damage_healed":0,"gold_gain":0,"player_choice":"Lose Max HP","damage_taken":0,"relics_obtained":["Golden Idol"],"max_hp_gain":0,"max_hp_loss":6,"event_name":"Golden Idol","floor":8,"gold_loss":0},{"damage_healed":0,"gold_gain":0,"player_choice":"Ignored","damage_taken":0,"max_hp_gain":0,"max_hp_loss":0,"event_name":"Cursed Tome","floor":20,"gold_loss":0},{"damage_healed":0,"gold_gain":0,"player_choice":"Simplicity","damage_taken":0,"max_hp_gain":0,"max_hp_loss":0,"event_name":"Back to Basics","floor":21,"gold_loss":0,"cards_upgraded":["Strike_B","Defend_B","Defend_B","Defend_B"]},{"damage_healed":0,"gold_gain":0,"player_choice":"Inject Mutagens","damage_taken":0,"relics_obtained":["MutagenicStrength"],"max_hp_gain":0,"max_hp_loss":0,"event_name":"Drug Dealer","floor":24,"gold_loss":0},{"damage_healed":0,"gold_gain":333,"player_choice":"Gave Idol","damage_taken":0,"max_hp_gain":0,"max_hp_loss":0,"event_name":"The Moai Head","floor":36,"relics_lost":["Golden Idol"],"gold_loss":0}],"is_beta":false,"boss_relics":[{"not_picked":["FrozenCore","Cursed Key"],"picked":"Inserter"},{"not_picked":["Sozu","jedi:battlestandard"],"picked":"Runic Pyramid"}],"items_purged_floors":[3,19],"is_endless":false,"potions_floor_spawned":[1,5,10,12,33,37,38],"killed_by":"Writhing Mass","ascension_level":1}}