{"host":"sygfylmorsvdndbx","time":1613832218,"event":{"mods":["AchievementEnabler","BaseMod","Bestiary","Highlight Path","Minty Spire (QoL Compilation)","Permanent Neow","Quick Restart","Relic Stats"],"gold_per_floor":[117,117,117,133,151,151,174,174,174,194,119,132,170,188,188,279,279,297,313,333,358,78,113,13,31,31,31,51,51,51,85,85,178,178,197,42,42,65,84,84,109,109,109,143,143,73,109,148,148,148,148],"floor_reached":50,"language":"ENG","playtime":5648,"items_purged":["Defend_G","Strike_G"],"score":1025,"play_id":"87b60090-4de5-44c0-a2fb-442f212875b9","local_time":"20210220094338","is_ascension_mode":true,"campfire_choices":[{"data":"Sucker Punch","floor":6.0,"key":"SMITH"},{"data":"Caltrops","floor":8.0,"key":"SMITH"},{"data":"Dagger Spray","floor":15.0,"key":"SMITH"},{"data":"Strike_G","floor":27.0,"key":"PURGE"},{"data":"Defend_G","floor":30.0,"key":"PURGE"},{"data":"Phantasmal Killer","floor":32.0,"key":"SMITH"},{"data":"Strike_G","floor":40,"key":"PURGE"},{"data":"Corpse Explosion","floor":42,"key":"SMITH"},{"data":"Noxious Fumes","floor":45,"key":"SMITH"},{"floor":49,"key":"RECALL"}],"circlet_count":0,"master_deck":["AscendersBane","Defend_G","Defend_G","Defend_G","Survivor","Neutralize","Sucker Punch+1","Infinite Blades","Heel Hook","Backflip","Caltrops+1","Dagger Spray+1","Adrenaline","Noxious Fumes+1","Phantasmal Killer+1","Blade Dance","Terror+1","Corpse Explosion+1","Blade Dance","PiercingWail","PiercingWail","Noxious Fumes","Die Die Die","Outmaneuver+1","PiercingWail","Dagger Spray+1","Footwork"],"relics":["Ring of the Snake","FossilizedHelix","Golden Idol","Paper Crane","TungstenRod","Runic Pyramid","Lee\u0027s Waffle","Orichalcum","Peace Pipe","Bottled Tornado","Runic Dome","Toolbox","Turnip","Bronze Scales"],"acts_visited":["Exordium","TheCity","TheBeyond"],"potions_floor_usage":[50],"damage_taken":[{"damage":0.0,"enemies":"Small Slimes","floor":1.0,"turns":4.0},{"damage":0.0,"enemies":"Cultist","floor":4.0,"turns":4.0},{"damage":2.0,"enemies":"Jaw Worm","floor":5.0,"turns":5.0},{"damage":0.0,"enemies":"2 Fungi Beasts","floor":7.0,"turns":4.0},{"damage":3.0,"enemies":"Exordium Thugs","floor":10.0,"turns":5.0},{"damage":4.0,"enemies":"Lots of Slimes","floor":12.0,"turns":4.0},{"damage":13.0,"enemies":"3 Sentries","floor":13.0,"turns":7.0},{"damage":0.0,"enemies":"Large Slime","floor":14.0,"turns":6.0},{"damage":2.0,"enemies":"The Guardian","floor":16.0,"turns":10.0},{"damage":5.0,"enemies":"Chosen","floor":18.0,"turns":4.0},{"damage":0.0,"enemies":"3 Byrds","floor":19.0,"turns":5.0},{"damage":8.0,"enemies":"Snecko","floor":20.0,"turns":6.0},{"damage":8.0,"enemies":"Snake Plant","floor":21.0,"turns":5.0},{"damage":0.0,"enemies":"Book of Stabbing","floor":23.0,"turns":3.0},{"damage":0.0,"enemies":"3 Cultists","floor":25.0,"turns":2.0},{"damage":10.0,"enemies":"Shelled Parasite and Fungi","floor":28.0,"turns":4.0},{"damage":0.0,"enemies":"Gremlin Leader","floor":31.0,"turns":5.0},{"damage":28.0,"enemies":"Champ","floor":33.0,"turns":9.0},{"damage":0.0,"enemies":"Orb Walker","floor":35.0,"turns":3.0},{"damage":0.0,"enemies":"3 Darklings","floor":38.0,"turns":2.0},{"damage":0,"enemies":"Transient","floor":39,"turns":5},{"damage":19,"enemies":"Jaw Worm Horde","floor":41,"turns":3},{"damage":0,"enemies":"Reptomancer","floor":44,"turns":5},{"damage":0,"enemies":"Maw","floor":47,"turns":6},{"damage":10,"enemies":"Giant Head","floor":48,"turns":8},{"damage":37,"enemies":"Donu and Deca","floor":50,"turns":4}],"seed_played":"-8499802535255314757","potions_obtained":[{"floor":4.0,"key":"Strength Potion"},{"floor":10.0,"key":"Dexterity Potion"},{"floor":16.0,"key":"CultistPotion"},{"floor":28.0,"key":"BlessingOfTheForge"},{"floor":31.0,"key":"Strength Potion"},{"floor":39,"key":"SteroidPotion"},{"floor":47,"key":"CultistPotion"}],"is_trial":false,"path_per_floor":["M","?","?","M","M","R","M","R","T","M","$","M","E","M","R","B",null,"M","M","M","M","$","E","$","M","T","R","M","?","R","E","R","B",null,"M","$","?","M","M","R","M","R","T","E","R","$","M","E","R","B"],"character_chosen":"THE_SILENT","items_purchased":["Lee\u0027s Waffle","Corpse Explosion","Blade Dance","Toolbox","Footwork"],"campfire_rested":0,"item_purchase_floors":[22,22,22,36,46],"current_hp_per_floor":[63,48,48,48,46,46,46,46,46,43,43,39,26,26,26,24,53,48,48,40,32,70,70,70,70,70,70,60,48,48,48,48,20,58,58,58,58,58,58,58,39,39,39,39,39,39,39,29,29,0,0],"gold":148,"neow_bonus":"ONE_RARE_RELIC","is_daily":false,"chose_seed":false,"campfire_upgraded":6,"win_rate":0.0,"timestamp":1613832218,"path_taken":["M","?","?","M","M","R","M","R","T","M","$","M","E","M","R","BOSS","M","M","M","M","$","E","?","M","T","R","M","?","R","E","R","BOSS","M","$","?","M","M","R","M","R","T","E","R","?","M","E","R","BOSS"],"items_purchased_type":["Relic","Card","Card","Relic","Card"],"build_version":"2020-12-22","purchased_purges":2,"victory":false,"max_hp_per_floor":[63,63,63,63,63,63,63,63,63,63,63,63,63,63,63,63,63,63,63,63,63,70,70,70,70,70,70,70,70,70,70,70,70,70,70,70,70,70,70,70,70,70,70,70,70,70,70,70,70,70,70],"relic_stats":{"Peace Pipe":4,"Lee\u0027s Waffle":38,"counters":[26,128],"Golden Idol":142,"Bronze Scales":[12],"Turnip":[3],"Orichalcum":[114],"obtain_stats":[{"Lee\u0027s Waffle":22,"Golden Idol":2,"Paper Crane":9,"Orichalcum":23,"Bottled Tornado":31,"Peace Pipe":26,"Runic Dome":34,"Bronze Scales":48,"Toolbox":36,"Turnip":44,"FossilizedHelix":0,"TungstenRod":13,"Ring of the Snake":0,"Runic Pyramid":17},{"Lee\u0027s Waffle":13,"Golden Idol":1,"Paper Crane":4,"Orichalcum":14,"Bottled Tornado":17,"Peace Pipe":15,"Runic Dome":18,"Bronze Scales":25,"Toolbox":19,"Turnip":23,"FossilizedHelix":0,"TungstenRod":7,"Ring of the Snake":0,"Runic Pyramid":9},{"Lee\u0027s Waffle":69,"Golden Idol":4,"Paper Crane":17,"Orichalcum":72,"Bottled Tornado":83,"Peace Pipe":74,"Runic Dome":92,"Bronze Scales":124,"Toolbox":95,"Turnip":110,"FossilizedHelix":0,"TungstenRod":33,"Ring of the Snake":0,"Runic Pyramid":49}],"TungstenRod":29,"Ring of the Snake":[52]},"card_choices":[{"not_picked":["Prepared","Bane"],"picked":"Sucker Punch","floor":1.0},{"not_picked":["Expertise","Tactician"],"picked":"Heel Hook","floor":4.0},{"not_picked":["Deflect","Setup"],"picked":"Backflip","floor":5.0},{"not_picked":["Underhanded Strike","Bane"],"picked":"Caltrops","floor":7.0},{"not_picked":["Calculated Gamble","Flechettes","Prepared"],"picked":"SKIP","floor":10.0},{"not_picked":["Dagger Throw","Expertise"],"picked":"Dagger Spray","floor":12.0},{"not_picked":["Flying Knee","Deflect"],"picked":"Adrenaline","floor":13.0},{"not_picked":["Skewer","Escape Plan"],"picked":"Noxious Fumes","floor":14.0},{"not_picked":["Bullet Time","Doppelganger"],"picked":"Phantasmal Killer","floor":16.0},{"not_picked":["Dodge and Roll","Predator"],"picked":"Blade Dance","floor":18.0},{"not_picked":["Dash","Footwork"],"picked":"Terror+1","floor":19.0},{"not_picked":["Outmaneuver","Endless Agony","Prepared"],"picked":"SKIP","floor":20.0},{"not_picked":["Bane","Cloak And Dagger","Well Laid Plans"],"picked":"SKIP","floor":21.0},{"not_picked":["Outmaneuver","Crippling Poison"],"picked":"PiercingWail","floor":23.0},{"not_picked":["Blade Dance","Slice"],"picked":"PiercingWail","floor":25.0},{"not_picked":["Dash","Bouncing Flask"],"picked":"Noxious Fumes","floor":28.0},{"not_picked":["Eviscerate+1","PiercingWail","Flechettes"],"picked":"SKIP","floor":31.0},{"not_picked":["A Thousand Cuts","Night Terror"],"picked":"Die Die Die","floor":33.0},{"not_picked":["Sucker Punch","Dagger Spray"],"picked":"Outmaneuver+1","floor":35.0},{"not_picked":["Slice","Prepared","Masterful Stab"],"picked":"SKIP","floor":38.0},{"not_picked":["All Out Attack","Bouncing Flask","Concentrate"],"picked":"SKIP","floor":39},{"not_picked":["All Out Attack","Bouncing Flask","Concentrate"],"picked":"SKIP","floor":39},{"not_picked":["All Out Attack","Bouncing Flask","Concentrate"],"picked":"SKIP","floor":39},{"not_picked":["Underhanded Strike","Quick Slash"],"picked":"PiercingWail","floor":41},{"not_picked":["Quick Slash","Flying Knee"],"picked":"Dagger Spray+1","floor":44},{"not_picked":["Masterful Stab+1","Expertise+1","Quick Slash"],"picked":"SKIP","floor":47},{"not_picked":["Well Laid Plans","Quick Slash","Tactician"],"picked":"SKIP","floor":48}],"player_experience":574132,"relics_obtained":[{"floor":9.0,"key":"Paper Crane"},{"floor":13.0,"key":"TungstenRod"},{"floor":23.0,"key":"Orichalcum"},{"floor":26.0,"key":"Peace Pipe"},{"floor":31.0,"key":"Bottled Tornado"},{"floor":44,"key":"Turnip"},{"floor":48,"key":"Bronze Scales"}],"event_choices":[{"damage_healed":0.0,"max_hp_gain":0.0,"max_hp_loss":0.0,"gold_gain":0.0,"event_name":"Golden Idol","player_choice":"Take Damage","floor":2.0,"gold_loss":0.0,"damage_taken":15.0,"relics_obtained":["Golden Idol"]},{"damage_healed":0.0,"max_hp_gain":0.0,"max_hp_loss":0.0,"gold_gain":0.0,"cards_transformed":["Strike_G"],"event_name":"Transmorgrifier","player_choice":"Transformed","floor":3.0,"gold_loss":0.0,"damage_taken":0.0,"cards_obtained":["Infinite Blades"]},{"damage_healed":0.0,"max_hp_gain":0.0,"max_hp_loss":0.0,"gold_gain":0.0,"event_name":"Cursed Tome","player_choice":"Obtained Book","floor":29.0,"gold_loss":0.0,"damage_taken":16.0},{"cards_removed":["Strike_G"],"damage_healed":0.0,"max_hp_gain":0.0,"max_hp_loss":0.0,"gold_gain":0.0,"event_name":"Falling","player_choice":"Removed Attack","floor":37.0,"gold_loss":0.0,"damage_taken":0.0}],"is_beta":false,"boss_relics":[{"not_picked":["Ectoplasm","Tiny House"],"picked":"Runic Pyramid"},{"not_picked":["Velvet Choker","Calling Bell"],"picked":"Runic Dome"}],"items_purged_floors":[11,24],"is_endless":false,"potions_floor_spawned":[4,10,16,20,28,31,39,41,47,48],"killed_by":"Donu and Deca","ascension_level":13}}