{"host":"d744ndivyohnro60","time":1613786197,"event":{"mods":["BaseMod","Bestiary","Colored Powertips","Minty Spire (QoL Compilation)","Relic Stats"],"gold_per_floor":[117,137,57,72,72,72,72,92,172,185,185,19,19,31,31,131,131,143,143,143,153,252,278,278,293,318,330,330,344,362,362,362,362,362],"floor_reached":33,"language":"ENG","playtime":9461,"items_purged":["Decay"],"score":413,"play_id":"55af60ab-284a-416c-9968-e5eeb58211c4","local_time":"20210219205637","is_ascension_mode":true,"campfire_choices":[{"data":"Static Discharge","floor":7,"key":"SMITH"},{"data":"Self Repair","floor":11,"key":"SMITH"},{"floor":13,"key":"REST"},{"data":"Zap","floor":15,"key":"SMITH"},{"floor":24,"key":"REST"},{"floor":28,"key":"REST"},{"floor":32,"key":"REST"}],"circlet_count":0,"master_deck":["Defend_B","Defend_B","Defend_B","Defend_B+1","Zap+1","Dualcast","Coolheaded","Static Discharge+1","Self Repair+1","Sweeping Beam","Bandage Up","Seek+1","CurseOfTheBell","Conserve Battery","Compile Driver","Cold Snap","Stack","Bite","Bite","Bite","Bite","Bite"],"relics":["Busted Crown","Pen Nib","Singing Bowl","Calling Bell","Calipers","StrikeDummy","Orichalcum","War Paint","Unceasing Top"],"acts_visited":["Exordium","TheCity"],"potions_floor_usage":[4,16,21,27],"damage_taken":[{"damage":1,"enemies":"Cultist","floor":1,"turns":3},{"damage":2,"enemies":"2 Louse","floor":2,"turns":2},{"damage":5,"enemies":"Small Slimes","floor":4,"turns":3},{"damage":12,"enemies":"2 Fungi Beasts","floor":8,"turns":4},{"damage":12,"enemies":"3 Louse","floor":10,"turns":3},{"damage":16,"enemies":"Blue Slaver","floor":14,"turns":3},{"damage":45,"enemies":"The Guardian","floor":16,"turns":9},{"damage":13,"enemies":"2 Thieves","floor":18,"turns":3},{"damage":12,"enemies":"Spheric Guardian","floor":21,"turns":4},{"damage":74,"enemies":"Gremlin Leader","floor":23,"turns":7},{"damage":34,"enemies":"Centurion and Healer","floor":25,"turns":5},{"damage":23,"enemies":"Sentry and Sphere","floor":27,"turns":5},{"damage":13,"enemies":"Snecko","floor":29,"turns":6},{"damage":27,"enemies":"Shelled Parasite and Fungi","floor":30,"turns":8},{"damage":113,"enemies":"Collector","floor":33,"turns":10}],"seed_played":"4296531747553066475","potions_obtained":[{"floor":2,"key":"SteroidPotion"},{"floor":4,"key":"Fruit Juice"},{"floor":8,"key":"DistilledChaos"},{"floor":14,"key":"FairyPotion"},{"floor":18,"key":"BlessingOfTheForge"},{"floor":25,"key":"PotionOfCapacity"}],"is_trial":false,"path_per_floor":["M","M","$","M","?","?","R","M","T","M","R","$","R","M","R","B",null,"M","?","?","M","?","E","R","M","T","M","R","M","M","?","R","B"],"character_chosen":"DEFECT","items_purchased":["Self Repair","Bandage Up"],"campfire_rested":4,"item_purchase_floors":[3,12],"current_hp_per_floor":[67,65,65,72,60,60,60,55,55,52,52,52,76,76,76,45,74,75,75,75,77,77,19,44,14,14,37,63,66,57,57,84,0,0],"gold":362,"neow_bonus":"BOSS_RELIC","is_daily":false,"chose_seed":false,"campfire_upgraded":3,"win_rate":0.0,"timestamp":1613786197,"path_taken":["M","M","$","M","?","?","R","M","T","?","R","$","R","M","R","BOSS","M","?","?","M","?","E","R","M","T","M","R","M","M","?","R","BOSS"],"items_purchased_type":["Card","Card"],"build_version":"2020-12-22","purchased_purges":1,"victory":false,"max_hp_per_floor":[75,75,75,80,80,80,80,80,80,82,82,82,82,84,84,84,84,84,84,84,84,84,86,86,86,86,88,88,88,90,90,90,90,90],"relic_stats":{"Busted Crown":30,"Singing Bowl":10,"counters":[15,75],"Pen Nib":[11],"Orichalcum":[36],"War Paint":["Defend_B","Seek"],"obtain_stats":[{"Calling Bell":17,"Blood Vial":26,"Busted Crown":0,"Calipers":17,"Singing Bowl":9,"Pen Nib":5,"Orichalcum":17,"War Paint":19,"Cracked Core":0,"StrikeDummy":17,"Unceasing Top":23},{"Calling Bell":7,"Blood Vial":11,"Busted Crown":0,"Calipers":7,"Singing Bowl":4,"Pen Nib":3,"Orichalcum":7,"War Paint":8,"Cracked Core":0,"StrikeDummy":7,"Unceasing Top":10},{"Calling Bell":27,"Blood Vial":46,"Busted Crown":0,"Calipers":27,"Singing Bowl":12,"Pen Nib":8,"Orichalcum":27,"War Paint":30,"Cracked Core":0,"StrikeDummy":27,"Unceasing Top":41}],"Unceasing Top":[4]},"card_choices":[{"not_picked":[],"picked":"Coolheaded","floor":1},{"not_picked":[],"picked":"Static Discharge","floor":2},{"not_picked":[],"picked":"Sweeping Beam","floor":4},{"not_picked":["Fusion"],"picked":"SKIP","floor":8},{"not_picked":["Barrage"],"picked":"Singing Bowl","floor":10},{"not_picked":["Hologram"],"picked":"Singing Bowl","floor":14},{"not_picked":[],"picked":"Seek","floor":16},{"not_picked":[],"picked":"Conserve Battery","floor":18},{"not_picked":[],"picked":"Compile Driver","floor":21},{"not_picked":["Melter"],"picked":"Singing Bowl","floor":23},{"not_picked":[],"picked":"Cold Snap","floor":25},{"not_picked":["Go for the Eyes"],"picked":"Singing Bowl","floor":27},{"not_picked":[],"picked":"Stack","floor":29},{"not_picked":["Streamline"],"picked":"Singing Bowl","floor":30}],"player_experience":250643,"relics_obtained":[{"floor":9,"key":"Singing Bowl"},{"floor":17,"key":"Calipers"},{"floor":17,"key":"StrikeDummy"},{"floor":17,"key":"Orichalcum"},{"floor":23,"key":"Unceasing Top"},{"floor":26,"key":"Blood Vial"}],"event_choices":[{"damage_healed":0,"gold_gain":0,"player_choice":"Success","damage_taken":12,"relics_obtained":["Pen Nib"],"max_hp_gain":0,"max_hp_loss":0,"event_name":"Scrap Ooze","floor":5,"gold_loss":0},{"damage_healed":0,"gold_gain":0,"player_choice":"Cursed","damage_taken":0,"max_hp_gain":0,"max_hp_loss":0,"event_name":"Wheel of Change","floor":6,"gold_loss":0,"cards_obtained":["Decay"]},{"damage_healed":0,"gold_gain":0,"player_choice":"Opened","damage_taken":0,"relics_obtained":["War Paint"],"max_hp_gain":0,"max_hp_loss":0,"event_name":"The Mausoleum","floor":19,"gold_loss":0},{"cards_removed":["Strike_B"],"damage_healed":0,"gold_gain":0,"player_choice":"Elegance","damage_taken":0,"max_hp_gain":0,"max_hp_loss":0,"event_name":"Back to Basics","floor":20,"gold_loss":0},{"damage_healed":0,"gold_gain":99,"player_choice":"Stole From Cult","damage_taken":0,"max_hp_gain":0,"max_hp_loss":0,"event_name":"Nest","floor":22,"gold_loss":0},{"damage_healed":0,"gold_gain":0,"player_choice":"Became a vampire (Vial)","damage_taken":0,"max_hp_gain":0,"max_hp_loss":0,"event_name":"Vampires","floor":31,"relics_lost":["Blood Vial"],"gold_loss":0,"cards_obtained":["Bite","Bite","Bite","Bite","Bite"]}],"is_beta":false,"boss_relics":[{"not_picked":["SlaversCollar","Velvet Choker"],"picked":"Calling Bell"}],"items_purged_floors":[12],"is_endless":false,"potions_floor_spawned":[2,4,8,14,18,25],"killed_by":"Collector","ascension_level":8}}