{"host":"ibckqdmmf9y74ymf","time":1613785396,"event":{"mods":["2.2 Compatiblity","BaseMod","Colored Map","Curses Come First","Highlight Path","Minty Spire (QoL Compilation)","Quick Restart","Rare Cards Sparkle","Relic Stats","StSLib"],"gold_per_floor":[119,119,136,136,154,154,154,154],"floor_reached":7,"language":"ENG","playtime":124,"items_purged":[],"score":82,"play_id":"93b08958-d1b1-411d-9b38-135cdbb29753","local_time":"20210220024316","is_ascension_mode":true,"campfire_choices":[{"data":"Skewer","floor":6,"key":"SMITH"}],"circlet_count":0,"master_deck":["AscendersBane","Strike_G","Strike_G","Strike_G","Defend_G","Defend_G","Defend_G","Defend_G","Defend_G","Survivor","Neutralize","Skewer+1","Cloak And Dagger","Slice"],"relics":["Ring of the Snake","NeowsBlessing"],"acts_visited":["Exordium"],"potions_floor_usage":[],"damage_taken":[{"damage":0,"enemies":"2 Louse","floor":1,"turns":1},{"damage":0,"enemies":"Cultist","floor":3,"turns":1},{"damage":0,"enemies":"Small Slimes","floor":5,"turns":1},{"damage":39,"enemies":"3 Sentries","floor":7,"turns":9}],"seed_played":"-5488072591065113122","potions_obtained":[{"floor":1,"key":"Ancient Potion"}],"is_trial":false,"path_per_floor":["M","?","M","?","M","R","E"],"character_chosen":"THE_SILENT","items_purchased":[],"campfire_rested":0,"item_purchase_floors":[],"current_hp_per_floor":[59,59,59,52,52,52,13,13],"gold":154,"neow_bonus":"THREE_ENEMY_KILL","is_daily":false,"chose_seed":false,"campfire_upgraded":1,"win_rate":0.0,"timestamp":1613785396,"path_taken":["M","?","?","?","M","R","E"],"items_purchased_type":[],"build_version":"2020-12-22","purchased_purges":0,"victory":false,"max_hp_per_floor":[66,66,66,66,66,66,66,66],"relic_stats":{"counters":[4,12],"obtain_stats":[{"NeowsBlessing":0,"Ring of the Snake":0},{"NeowsBlessing":0,"Ring of the Snake":0},{"NeowsBlessing":0,"Ring of the Snake":0}],"Ring of the Snake":[8]},"card_choices":[{"not_picked":["Noxious Fumes","Tactician"],"picked":"Skewer","floor":1},{"not_picked":["Bane","All Out Attack"],"picked":"Cloak And Dagger","floor":3},{"not_picked":["Bane","Endless Agony"],"picked":"Slice","floor":5}],"player_experience":751115,"relics_obtained":[],"event_choices":[{"cards_removed":["Strike_G"],"damage_healed":0,"gold_gain":0,"player_choice":"Purged","damage_taken":0,"max_hp_gain":0,"max_hp_loss":0,"event_name":"Purifier","floor":2,"gold_loss":0},{"cards_removed":["Strike_G"],"damage_healed":0,"gold_gain":0,"player_choice":"Card Removal","damage_taken":7,"max_hp_gain":0,"max_hp_loss":0,"event_name":"Golden Wing","floor":4,"gold_loss":0}],"is_beta":false,"boss_relics":[],"items_purged_floors":[],"is_endless":false,"potions_floor_spawned":[1],"killed_by":"3 Sentries","ascension_level":20}}