{"host":"iqjss6e1abimcm1n","time":1613834088,"event":{"mods":["Act Like it!","Arknights","BaseMod","BetterRewards","Colored Map","Downfall","Elementarium","Highlight Path","Hubris","Infinite Spire","Jorbs\u0027s Wanderer Trilogy","Mimic Mod","Minty Spire (QoL Compilation)","Reliquary","Replay The Spire","Ruina","Spire Arcade","StSLib","The Animator","The Hierophant","The Jungle","The Problem Sleuth","The Runesmith"],"gold_per_floor":[123,135,135,145,177,199,213,213,266,266,295,295,295,314,314,314,314],"floor_reached":16,"language":"ENG","playtime":1364,"items_purged":[],"score":94,"play_id":"cbb220f2-382d-416c-86d7-eed3259a05df","local_time":"20210220161448","is_ascension_mode":false,"campfire_choices":[{"floor":8,"key":"REST"},{"floor":15,"key":"REST"}],"circlet_count":0,"master_deck":["animator:Defend_Konosuba","animator:Strike","animator:Strike","animator:Strike","animator:Defend","animator:Defend","animator:Defend","animator:Kazuma","animator:Aqua","sneckomod:Strike","animator:Hans","animator:Kuribayashi","animator:Pride","hubris:InfiniteBlow","animator:YunYun","animator:Souei","animator:Entoma+1","animator:AcuraTooru","animator:ChaikaTrabant","animator:NarberalGamma"],"relics":["animator:LivingPicture","animator:TheMissingPiece","hubris:Towel"],"acts_visited":["Exordium"],"potions_floor_usage":[11,16,16],"damage_taken":[{"damage":7,"enemies":"2 Louse","floor":1,"turns":3},{"damage":8,"enemies":"Small Slimes","floor":2,"turns":4},{"damage":3,"enemies":"Jaw Worm","floor":4,"turns":5},{"damage":21,"enemies":"Exordium Wildlife","floor":6,"turns":4},{"damage":7,"enemies":"Looter","floor":7,"turns":3},{"damage":11,"enemies":"2 Fungi Beasts","floor":11,"turns":3},{"damage":24,"enemies":"Gremlin Gang","floor":14,"turns":5},{"damage":50,"enemies":"Fading Forest","floor":16,"turns":7}],"seed_played":"-3986434326098995122","potions_obtained":[{"floor":2,"key":"FearPotion"},{"floor":6,"key":"GamblersBrew"},{"floor":14,"key":"SpeedPotion"}],"is_trial":false,"path_per_floor":["M","M","?","M","?","M","M","R","T","?","M","?","?","M","R_BF","B"],"character_chosen":"THE_ANIMATOR","items_purchased":[],"campfire_rested":2,"item_purchase_floors":[],"current_hp_per_floor":[61,55,39,39,39,20,15,35,35,35,26,36,36,14,36,0,0],"gold":314,"neow_bonus":"THREE_RARE_CARDS","is_daily":false,"chose_seed":false,"campfire_upgraded":0,"win_rate":0.0,"timestamp":1613834088,"path_taken":["M","M","?","M","?","M","M","R","T","?","?","?","?","?","R_BF","BOSS"],"items_purchased_type":[],"build_version":"2020-12-22","purchased_purges":0,"victory":false,"max_hp_per_floor":[66,66,66,67,67,67,67,67,67,67,69,74,74,74,74,74,74],"card_choices":[{"not_picked":["animator:Shizu","animator:Envy"],"picked":"animator:Hans","floor":0},{"not_picked":["animator:ElricAlphonse","animator:Tyuule"],"picked":"animator:Kuribayashi","floor":1},{"not_picked":["animator:Verdia","animator:WinryRockbell"],"picked":"animator:Pride","floor":2},{"not_picked":["ReplayTheSpireMod:Echoes of Time","infinitespire:FutureSight"],"picked":"hubris:InfiniteBlow","floor":3},{"not_picked":["animator:GazelDwargon","animator:Guy"],"picked":"animator:YunYun","floor":4},{"not_picked":["animator:Hakurou","animator:Millim"],"picked":"animator:Souei","floor":6},{"not_picked":["animator:Shuna","animator:Geryuganshoop"],"picked":"animator:Entoma","floor":7},{"not_picked":["animator:Layla","animator:Shuna"],"picked":"animator:AcuraTooru","floor":11},{"not_picked":["animator:Ainz","animator:Millim"],"picked":"animator:NarberalGamma","floor":14}],"player_experience":75292,"relics_obtained":[],"event_choices":[{"damage_healed":0,"gold_gain":0,"cards_transformed":["champ:Strike"],"player_choice":"Transformed","damage_taken":0,"max_hp_gain":0,"max_hp_loss":0,"event_name":"Transmorgrifier","floor":13,"gold_loss":0,"cards_obtained":["animator:ChaikaTrabant"]}],"is_beta":false,"boss_relics":[],"items_purged_floors":[],"is_endless":false,"potions_floor_spawned":[2,6,14],"killed_by":"Fading Forest","ascension_level":0}}