{"host":"prxrhpgaxnj4om9r","time":1613810675,"event":{"mods":["AchievementEnabler","BaseMod","Colored Map","DeckTracker","Minty Spire (QoL Compilation)"],"gold_per_floor":[114,74,74,90,109,127,155,155,155,174,174,206,206,206,206,310,310,325,325,345,345,50,76,76,92,118,118,118,147,147,147,147,245,295,305,26,26,26],"floor_reached":37,"language":"KOR","playtime":1560,"items_purged":[],"score":438,"play_id":"e1ce455d-f94f-4967-ae12-8bcfa58b005c","local_time":"20210220174435","is_ascension_mode":false,"campfire_choices":[{"data":"Zap","floor":11,"key":"SMITH"},{"floor":13,"key":"REST"},{"data":"Ball Lightning","floor":15,"key":"SMITH"},{"floor":24,"key":"REST"},{"floor":27,"key":"REST"},{"floor":28,"key":"REST"},{"floor":30,"key":"REST"},{"floor":32,"key":"RECALL"}],"circlet_count":0,"master_deck":["Strike_B","Strike_B","Strike_B+1","Strike_B","Defend_B","Defend_B","Zap+1","Dualcast","Sweeping Beam","Echo Form","Genetic Algorithm","Auto Shields","Stack","Ball Lightning+1","Beam Cell","Consume+1","Genetic Algorithm","Capacitor","Seek","Go for the Eyes","Zap+1","Conserve Battery","Hologram","Steam+1","Coolheaded","Darkness","BootSequence"],"relics":["Cracked Core","Kunai","Bag of Preparation","WingedGreaves","Philosopher\u0027s Stone","Calipers","Art of War","Boot","Shuriken","Singing Bowl","Tiny House","Molten Egg 2"],"acts_visited":["Exordium","TheCity","TheBeyond"],"potions_floor_usage":[4,7,12,12,18,20],"damage_taken":[{"damage":1,"enemies":"Cultist","floor":1,"turns":3},{"damage":0,"enemies":"Jaw Worm","floor":4,"turns":1},{"damage":0,"enemies":"Small Slimes","floor":5,"turns":3},{"damage":2,"enemies":"Blue Slaver","floor":6,"turns":3},{"damage":22,"enemies":"Lagavulin","floor":7,"turns":6},{"damage":3,"enemies":"Lots of Slimes","floor":10,"turns":3},{"damage":8,"enemies":"3 Sentries","floor":12,"turns":5},{"damage":16,"enemies":"Slime Boss","floor":16,"turns":6},{"damage":25,"enemies":"3 Byrds","floor":18,"turns":4},{"damage":11,"enemies":"Shell Parasite","floor":20,"turns":5},{"damage":28,"enemies":"Gremlin Leader","floor":23,"turns":6},{"damage":19,"enemies":"Shelled Parasite and Fungi","floor":25,"turns":5},{"damage":0,"enemies":"Book of Stabbing","floor":29,"turns":6},{"damage":25,"enemies":"Collector","floor":33,"turns":10},{"damage":62,"enemies":"3 Darklings","floor":35,"turns":6},{"damage":54,"enemies":"2 Orb Walkers","floor":37,"turns":3}],"seed_played":"8299938646813439557","potions_obtained":[{"floor":1,"key":"Fire Potion"},{"floor":6,"key":"SkillPotion"},{"floor":7,"key":"FocusPotion"},{"floor":10,"key":"Block Potion"},{"floor":16,"key":"Fire Potion"},{"floor":18,"key":"Swift Potion"},{"floor":29,"key":"Weak Potion"},{"floor":34,"key":"FairyPotion"}],"is_trial":false,"path_per_floor":["M","$","T","M","M","M","E","?","T","M","R","E","R","?","R","B",null,"M","?","M","?","$","E","R","M","T","R","R","E","R","?","R","B",null,"M","$","?"],"character_chosen":"DEFECT","items_purchased":["Auto Shields","Calipers","Molten Egg 2","BootSequence"],"campfire_rested":5,"item_purchase_floors":[2,22,36,36],"current_hp_per_floor":[67,67,67,67,67,65,43,43,43,40,40,32,52,52,52,36,68,43,43,32,32,32,4,24,5,5,25,45,45,65,65,65,42,75,15,15,0,0],"gold":26,"neow_bonus":"TRANSFORM_TWO_CARDS","is_daily":false,"chose_seed":false,"campfire_upgraded":2,"win_rate":0.0,"timestamp":1613810675,"path_taken":["M","$","?","M","M","M","E","?","T","M","R","E","R","?","R","BOSS","M","?","?","?","?","E","R","M","T","R","R","E","R","?","R","BOSS","M","$","?"],"items_purchased_type":["Card","Relic","Relic","Card"],"build_version":"2020-12-22","purchased_purges":0,"victory":false,"max_hp_per_floor":[68,68,68,68,68,68,68,68,68,68,68,68,68,68,68,68,68,68,68,68,68,68,68,68,68,68,68,68,68,68,68,68,70,75,77,77,77,77],"card_choices":[{"not_picked":["Steam","Coolheaded"],"picked":"Genetic Algorithm","floor":1},{"not_picked":["Static Discharge","Auto Shields"],"picked":"Stack","floor":4},{"not_picked":["Leap","Barrage"],"picked":"Ball Lightning","floor":5},{"not_picked":["Redo","Hello World"],"picked":"Beam Cell","floor":6},{"not_picked":["Cold Snap","Loop"],"picked":"Consume","floor":7},{"not_picked":["Cold Snap","Fission"],"picked":"Genetic Algorithm","floor":10},{"not_picked":["Loop","Defragment"],"picked":"Capacitor","floor":12},{"not_picked":["Multi-Cast","Meteor Strike"],"picked":"Seek","floor":16},{"not_picked":["Reinforced Body","Redo"],"picked":"Go for the Eyes","floor":18},{"not_picked":["Tempest","Blizzard"],"picked":"Conserve Battery","floor":20},{"not_picked":["Lockon+1","Gash+1"],"picked":"Hologram","floor":23},{"not_picked":["Capacitor","Redo"],"picked":"Steam+1","floor":25},{"not_picked":["Consume","Glacier"],"picked":"Coolheaded","floor":29},{"not_picked":["Hyperbeam","Echo Form","Machine Learning"],"picked":"Singing Bowl","floor":33},{"not_picked":["Cold Snap","Steam+1"],"picked":"Darkness","floor":34},{"not_picked":["Barrage+1","Lockon","Conserve Battery+1"],"picked":"Singing Bowl","floor":35}],"player_experience":552537,"relics_obtained":[{"floor":3,"key":"Kunai"},{"floor":7,"key":"Bag of Preparation"},{"floor":12,"key":"WingedGreaves"},{"floor":23,"key":"Art of War"},{"floor":26,"key":"Boot"},{"floor":29,"key":"Shuriken"}],"event_choices":[{"damage_healed":0,"gold_gain":0,"player_choice":"Ignored","damage_taken":0,"max_hp_gain":0,"max_hp_loss":0,"event_name":"Liars Game","floor":8,"gold_loss":0},{"damage_healed":0,"gold_gain":0,"player_choice":"Grow","damage_taken":0,"max_hp_gain":0,"max_hp_loss":0,"event_name":"Living Wall","floor":14,"gold_loss":0,"cards_upgraded":["Consume"]},{"damage_healed":0,"gold_gain":0,"player_choice":"Copied","damage_taken":0,"max_hp_gain":0,"max_hp_loss":0,"event_name":"Duplicator","floor":19,"gold_loss":0,"cards_obtained":["Zap"]},{"damage_healed":0,"gold_gain":0,"player_choice":"Ignored","damage_taken":0,"max_hp_gain":0,"max_hp_loss":0,"event_name":"Beggar","floor":21,"gold_loss":0},{"damage_healed":0,"gold_gain":0,"player_choice":"Gave Potion","damage_taken":0,"relics_obtained":["Singing Bowl"],"max_hp_gain":0,"max_hp_loss":0,"event_name":"WeMeetAgain","floor":31,"gold_loss":0},{"damage_healed":0,"gold_gain":0,"player_choice":"Fight","damage_taken":0,"max_hp_gain":0,"max_hp_loss":0,"event_name":"Mysterious Sphere","floor":37,"gold_loss":0}],"is_beta":false,"boss_relics":[{"not_picked":["Black Star","Ectoplasm"],"picked":"Philosopher\u0027s Stone"},{"not_picked":["Busted Crown","Nuclear Battery"],"picked":"Tiny House"}],"items_purged_floors":[],"is_endless":false,"potions_floor_spawned":[1,6,7,10,16,18,29],"killed_by":"2 Orb Walkers","ascension_level":0}}