{"host":"2qyxu97h6u4ukicb","time":1613829203,"event":{"mods":["AchievementEnabler","BaseMod","BetterRewards","Colored Map","Colored Powertips","Minty Spire (QoL Compilation)","Replay The Spire","Shop Mod","StSLib"],"gold_per_floor":[117,117,131,306,326,326,326,326,326,357,370,388,388,428,428,428,428],"floor_reached":16,"language":"ENG","playtime":643,"items_purged":[],"score":100,"play_id":"54b0cd02-453f-4d67-ae2d-5c47f4a7d739","local_time":"20210220075323","is_ascension_mode":false,"campfire_choices":[{"data":"ReplayTheSpireMod:Limb From Limb","floor":6,"key":"SMITH"},{"data":"Bash","floor":8,"key":"SMITH"},{"data":"Limit Break","floor":13,"key":"SMITH"},{"floor":15,"key":"REST"}],"circlet_count":0,"master_deck":["Strike_R","Strike_R","Strike_R","Strike_R","Strike_R","Defend_R","Defend_R","Defend_R","Defend_R","Bash+1","Iron Wave","Doubt","ReplayTheSpireMod:Limb From Limb+1","Metallicize","Limit Break+1","Heavy Blade"],"relics":["Burning Blood","NeowsBlessing","Lantern","Replay:Wax Seal","Letter Opener"],"acts_visited":["Exordium"],"potions_floor_usage":[10,10,16,16],"damage_taken":[{"damage":0,"enemies":"2 Louse","floor":1,"turns":1},{"damage":0,"enemies":"Small Slimes","floor":3,"turns":1},{"damage":0,"enemies":"Jaw Worm","floor":5,"turns":1},{"damage":36,"enemies":"Lagavulin","floor":10,"turns":6},{"damage":15,"enemies":"Exordium Thugs","floor":11,"turns":3},{"damage":11,"enemies":"Exordium Wildlife","floor":12,"turns":4},{"damage":82,"enemies":"Fading Forest","floor":16,"turns":9}],"seed_played":"8480861673679352037","potions_obtained":[{"floor":3,"key":"AttackPotion"},{"floor":5,"key":"Block Potion"},{"floor":14,"key":"BlessingOfTheForge"},{"floor":14,"key":"Doom Potion"},{"floor":14,"key":"SmokeBomb"}],"is_trial":false,"path_per_floor":["M","?","M","?","M","R","T","R","T","E","M","M","R","?","R","B"],"character_chosen":"IRONCLAD","items_purchased":[],"campfire_rested":1,"item_purchase_floors":[],"current_hp_per_floor":[80,68,74,74,80,80,80,80,80,50,41,36,36,36,60,0,0],"gold":428,"neow_bonus":"THREE_ENEMY_KILL","is_daily":false,"chose_seed":false,"campfire_upgraded":3,"win_rate":0.0,"timestamp":1613829203,"path_taken":["M","?","M","?","M","R","?","R","T","E","?","M","R","?","R","BOSS"],"items_purchased_type":[],"build_version":"2020-12-22","purchased_purges":0,"victory":false,"max_hp_per_floor":[80,80,80,80,80,80,80,80,80,80,80,80,80,80,80,80,80],"card_choices":[{"not_picked":["Anger","Seeing Red","Headbutt"],"picked":"SKIP","floor":1},{"not_picked":["Combust","Wild Strike"],"picked":"Iron Wave","floor":3},{"not_picked":["Perfected Strike","Cleave"],"picked":"ReplayTheSpireMod:Limb From Limb","floor":5},{"not_picked":["Ghostly Armor","ReplayTheSpireMod:Strike From Hell"],"picked":"Metallicize","floor":10},{"not_picked":["ReplayTheSpireMod:Stacked","Run Through"],"picked":"Limit Break","floor":11},{"not_picked":["Havoc","Anger"],"picked":"Heavy Blade","floor":12}],"player_experience":846966,"relics_obtained":[{"floor":9,"key":"Replay:Wax Seal"},{"floor":10,"key":"Letter Opener"}],"event_choices":[{"damage_healed":0,"gold_gain":0,"player_choice":"Success","damage_taken":12,"relics_obtained":["Lantern"],"max_hp_gain":0,"max_hp_loss":0,"event_name":"Scrap Ooze","floor":2,"gold_loss":0},{"damage_healed":0,"gold_gain":175,"player_choice":"AGREE","damage_taken":0,"max_hp_gain":0,"max_hp_loss":0,"event_name":"Liars Game","floor":4,"gold_loss":0,"cards_obtained":["Doubt"]}],"is_beta":false,"boss_relics":[],"items_purged_floors":[],"is_endless":false,"potions_floor_spawned":[3,5],"killed_by":"Fading Forest","ascension_level":0}}