{"host":"u7lm8z2rvb4dg2oo","time":1613796304,"event":{"mods":["AchievementEnabler","BaseMod","Bestiary","Block Reminder","Colored Map","Colored Powertips","Curses Come First","DeckTracker","Googly Eyes","Highlight Path","Minty Spire (QoL Compilation)","Quick Restart","StSLib"],"gold_per_floor":[115,115,71,71,87,87,113,113,113,140,140,160,195,195,195,272,272,283,0,18,18,18,18,35,49,49,49,49],"floor_reached":27,"language":"ENG","playtime":1238,"items_purged":[],"score":470,"play_id":"73648067-f3ae-454c-b809-256e092f988f","local_time":"20210219234504","is_ascension_mode":true,"campfire_choices":[{"data":"Accuracy","floor":6.0,"key":"SMITH"},{"data":"Terror","floor":8.0,"key":"SMITH"},{"floor":15.0,"key":"REST"},{"data":"After Image","floor":23.0,"key":"SMITH"}],"circlet_count":0,"master_deck":["AscendersBane","Strike_G","Strike_G","Strike_G","Strike_G","Strike_G","Defend_G","Defend_G","Defend_G","Defend_G","Defend_G","Survivor","Neutralize","Accuracy+1","Infinite Blades","Terror+1","Footwork+1","PiercingWail","Burst","After Image+1","Footwork","Cloak And Dagger"],"relics":["Ring of the Snake","NeowsBlessing","Lizard Tail","Mercury Hourglass","Strawberry","Regal Pillow","Art of War","SlaversCollar","White Beast Statue","Snake Skull"],"acts_visited":["Exordium","TheCity"],"potions_floor_usage":[24,24,27],"damage_taken":[{"damage":0.0,"enemies":"2 Louse","floor":1.0,"turns":1.0},{"damage":0.0,"enemies":"Jaw Worm","floor":5.0,"turns":1.0},{"damage":0.0,"enemies":"Lagavulin","floor":7.0,"turns":2.0},{"damage":28.0,"enemies":"Gremlin Nob","floor":10.0,"turns":4.0},{"damage":1.0,"enemies":"Small Slimes","floor":12.0,"turns":3.0},{"damage":7.0,"enemies":"3 Sentries","floor":13.0,"turns":7.0},{"damage":47.0,"enemies":"Slime Boss","floor":16.0,"turns":12.0},{"damage":30.0,"enemies":"3 Byrds","floor":18.0,"turns":7.0},{"damage":17.0,"enemies":"Spheric Guardian","floor":20.0,"turns":6.0},{"damage":40,"enemies":"Chosen and Byrds","floor":24,"turns":11},{"damage":32,"enemies":"Snecko","floor":25,"turns":6},{"damage":3,"enemies":"Gremlin Leader","floor":27,"turns":4}],"seed_played":"6193478661327313248","potions_obtained":[{"floor":7.0,"key":"Energy Potion"},{"floor":10.0,"key":"FearPotion"},{"floor":12.0,"key":"Block Potion"},{"floor":20.0,"key":"Weak Potion"},{"floor":24,"key":"Fruit Juice"},{"floor":25,"key":"Poison Potion"}],"is_trial":false,"path_per_floor":["M","?","$","$","M","R","E","R","T","E","?","M","E","?","R","B",null,"M","?","M","T","?","R","M","M","T","E"],"character_chosen":"THE_SILENT","items_purchased":["Accuracy"],"campfire_rested":1,"item_purchase_floors":[3],"current_hp_per_floor":[59,64,64,64,64,64,64,64,64,43,43,42,35,24,62,15,62,32,32,15,15,31,31,35,3,3,0,0],"gold":49,"neow_bonus":"THREE_ENEMY_KILL","is_daily":false,"chose_seed":false,"campfire_upgraded":3,"win_rate":0.0,"timestamp":1613796304,"path_taken":["M","?","?","$","M","R","E","R","T","E","?","M","E","?","R","BOSS","M","?","M","?","?","R","M","M","T","E"],"items_purchased_type":["Card"],"build_version":"2020-12-22","purchased_purges":0,"victory":false,"max_hp_per_floor":[66,71,71,71,71,71,71,71,71,78,78,78,78,78,78,78,78,78,78,78,78,78,78,83,83,83,83,83],"card_choices":[{"not_picked":["Dagger Spray","Acrobatics","Underhanded Strike"],"picked":"SKIP","floor":1.0},{"not_picked":["Underhanded Strike","Deadly Poison"],"picked":"Infinite Blades","floor":5.0},{"not_picked":["Accuracy","Finisher"],"picked":"Terror","floor":7.0},{"not_picked":["Distraction","Finisher"],"picked":"Footwork","floor":10.0},{"not_picked":["Slice","Quick Slash"],"picked":"PiercingWail","floor":12.0},{"not_picked":["Setup","Flying Knee"],"picked":"Burst","floor":13.0},{"not_picked":["Die Die Die","Tools of the Trade"],"picked":"After Image","floor":16.0},{"not_picked":["Deadly Poison","Setup","Flying Knee"],"picked":"SKIP","floor":18.0},{"not_picked":["Sucker Punch+1","Poisoned Stab+1"],"picked":"Footwork","floor":20.0},{"not_picked":["Underhanded Strike","Infinite Blades"],"picked":"Cloak And Dagger","floor":24},{"not_picked":["Prepared","Infinite Blades","Flechettes"],"picked":"SKIP","floor":25}],"player_experience":759828,"relics_obtained":[{"floor":7.0,"key":"Lizard Tail"},{"floor":9.0,"key":"Mercury Hourglass"},{"floor":10.0,"key":"Strawberry"},{"floor":13.0,"key":"Regal Pillow"},{"floor":21.0,"key":"White Beast Statue"},{"floor":26,"key":"Snake Skull"}],"event_choices":[{"damage_healed":0.0,"max_hp_gain":5.0,"max_hp_loss":0.0,"gold_gain":0.0,"event_name":"Big Fish","player_choice":"Donut","floor":2.0,"gold_loss":0.0,"damage_taken":0.0},{"damage_healed":0.0,"max_hp_gain":0.0,"max_hp_loss":0.0,"gold_gain":0.0,"event_name":"Living Wall","player_choice":"Grow","floor":11.0,"gold_loss":0.0,"damage_taken":0.0,"cards_upgraded":["Footwork"]},{"damage_healed":0.0,"max_hp_gain":0.0,"max_hp_loss":0.0,"gold_gain":0.0,"event_name":"Scrap Ooze","player_choice":"Success","floor":14.0,"gold_loss":0.0,"damage_taken":11.0,"relics_obtained":["Art of War"]},{"damage_healed":0.0,"max_hp_gain":0.0,"max_hp_loss":0.0,"gold_gain":0.0,"event_name":"Masked Bandits","player_choice":"Paid Fearfully","floor":19.0,"gold_loss":283.0,"damage_taken":0.0},{"damage_healed":16.0,"max_hp_gain":0.0,"max_hp_loss":0.0,"gold_gain":0.0,"event_name":"The Library","player_choice":"Heal","floor":22.0,"gold_loss":0.0,"damage_taken":0.0}],"is_beta":false,"boss_relics":[{"not_picked":["Fusion Hammer","Sozu"],"picked":"SlaversCollar"}],"items_purged_floors":[],"is_endless":false,"potions_floor_spawned":[7,10,12,20,24,25],"killed_by":"Gremlin Leader","ascension_level":17}}