{"host":"ir6vojma30jz6tvk","time":1613810162,"event":{"mods":["AchievementEnabler","BaseMod","Colored Map","Minty Spire (QoL Compilation)","StSLib","SuperFastMode"],"gold_per_floor":[110,128,50,64,83,109,122,136,185,216,216,68,82,107,107,107,107],"floor_reached":16,"language":"KOR","playtime":523,"items_purged":[],"score":216,"play_id":"c00b2ce7-97be-4f3c-9411-6c86f5ed9299","local_time":"20210220173602","is_ascension_mode":true,"campfire_choices":[{"data":"Evolve","floor":11,"key":"SMITH"},{"data":"Armaments","floor":15,"key":"SMITH"}],"circlet_count":0,"master_deck":["Strike_R","Strike_R","Strike_R","Strike_R","Strike_R","Defend_R","Defend_R","Defend_R","Defend_R","Bash","Immolate","Second Wind","Shrug It Off","Evolve+1","Cleave","Immolate","Sentinel","Power Through","Armaments+1"],"relics":["Burning Blood","Toy Ornithopter","Bronze Scales","Mummified Hand","Membership Card","Molten Egg 2"],"acts_visited":["Exordium"],"potions_floor_usage":[8,10,14,16,16],"damage_taken":[{"damage":0,"enemies":"Cultist","floor":1,"turns":3},{"damage":12,"enemies":"Small Slimes","floor":2,"turns":4},{"damage":2,"enemies":"Jaw Worm","floor":4,"turns":3},{"damage":8,"enemies":"Blue Slaver","floor":5,"turns":3},{"damage":17,"enemies":"3 Sentries","floor":6,"turns":5},{"damage":1,"enemies":"Exordium Thugs","floor":7,"turns":3},{"damage":0,"enemies":"Gremlin Gang","floor":8,"turns":1},{"damage":0,"enemies":"Gremlin Nob","floor":10,"turns":3},{"damage":16,"enemies":"Blue Slaver","floor":13,"turns":3},{"damage":33,"enemies":"Lagavulin","floor":14,"turns":6},{"damage":68,"enemies":"Hexaghost","floor":16,"turns":11}],"seed_played":"3158115193811895995","potions_obtained":[{"floor":1,"key":"Swift Potion"},{"floor":2,"key":"Explosive Potion"},{"floor":6,"key":"Energy Potion"},{"floor":8,"key":"Ancient Potion"},{"floor":14,"key":"BloodPotion"}],"is_trial":false,"path_per_floor":["M","M","$","M","M","E","M","M","T","E","R","$","M","E","R","B"],"character_chosen":"IRONCLAD","items_purchased":["Evolve","Membership Card"],"campfire_rested":0,"item_purchase_floors":[3,12],"current_hp_per_floor":[72,66,66,70,68,57,62,72,72,72,72,72,62,40,40,0,0],"gold":107,"neow_bonus":"THREE_RARE_CARDS","is_daily":false,"chose_seed":false,"campfire_upgraded":2,"win_rate":0.0,"timestamp":1613810162,"path_taken":["M","M","$","M","M","E","M","M","T","E","R","$","M","E","R","BOSS"],"items_purchased_type":["Card","Relic"],"build_version":"2020-12-22","purchased_purges":0,"victory":false,"max_hp_per_floor":[72,72,72,72,72,72,72,72,72,72,72,72,72,72,72,72,72],"card_choices":[{"not_picked":["Juggernaut","Limit Break"],"picked":"Immolate","floor":0},{"not_picked":["Entrench","Ghostly Armor"],"picked":"Second Wind","floor":1},{"not_picked":["True Grit","Uppercut"],"picked":"Shrug It Off","floor":2},{"not_picked":["Flex","Warcry","Combust"],"picked":"SKIP","floor":4},{"not_picked":["True Grit","Armaments"],"picked":"Cleave","floor":5},{"not_picked":["Inflame","Twin Strike"],"picked":"Immolate","floor":6},{"not_picked":["Dropkick","Anger","Pummel"],"picked":"SKIP","floor":7},{"not_picked":["Perfected Strike","Thunderclap"],"picked":"Sentinel","floor":8},{"not_picked":["Sentinel","Battle Trance"],"picked":"Power Through","floor":10},{"not_picked":["Warcry","Cleave","Flex"],"picked":"SKIP","floor":13},{"not_picked":["Havoc","Inflame"],"picked":"Armaments","floor":14}],"player_experience":673077,"relics_obtained":[{"floor":6,"key":"Toy Ornithopter"},{"floor":9,"key":"Bronze Scales"},{"floor":10,"key":"Mummified Hand"},{"floor":14,"key":"Molten Egg 2"}],"event_choices":[],"is_beta":false,"boss_relics":[],"items_purged_floors":[],"is_endless":false,"potions_floor_spawned":[1,2,6,8,14],"killed_by":"Hexaghost","ascension_level":9}}