{"host":"iyj530209nkhhjuz","time":1613835278,"event":{"mods":["AchievementEnabler","BaseMod","Better Match","Better Note","Better Third Choice","BetterRewards","Colored Map","Colored Powertips","Dark Map","Fox Events","Highlight Path","Minty Spire (QoL Compilation)","Permanent Neow","Random Character Button","Rare Cards Sparkle","Relic Stats","StSLib","Waifu the Spire"],"gold_per_floor":[118,118,118,118,118,147,167,192,264,299,299,78,78,98,98,203,203,218,69,69,69,23,58,58,68,68,112,134,159,196,228,240,353,365,390,422,120,136,0,0,28,28,28,41,72,72,90,90,90,90,90,90,8,40,40],"floor_reached":56,"language":"ENG","playtime":4403,"items_purged":["Defend_G","Strike_G"],"score":2138,"play_id":"c494e9a9-1a36-4689-b157-534a082989d9","local_time":"20210220163438","is_ascension_mode":true,"campfire_choices":[{"floor":11,"key":"REST"},{"data":"Blade Dance","floor":13,"key":"SMITH"},{"data":"Wraith Form v2","floor":15,"key":"SMITH"},{"data":"Panache","floor":24,"key":"SMITH"},{"floor":32,"key":"REST"},{"data":"Wraith Form v2","floor":40,"key":"SMITH"},{"data":"Blade Dance","floor":42,"key":"SMITH"},{"floor":49,"key":"RECALL"},{"data":"Sadistic Nature","floor":52,"key":"SMITH"}],"circlet_count":0,"master_deck":["Strike_G","Strike_G+1","Survivor","Neutralize+1","Backflip","Crippling Poison+1","Wraith Form v2+1","Prepared","Panache+1","Blade Dance+1","Infinite Blades","Corpse Explosion","Poisoned Stab","Blade Dance+1","Seek+1","Blade Dance","Poisoned Stab","Cloak And Dagger+1","Wraith Form v2+1","Prepared+1","After Image","Wraith Form v2+1","Finisher+1","Leg Sweep+1","Poisoned Stab+1","Escape Plan+1","Panache","Master of Strategy","Sadistic Nature+1","Prepared+1","Prepared"],"relics":["Ring of the Snake","Matryoshka","TungstenRod","Orichalcum","StrikeDummy","Regal Pillow","Paper Crane","PreservedInsect","Empty Cage","Whetstone","MawBank","The Courier","Akabeko","Blood Vial","Astrolabe","TwistedFunnel","HornCleat","Red Mask","StoneCalendar","Snake Skull","Vajra"],"acts_visited":["Exordium","TheCity","TheBeyond","TheEnding"],"potions_floor_usage":[8,50,50,55],"damage_taken":[{"damage":0.0,"enemies":"Small Slimes","floor":1.0,"turns":5.0},{"damage":8.0,"enemies":"3 Sentries","floor":6.0,"turns":9.0},{"damage":0.0,"enemies":"Cultist","floor":7.0,"turns":4.0},{"damage":4,"enemies":"Gremlin Nob","floor":8,"turns":5},{"damage":8,"enemies":"3 Sentries","floor":10,"turns":10},{"damage":0,"enemies":"2 Louse","floor":14,"turns":2},{"damage":22,"enemies":"The Guardian","floor":16,"turns":11},{"damage":0,"enemies":"Chosen","floor":18,"turns":4},{"damage":13,"enemies":"Book of Stabbing","floor":23,"turns":5},{"damage":0,"enemies":"Spheric Guardian","floor":25,"turns":1},{"damage":0,"enemies":"Slavers","floor":27,"turns":1},{"damage":5,"enemies":"Cultist and Chosen","floor":28,"turns":3},{"damage":2,"enemies":"Centurion and Healer","floor":29,"turns":3},{"damage":5,"enemies":"Book of Stabbing","floor":30,"turns":3},{"damage":8,"enemies":"Chosen and Byrds","floor":31,"turns":5},{"damage":51,"enemies":"Champ","floor":33,"turns":11},{"damage":0,"enemies":"3 Darklings","floor":35,"turns":3},{"damage":9,"enemies":"Orb Walker","floor":36,"turns":4},{"damage":10,"enemies":"4 Shapes","floor":38,"turns":5},{"damage":6,"enemies":"Reptomancer","floor":41,"turns":4},{"damage":19,"enemies":"Spire Growth","floor":44,"turns":5},{"damage":0,"enemies":"Giant Head","floor":45,"turns":6},{"damage":0,"enemies":"3 Darklings","floor":47,"turns":3},{"damage":0,"enemies":"Donu and Deca","floor":50,"turns":6},{"damage":10,"enemies":"Shield and Spear","floor":54,"turns":4},{"damage":27,"enemies":"The Heart","floor":55,"turns":7}],"seed_played":"5496148795636538500","potions_obtained":[{"floor":1.0,"key":"Regen Potion"},{"floor":7.0,"key":"DuplicationPotion"},{"floor":10,"key":"PowerPotion"},{"floor":16,"key":"EntropicBrew"},{"floor":28,"key":"Regen Potion"},{"floor":54,"key":"BlessingOfTheForge"}],"is_trial":false,"path_per_floor":["M","$","?","$","?","E","M","E","T","E","R","$","R","M","R","B",null,"M","$","?","$","$","E","R","M","T","E","M","M","E","M","R","B",null,"M","M","$","M","?","R","E","R","T","M","E","?","M","$","R","B",null,"R","$","E","B",null],"character_chosen":"THE_SILENT","items_purchased":["Backflip","Matryoshka","TungstenRod","ColorlessPotion","Panache","Blade Dance","Blade Dance","Blade Dance","TwistedFunnel","HornCleat","GhostInAJar"],"campfire_rested":2,"item_purchase_floors":[0,0,0,0,12,12,19,22,37,37,53],"current_hp_per_floor":[49,49,49,49,49,41,41,37,37,29,65,65,65,65,65,43,63,63,63,63,63,63,50,50,50,50,50,45,43,38,32,68,19,57,59,52,52,44,44,44,40,40,40,23,25,16,18,18,18,60,68,68,68,60,35],"gold":40,"neow_bonus":"","is_daily":false,"chose_seed":false,"campfire_upgraded":6,"win_rate":0.0,"timestamp":1613835278,"path_taken":["M","$","?","?","?","E","M","E","T","E","R","$","R","M","R","BOSS","M","$","?","?","$","E","R","?","T","E","M","M","E","M","R","BOSS","M","M","$","M","?","R","E","R","T","M","E","?","M","?","R","BOSS","R","$","E","BOSS"],"items_purchased_type":["Card","Relic","Relic","Potion","Card","Card","Card","Card","Relic","Relic","Potion"],"build_version":"2020-12-22","purchased_purges":2,"victory":true,"max_hp_per_floor":[70,70,70,70,70,70,70,70,70,70,70,70,70,70,70,70,70,70,70,70,70,70,70,70,70,70,70,70,70,70,70,70,70,70,70,70,70,70,70,70,70,70,70,70,70,70,70,70,70,70,70,70,70,70,70],"relic_stats":{"Regal Pillow":60,"counters":[134,649],"Astrolabe":["Wraith Form v2","Finisher","Leg Sweep"],"StoneCalendar":[52],"PreservedInsect":396,"Snake Skull":[47],"Whetstone":["Neutralize","Strike_G"],"Orichalcum":[348],"MawBank":132,"Blood Vial":24,"obtain_stats":[{"TwistedFunnel":37,"Gremlin Horn":11,"CeramicFish":9,"Vajra":0,"HoveringKite":17,"Whetstone":30,"Bottled Tornado":42,"Boot":31,"Blood Vial":30,"HornCleat":23,"Strawberry":25,"MealTicket":13,"Toxic Egg 2":27,"Girya":43,"Pear":43,"Happy Flower":40,"Blue Candle":20,"Astrolabe":34,"Oddly Smooth Stone":29,"Tingsha":45,"Eternal Feather":17,"Pen Nib":46,"Letter Opener":13,"War Paint":45,"Paper Crane":9,"Akabeko":27,"WarpedTongs":4,"SlaversCollar":17,"Bottled Flame":8,"Bronze Scales":11,"MutagenicStrength":24,"Bird Faced Urn":31,"foxEvents:LuckyCharm":10,"Black Star":34,"StrikeDummy":8,"Pocketwatch":25,"Meat on the Bone":48,"Lantern":43,"Regal Pillow":25,"Singing Bowl":9,"Torii":44,"StoneCalendar":44,"Snake Skull":45,"Bag of Preparation":23,"Incense Burner":45,"Empty Cage":17,"Nunchaku":7,"Tough Bandages":34,"Dream Catcher":42,"Matryoshka":0,"Pantograph":34,"Tiny Chest":17,"Red Mask":39,"InkBottle":54,"Ring of the Snake":0,"Runic Pyramid":17,"Potion Belt":27,"The Specimen":38,"Golden Idol":5,"PreservedInsect":9,"The Courier":9,"Omamori":14,"Orichalcum":26,"Frozen Egg 2":23,"MawBank":26,"White Beast Statue":36,"Mercury Hourglass":14,"Calling Bell":34,"Anchor":7,"Busted Crown":34,"Ornamental Fan":10,"Turnip":42,"Art of War":37,"Bottled Lightning":6,"Toy Ornithopter":54,"TungstenRod":0},{"TwistedFunnel":126,"Gremlin Horn":86,"CeramicFish":59,"Vajra":24,"HoveringKite":62,"Whetstone":14,"Bottled Tornado":20,"Boot":41,"Blood Vial":122,"HornCleat":66,"Strawberry":94,"MealTicket":30,"Toxic Egg 2":68,"Girya":48,"Pear":74,"Happy Flower":19,"Blue Candle":33,"Astrolabe":71,"Oddly Smooth Stone":69,"Tingsha":76,"Eternal Feather":89,"Pen Nib":51,"Letter Opener":87,"War Paint":105,"Paper Crane":112,"Akabeko":119,"WarpedTongs":57,"SlaversCollar":32,"Bottled Flame":84,"Bronze Scales":5,"MutagenicStrength":11,"Bird Faced Urn":97,"foxEvents:LuckyCharm":85,"Black Star":98,"StrikeDummy":112,"Pocketwatch":12,"Meat on the Bone":21,"Lantern":20,"Regal Pillow":37,"Singing Bowl":26,"Torii":49,"StoneCalendar":75,"Snake Skull":130,"Bag of Preparation":11,"Incense Burner":20,"Empty Cage":115,"Nunchaku":26,"Tough Bandages":42,"Dream Catcher":48,"Matryoshka":55,"Pantograph":42,"Tiny Chest":89,"Red Mask":127,"InkBottle":54,"Ring of the Snake":0,"Runic Pyramid":8,"Potion Belt":38,"The Specimen":45,"Golden Idol":3,"PreservedInsect":4,"The Courier":59,"Omamori":61,"Orichalcum":67,"Frozen Egg 2":93,"MawBank":118,"White Beast Statue":99,"Mercury Hourglass":7,"Calling Bell":42,"Anchor":59,"Busted Crown":15,"Ornamental Fan":27,"Turnip":104,"Art of War":44,"Bottled Lightning":83,"Toy Ornithopter":23,"TungstenRod":108},{"TwistedFunnel":609,"Gremlin Horn":404,"CeramicFish":282,"Vajra":104,"HoveringKite":302,"Whetstone":47,"Bottled Tornado":79,"Boot":194,"Blood Vial":586,"HornCleat":314,"Strawberry":447,"MealTicket":138,"Toxic Egg 2":320,"Girya":233,"Pear":341,"Happy Flower":73,"Blue Candle":154,"Astrolabe":331,"Oddly Smooth Stone":323,"Tingsha":348,"Eternal Feather":420,"Pen Nib":246,"Letter Opener":408,"War Paint":505,"Paper Crane":543,"Akabeko":577,"WarpedTongs":273,"SlaversCollar":149,"Bottled Flame":395,"Bronze Scales":16,"MutagenicStrength":39,"Bird Faced Urn":461,"foxEvents:LuckyCharm":400,"Black Star":467,"StrikeDummy":543,"Pocketwatch":43,"Meat on the Bone":84,"Lantern":79,"Regal Pillow":176,"Singing Bowl":119,"Torii":237,"StoneCalendar":344,"Snake Skull":629,"Bag of Preparation":39,"Incense Burner":79,"Empty Cage":566,"Nunchaku":119,"Tough Bandages":201,"Dream Catcher":233,"Matryoshka":268,"Pantograph":201,"Tiny Chest":420,"Red Mask":614,"InkBottle":260,"Ring of the Snake":0,"Runic Pyramid":31,"Potion Belt":181,"The Specimen":216,"Golden Idol":9,"PreservedInsect":12,"The Courier":282,"Omamori":293,"Orichalcum":317,"Frozen Egg 2":443,"MawBank":576,"White Beast Statue":471,"Mercury Hourglass":23,"Calling Bell":201,"Anchor":282,"Busted Crown":57,"Ornamental Fan":126,"Turnip":498,"Art of War":210,"Bottled Lightning":388,"Toy Ornithopter":99,"TungstenRod":520}],"TungstenRod":106,"Ring of the Snake":[268]},"card_choices":[{"not_picked":["Backflip","Setup"],"picked":"Crippling Poison","floor":1.0},{"not_picked":["Deflect","Cloak And Dagger"],"picked":"Wraith Form v2","floor":6.0},{"not_picked":["Bouncing Flask","Dagger Spray","Dodge and Roll"],"picked":"SKIP","floor":7.0},{"not_picked":["Cloak And Dagger","Blur"],"picked":"Prepared","floor":8},{"not_picked":["Expertise","Bane","Quick Slash"],"picked":"SKIP","floor":10},{"not_picked":["Deflect","Quick Slash"],"picked":"Infinite Blades","floor":14},{"not_picked":["A Thousand Cuts","Glass Knife"],"picked":"Corpse Explosion","floor":16},{"not_picked":["Dodge and Roll","Deadly Poison+1"],"picked":"Poisoned Stab","floor":18},{"not_picked":["Slice","Leg Sweep"],"picked":"Poisoned Stab","floor":23},{"not_picked":["Crippling Poison","PiercingWail"],"picked":"Cloak And Dagger+1","floor":25},{"not_picked":["Bouncing Flask","Dagger Throw","Riddle With Holes"],"picked":"SKIP","floor":27},{"not_picked":["Quick Slash","Eviscerate+1","Dagger Throw"],"picked":"SKIP","floor":28},{"not_picked":["Masterful Stab+1","Tools of the Trade","Sucker Punch"],"picked":"SKIP","floor":29},{"not_picked":["Dodge and Roll","Eviscerate+1"],"picked":"Wraith Form v2","floor":30},{"not_picked":["Dodge and Roll","Dagger Spray"],"picked":"Prepared+1","floor":31},{"not_picked":["Tools of the Trade","Grand Finale"],"picked":"After Image","floor":33},{"not_picked":["Dodge and Roll+1","Acrobatics","Leg Sweep"],"picked":"SKIP","floor":35},{"not_picked":["Backflip","Expertise+1","Outmaneuver+1"],"picked":"SKIP","floor":36},{"not_picked":["All Out Attack","Heel Hook"],"picked":"Poisoned Stab+1","floor":38},{"not_picked":["Grand Finale","Well Laid Plans+1"],"picked":"Escape Plan+1","floor":41},{"not_picked":["Distraction+1","PiercingWail","Deadly Poison+1"],"picked":"SKIP","floor":44},{"not_picked":["Flying Knee+1","Slice+1","Deflect+1"],"picked":"SKIP","floor":45},{"not_picked":["Thinking Ahead","Impatience"],"picked":"Panache","floor":46},{"not_picked":["Deep Breath","Secret Technique"],"picked":"Master of Strategy","floor":46},{"not_picked":["Mind Blast","Madness"],"picked":"Sadistic Nature","floor":46},{"not_picked":["Quick Slash","Well Laid Plans+1"],"picked":"Prepared+1","floor":47},{"not_picked":["Heel Hook","Concentrate"],"picked":"Prepared","floor":54}],"player_experience":521449,"relics_obtained":[{"floor":6.0,"key":"Orichalcum"},{"floor":8,"key":"StrikeDummy"},{"floor":9,"key":"Regal Pillow"},{"floor":9,"key":"Paper Crane"},{"floor":10,"key":"PreservedInsect"},{"floor":23,"key":"Whetstone"},{"floor":26,"key":"MawBank"},{"floor":26,"key":"The Courier"},{"floor":27,"key":"Akabeko"},{"floor":30,"key":"Blood Vial"},{"floor":41,"key":"StoneCalendar"},{"floor":45,"key":"Snake Skull"},{"floor":54,"key":"Vajra"}],"event_choices":[{"damage_healed":0.0,"max_hp_gain":0.0,"max_hp_loss":0.0,"gold_gain":0.0,"event_name":"Accursed Blacksmith","player_choice":"Forge","floor":3.0,"gold_loss":0.0,"damage_taken":0.0,"cards_upgraded":["Crippling Poison"]},{"cards_removed":["Defend_G"],"damage_healed":0.0,"max_hp_gain":0.0,"max_hp_loss":0.0,"gold_gain":0.0,"event_name":"Living Wall","player_choice":"Forget","floor":5.0,"gold_loss":0.0,"damage_taken":0.0},{"cards_removed":["Seek"],"damage_healed":0,"gold_gain":0,"player_choice":"Take \u0026 Give","damage_taken":0,"max_hp_gain":0,"max_hp_loss":0,"event_name":"betterNote:BetterNote","floor":20,"gold_loss":0,"cards_obtained":["Seek"]},{"damage_healed":0,"gold_gain":0,"player_choice":"Paid","damage_taken":0,"relics_obtained":["Red Mask"],"max_hp_gain":0,"max_hp_loss":0,"event_name":"Tomb of Lord Red Mask","floor":39,"gold_loss":136},{"damage_healed":0,"gold_gain":0,"player_choice":"Memory 3","damage_taken":10,"max_hp_gain":0,"max_hp_loss":0,"event_name":"SensoryStone","floor":46,"gold_loss":0}],"is_beta":false,"boss_relics":[{"not_picked":["HoveringKite","SacredBark"],"picked":"Empty Cage"},{"not_picked":["Runic Dome","SlaversCollar"],"picked":"Astrolabe"}],"items_purged_floors":[0,19],"is_endless":false,"potions_floor_spawned":[1,7,10,16,27,28,30,31,33,36,38,44,54],"ascension_level":8}}