{"host":"i0avyit1s6jb1siw","time":1613822868,"event":{"mods":["BaseMod","DeckTracker","Dota2Spire","Minty Spire (QoL Compilation)","Quick Restart","StSLib","SuperFastMode"],"gold_per_floor":[114,39,56,56,131,131,165,165,197,265,290,307,38,65,85,100,100,171,171,190,90,140,151,151,151,185,205,205,205,220,254,274,274,284,284,358,358,378,378,378,392,410,440,440,488,488,513,188,213,228,239,239,239,239,239],"floor_reached":54,"language":"ENG","playtime":1425,"items_purged":["Strike_R","Bludgeon+1"],"score":1974,"play_id":"4c7ac27f-6057-45f9-a991-5191cf28ff18","local_time":"20210220130748","is_ascension_mode":true,"campfire_choices":[{"data":"Bash","floor":6.0,"key":"SMITH"},{"data":"Dark Embrace","floor":17.0,"key":"SMITH"},{"data":"Barricade","floor":25.0,"key":"SMITH"},{"floor":35,"key":"REST"},{"floor":44,"key":"RECALL"},{"floor":52,"key":"REST"}],"circlet_count":0,"master_deck":["AscendersBane","Defend_R","Defend_R","Defend_R","Defend_R","Shrug It Off","Reckless Charge","Flame Barrier+1","Apotheosis+1","Dark Embrace+1","Feed","Armaments+1","Reckless Charge","Barricade+1","True Grit+1","Fire Breathing","Body Slam","Flame Barrier+1","Evolve","Shrug It Off+1","Ghostly Armor+1","Shrug It Off+1","Intimidate+1","Second Wind+1","Offering+1","Demon Form+1","Limit Break+1","Double Tap+1","Corruption","Shrug It Off+1","Shrug It Off+1","Shrug It Off+1"],"relics":["Burning Blood","NeowsBlessing","Dota2Spire:EchoSabre","Darkstone Periapt","Toxic Egg 2","Akabeko","Dota2Spire:BladeMail","Dota2Spire:Bloodstone","Dota2Spire:DrumOfEndurance","Dota2Spire:BlackKingBar","Singing Bowl","Lizard Tail","Astrolabe","Dota2Spire:DivineRapier","Champion Belt","Dota2Spire:Desolator","Strawberry","Torii"],"acts_visited":["Exordium","TheCity","TheBeyond"],"potions_floor_usage":[36,43],"damage_taken":[{"damage":0.0,"enemies":"Jaw Worm","floor":1.0,"turns":1.0},{"damage":0.0,"enemies":"Small Slimes","floor":3.0,"turns":1.0},{"damage":0.0,"enemies":"Gremlin Nob","floor":7.0,"turns":1.0},{"damage":28.0,"enemies":"Lagavulin","floor":9.0,"turns":6.0},{"damage":0.0,"enemies":"Cultist","floor":12.0,"turns":1.0},{"damage":1.0,"enemies":"Gremlin Nob","floor":14.0,"turns":3.0},{"damage":1.0,"enemies":"2 Fungi Beasts","floor":15.0,"turns":3.0},{"damage":5.0,"enemies":"3 Louse","floor":16.0,"turns":5.0},{"damage":0.0,"enemies":"Hexaghost","floor":18.0,"turns":8.0},{"damage":23.0,"enemies":"2 Thieves","floor":20.0,"turns":5.0},{"damage":0.0,"enemies":"3 Byrds","floor":23.0,"turns":1.0},{"damage":33.0,"enemies":"Gremlin Leader","floor":26.0,"turns":7.0},{"damage":36.0,"enemies":"Centurion and Healer","floor":27.0,"turns":5.0},{"damage":15.0,"enemies":"Snake Plant","floor":30.0,"turns":3.0},{"damage":43,"enemies":"Slavers","floor":31,"turns":6},{"damage":25,"enemies":"Snecko","floor":32,"turns":7},{"damage":6,"enemies":"Shelled Parasite and Fungi","floor":34,"turns":5},{"damage":0,"enemies":"Collector","floor":36,"turns":9},{"damage":6,"enemies":"Orb Walker","floor":38,"turns":3},{"damage":6,"enemies":"3 Darklings","floor":41,"turns":6},{"damage":6,"enemies":"Sphere and 2 Shapes","floor":42,"turns":8},{"damage":33,"enemies":"Reptomancer","floor":43,"turns":6},{"damage":13,"enemies":"Nemesis","floor":47,"turns":5},{"damage":24,"enemies":"Giant Head","floor":49,"turns":5},{"damage":6,"enemies":"Maw","floor":50,"turns":4},{"damage":13,"enemies":"3 Darklings","floor":51,"turns":4},{"damage":84,"enemies":"Donu and Deca","floor":53,"turns":6},{"damage":91,"enemies":"Awakened One","floor":54,"turns":7}],"seed_played":"7954601792226362617","potions_obtained":[{"floor":7.0,"key":"DistilledChaos"},{"floor":9.0,"key":"HeartOfIron"},{"floor":15.0,"key":"Block Potion"},{"floor":23.0,"key":"LiquidBronze"},{"floor":26.0,"key":"Explosive Potion"},{"floor":34,"key":"DistilledChaos"},{"floor":36,"key":"Swift Potion"}],"is_trial":false,"path_per_floor":["M","$","M","?","?","R","E","?","E","T","T","M","$","E","M","M","R","B",null,"M","$","?","M","?","R","E","M","T","T","M","E","M","?","M","R","B",null,"M","?","?","M","M","E","R","T","T","E","$","E","M","M","R","B","B"],"character_chosen":"IRONCLAD","items_purchased":["Apotheosis+1","Dark Embrace","Fire Breathing","Body Slam","Strawberry","Energy Potion"],"campfire_rested":2,"item_purchase_floors":[13,13,21,21,48,48],"current_hp_per_floor":[74,74,75,75,64,64,70,70,48,48,48,54,54,59,67,72,72,82,85,72,72,72,78,78,78,55,29,29,29,41,13,56,56,60,93,103,113,115,115,115,117,117,90,90,90,90,87,94,80,82,79,121,47,0,0],"gold":239,"neow_bonus":"THREE_ENEMY_KILL","is_daily":false,"chose_seed":false,"campfire_upgraded":3,"win_rate":0.0,"timestamp":1613822868,"path_taken":["M","$","M","?","?","R","E","?","E","T","T","?","$","E","M","M","R","BOSS","M","$","?","M","?","R","E","M","T","T","?","E","M","?","M","R","BOSS","M","?","?","M","M","E","R","?","T","E","$","E","M","M","R","BOSS","BOSS"],"items_purchased_type":["Card","Card","Card","Card","Relic","Potion"],"build_version":"2020-12-22","purchased_purges":2,"victory":false,"max_hp_per_floor":[75,75,75,75,75,75,75,75,75,75,75,75,75,75,78,82,82,86,86,90,90,90,90,90,90,94,98,98,98,104,104,108,108,112,112,116,116,118,118,118,120,120,120,120,120,120,124,131,135,137,141,141,145,145,145],"card_choices":[{"not_picked":["Heavy Blade","Anger"],"picked":"Shrug It Off","floor":1.0},{"not_picked":["True Grit","Flex"],"picked":"Reckless Charge","floor":3.0},{"not_picked":["Juggernaut","True Grit","Metallicize"],"picked":"SKIP","floor":7.0},{"not_picked":["Armaments","Sword Boomerang"],"picked":"Evolve","floor":9.0},{"not_picked":["Flex+1","Headbutt"],"picked":"Flame Barrier+1","floor":12.0},{"not_picked":["Anger","Spot Weakness+1"],"picked":"Feed","floor":14.0},{"not_picked":["Flex+1","Combust"],"picked":"Armaments+1","floor":15.0},{"not_picked":["Body Slam","Headbutt"],"picked":"Reckless Charge","floor":16.0},{"not_picked":["Fiend Fire","Exhume+1"],"picked":"Barricade","floor":18.0},{"not_picked":["Rupture","Sentinel+1"],"picked":"True Grit+1","floor":20.0},{"not_picked":["Dual Wield+1","Warcry+1"],"picked":"Flame Barrier+1","floor":23.0},{"not_picked":["Clash","Ghostly Armor+1"],"picked":"Shrug It Off+1","floor":26.0},{"not_picked":["Perfected Strike","Thunderclap"],"picked":"Ghostly Armor+1","floor":27.0},{"not_picked":["Heavy Blade+1","Pummel","Limit Break+1"],"picked":"Singing Bowl","floor":30.0},{"not_picked":["Inflame","Cleave"],"picked":"Shrug It Off+1","floor":31},{"not_picked":["Pommel Strike","Perfected Strike+1"],"picked":"Intimidate+1","floor":32},{"not_picked":["Power Through+1","Twin Strike"],"picked":"Second Wind+1","floor":34},{"not_picked":["Brutality","Immolate"],"picked":"Offering+1","floor":36},{"not_picked":["Flex+1","Reckless Charge","Anger"],"picked":"Singing Bowl","floor":38},{"not_picked":["Twin Strike+1","Anger","Dual Wield+1"],"picked":"Singing Bowl","floor":41},{"not_picked":["Cleave+1","Havoc+1"],"picked":"Double Tap+1","floor":42},{"not_picked":["Clash","Anger+1"],"picked":"Corruption","floor":43},{"not_picked":["Sword Boomerang+1","Hemokinesis"],"picked":"Shrug It Off+1","floor":47},{"not_picked":["Clash+1","Bludgeon"],"picked":"Shrug It Off+1","floor":49},{"not_picked":["Pommel Strike","Wild Strike+1","Dual Wield+1"],"picked":"Singing Bowl","floor":50},{"not_picked":["Wild Strike+1","Heavy Blade"],"picked":"Shrug It Off+1","floor":51}],"player_experience":2479004,"relics_obtained":[{"floor":7.0,"key":"Dota2Spire:EchoSabre"},{"floor":9.0,"key":"Darkstone Periapt"},{"floor":10.0,"key":"Toxic Egg 2"},{"floor":11.0,"key":"Akabeko"},{"floor":14.0,"key":"Dota2Spire:BladeMail"},{"floor":26.0,"key":"Dota2Spire:DrumOfEndurance"},{"floor":28.0,"key":"Dota2Spire:BlackKingBar"},{"floor":29.0,"key":"Singing Bowl"},{"floor":31,"key":"Lizard Tail"},{"floor":43,"key":"Dota2Spire:DivineRapier"},{"floor":46,"key":"Champion Belt"},{"floor":47,"key":"Dota2Spire:Desolator"},{"floor":49,"key":"Torii"}],"event_choices":[{"damage_healed":0.0,"max_hp_gain":0.0,"max_hp_loss":0.0,"gold_gain":0.0,"event_name":"The Cleric","player_choice":"Leave","floor":4.0,"gold_loss":0.0,"damage_taken":0.0},{"damage_healed":0.0,"max_hp_gain":0.0,"max_hp_loss":0.0,"gold_gain":75.0,"event_name":"World of Goop","player_choice":"Gather Gold","floor":5.0,"gold_loss":0.0,"damage_taken":11.0},{"cards_removed":["Strike_R"],"damage_healed":0.0,"max_hp_gain":0.0,"max_hp_loss":0.0,"gold_gain":0.0,"event_name":"Bonfire Elementals","player_choice":"Offered Basic","floor":8.0,"gold_loss":0.0,"damage_taken":0.0},{"damage_healed":0.0,"max_hp_gain":0.0,"max_hp_loss":0.0,"gold_gain":50.0,"event_name":"Nest","player_choice":"Stole From Cult","floor":22.0,"gold_loss":0.0,"damage_taken":0.0},{"damage_healed":0.0,"max_hp_gain":0.0,"max_hp_loss":0.0,"gold_gain":0.0,"cards_transformed":["Strike_R"],"event_name":"Transmorgrifier","player_choice":"Transformed","floor":24.0,"gold_loss":0.0,"damage_taken":0.0,"cards_obtained":["Evolve"]},{"damage_healed":0,"gold_gain":0,"cards_transformed":["Strike_R"],"player_choice":"Transformed","damage_taken":0,"max_hp_gain":0,"max_hp_loss":0,"event_name":"Transmorgrifier","floor":33,"gold_loss":0,"cards_obtained":["Searing Blow"]},{"cards_removed":["Bash"],"damage_healed":0,"gold_gain":0,"player_choice":"Removed Attack","damage_taken":0,"max_hp_gain":0,"max_hp_loss":0,"event_name":"Falling","floor":39,"gold_loss":0},{"damage_healed":0,"gold_gain":0,"player_choice":"Ignored","damage_taken":0,"max_hp_gain":0,"max_hp_loss":0,"event_name":"Tomb of Lord Red Mask","floor":40,"gold_loss":0}],"is_beta":false,"boss_relics":[{"not_picked":["Cursed Key","Sozu"],"picked":"Dota2Spire:Bloodstone"},{"not_picked":["Runic Pyramid","Dota2Spire:RefresherOrb"],"picked":"Astrolabe"}],"items_purged_floors":[2,48],"is_endless":false,"potions_floor_spawned":[7,9,12,15,23,26,34,36,42,49],"killed_by":"Awakened One","ascension_level":20}}