{"host":"pheno","time":1613800430,"event":{"mods":["BaseMod","Minty Spire (QoL Compilation)","StSLib","The Marked"],"gold_per_floor":[17,36,49,67,77,77,106,106,106,132,146,159,191,191,191,315,315,335,359,359,217,241,241,272,272,272,305,330,30,51,94,106,243,255,282,294,306,339,351,363,413,425,464,519,558,570,605,638,650,662,674,686,27,62,62,62],"floor_reached":55,"language":"ZHS","playtime":3200,"items_purged":["theMarked:Strike"],"score":897,"play_id":"d7ff5b5b-b29a-43e8-b2a1-6ae25c65e35f","local_time":"20210220135350","is_ascension_mode":true,"campfire_choices":[{"data":"theMarked:SelfDefenseTraining","floor":6.0,"key":"SMITH"},{"data":"theMarked:SoldierOfQuellstein","floor":8.0,"key":"SMITH"},{"data":"theMarked:ResourceFulStrike","floor":15.0,"key":"SMITH"},{"data":"theMarked:TurnInvisible","floor":23.0,"key":"SMITH"},{"data":"theMarked:Polarize","floor":25.0,"key":"SMITH"},{"floor":32.0,"key":"RECALL"},{"data":"theMarked:RepellingDischarge","floor":40.0,"key":"SMITH"},{"data":"theMarked:Indomitable","floor":42.0,"key":"SMITH"},{"floor":46.0,"key":"REST"},{"floor":49.0,"key":"REST"},{"data":"theMarked:BindingBlade","floor":52.0,"key":"SMITH"}],"circlet_count":0,"master_deck":["theMarked:Strike","theMarked:Strike","theMarked:Strike+1","theMarked:Defend","theMarked:Defend","theMarked:Defend","theMarked:SoldierOfQuellstein+1","Secret Weapon","theMarked:Parkour","theMarked:SelfDefenseTraining+1","theMarked:HeightenedSenses","theMarked:CreepingChasm","theMarked:Polarize+1","theMarked:EternalStudent","theMarked:ResourceFulStrike+1","theMarked:Parry","theMarked:Static","theMarked:Friction","theMarked:TurnInvisible+1","theMarked:Overcharge","theMarked:MysticalArsenal+1","theMarked:BiggerThanFate","theMarked:ChannelForce","theMarked:Levitate","theMarked:Aftermath","theMarked:Snap+1","theMarked:TwofoldDefense+1","theMarked:OneWithTheBlade+1","theMarked:BindingBlade+1","theMarked:ResourceFulStrike+1","Madness","Madness","The Bomb","Flash of Steel","Jack Of All Trades","theMarked:RepellingDischarge+1","theMarked:Indomitable+1","theMarked:ElectricStrings+1","theMarked:Maelstrom","Parasite","theMarked:Heritage+1","theMarked:Memento","theMarked:BanishingStrike+1","Deep Breath","theMarked:Frustration","theMarked:SwordAndMagic","theMarked:Convert+1"],"relics":["theMarked:ArtifactOfAir","Meat on the Bone","Matryoshka","Pantograph","Blue Candle","Golden Idol","SlaversCollar","Dream Catcher","Happy Flower","Bag of Marbles","White Beast Statue","Tiny Chest","Anchor","MawBank","Empty Cage","Boot","Whetstone","Incense Burner","Pen Nib","ClockworkSouvenir","Mercury Hourglass","theMarked:DemonDagger"],"acts_visited":["Exordium","TheCity","TheBeyond","TheEnding"],"potions_floor_usage":[55,55,55],"damage_taken":[{"damage":0.0,"enemies":"2 Louse","floor":1.0,"turns":2.0},{"damage":5.0,"enemies":"Small Slimes","floor":2.0,"turns":3.0},{"damage":2.0,"enemies":"Jaw Worm","floor":3.0,"turns":3.0},{"damage":8.0,"enemies":"2 Fungi Beasts","floor":4.0,"turns":4.0},{"damage":4.0,"enemies":"Blue Slaver","floor":5.0,"turns":4.0},{"damage":11.0,"enemies":"3 Sentries","floor":7.0,"turns":5.0},{"damage":16.0,"enemies":"Lagavulin","floor":10.0,"turns":7.0},{"damage":5.0,"enemies":"Looter","floor":11.0,"turns":3.0},{"damage":1.0,"enemies":"Exordium Thugs","floor":12.0,"turns":4.0},{"damage":0.0,"enemies":"3 Sentries","floor":13.0,"turns":9.0},{"damage":44.0,"enemies":"Hexaghost","floor":16.0,"turns":11.0},{"damage":6.0,"enemies":"Shell Parasite","floor":18.0,"turns":6.0},{"damage":0.0,"enemies":"Chosen","floor":19.0,"turns":4.0},{"damage":10.0,"enemies":"Snake Plant","floor":22.0,"turns":6.0},{"damage":4.0,"enemies":"Gremlin Leader","floor":24.0,"turns":4.0},{"damage":16.0,"enemies":"Slavers","floor":27.0,"turns":5.0},{"damage":16.0,"enemies":"Centurion and Healer","floor":28.0,"turns":6.0},{"damage":6.0,"enemies":"Chosen and Byrds","floor":30.0,"turns":5.0},{"damage":1.0,"enemies":"Book of Stabbing","floor":31.0,"turns":4.0},{"damage":36.0,"enemies":"Automaton","floor":33.0,"turns":8.0},{"damage":22.0,"enemies":"3 Darklings","floor":35.0,"turns":6.0},{"damage":0.0,"enemies":"3 Shapes","floor":38.0,"turns":4.0},{"damage":22.0,"enemies":"Giant Head","floor":41.0,"turns":7.0},{"damage":25.0,"enemies":"Reptomancer","floor":44.0,"turns":7.0},{"damage":6.0,"enemies":"Writhing Mass","floor":47.0,"turns":4.0},{"damage":2.0,"enemies":"Sphere and 2 Shapes","floor":48.0,"turns":3.0},{"damage":57.0,"enemies":"Time Eater","floor":50.0,"turns":11.0},{"damage":16.0,"enemies":"Shield and Spear","floor":54.0,"turns":4.0},{"damage":74,"enemies":"The Heart","floor":55,"turns":5}],"seed_played":"8198030529901188282","potions_obtained":[{"floor":4.0,"key":"Fire Potion"},{"floor":7.0,"key":"Fire Potion"},{"floor":10.0,"key":"Block Potion"},{"floor":16.0,"key":"EssenceOfSteel"},{"floor":18.0,"key":"BlessingOfTheForge"},{"floor":28.0,"key":"Fire Potion"},{"floor":31.0,"key":"theMarked:ChargePotion"},{"floor":33.0,"key":"Strength Potion"},{"floor":35.0,"key":"SteroidPotion"},{"floor":41.0,"key":"DistilledChaos"},{"floor":44.0,"key":"DuplicationPotion"},{"floor":47.0,"key":"theMarked:ChargePotion"},{"floor":48.0,"key":"DuplicationPotion"}],"is_trial":false,"path_per_floor":["M","M","M","M","M","R","E","R","T","E","M","M","E","?","R","B",null,"M","M","?","$","M","R","E","R","T","E","M","$","M","E","R","B",null,"M","?","?","M","$","R","E","R","T","E","T","R","M","M","R","B",null,"R","$","E","B"],"character_chosen":"THE_DEFAULT","items_purchased":["theMarked:BiggerThanFate","Tiny Chest","Anchor","ClockworkSouvenir","Mercury Hourglass","Deep Breath","theMarked:Frustration","theMarked:SwordAndMagic"],"campfire_rested":2,"item_purchase_floors":[21,29,29,53,53,53,53,53],"current_hp_per_floor":[72,67,65,57,53,53,42,42,42,38,45,44,44,26,26,19,72,66,66,66,66,56,56,52,52,52,48,44,44,38,37,37,38,72,50,41,31,43,43,43,33,33,33,20,20,41,47,45,66,27,72,72,72,56,0,0],"gold":62,"neow_bonus":"RANDOM_COLORLESS_2","is_daily":false,"chose_seed":false,"campfire_upgraded":8,"win_rate":0.0,"timestamp":1613800430,"path_taken":["M","M","M","M","M","R","E","R","T","E","M","M","E","?","R","BOSS","M","M","?","$","M","R","E","R","T","E","M","?","M","E","R","BOSS","M","?","?","M","$","R","E","R","T","E","?","R","M","M","R","BOSS","R","$","E","BOSS"],"items_purchased_type":["Card","Relic","Relic","Relic","Relic","Card","Card","Card"],"build_version":"2020-12-18","purchased_purges":1,"victory":false,"max_hp_per_floor":[72,72,72,72,72,72,72,72,72,72,72,72,72,72,72,72,72,72,72,72,72,72,72,72,72,72,72,72,72,72,72,72,72,72,72,72,72,72,72,72,72,72,72,72,72,72,72,72,72,72,72,72,72,72,72,72],"card_choices":[{"not_picked":["Secret Technique","Metamorphosis"],"picked":"Secret Weapon","floor":0.0},{"not_picked":["theMarked:TwofoldDefense","theMarked:Aftermath"],"picked":"theMarked:Parkour","floor":1.0},{"not_picked":["theMarked:Determination","theMarked:WardOff"],"picked":"theMarked:SelfDefenseTraining","floor":2.0},{"not_picked":["theMarked:TakeCover","theMarked:ShockingTouch"],"picked":"theMarked:HeightenedSenses","floor":3.0},{"not_picked":["theMarked:Parry","theMarked:WastefulAttack"],"picked":"theMarked:CreepingChasm","floor":4.0},{"not_picked":["theMarked:WastefulAttack","theMarked:Aftermath"],"picked":"theMarked:Polarize","floor":5.0},{"not_picked":["theMarked:StartUp","theMarked:HeightenedSenses"],"picked":"theMarked:EternalStudent","floor":7.0},{"not_picked":["theMarked:Memento","theMarked:Standoff"],"picked":"theMarked:ResourceFulStrike","floor":10.0},{"not_picked":["theMarked:RepellingDischarge","theMarked:EmpowerWeapon"],"picked":"theMarked:Parry","floor":11.0},{"not_picked":["theMarked:RepellingDischarge","theMarked:TakeCover"],"picked":"theMarked:Static","floor":12.0},{"not_picked":["theMarked:Opportunist","theMarked:WastefulAttack"],"picked":"theMarked:Friction","floor":13.0},{"not_picked":["theMarked:FavorableWinds","theMarked:Snap"],"picked":"theMarked:TurnInvisible","floor":16.0},{"not_picked":["theMarked:Electrify","theMarked:Parkour"],"picked":"theMarked:Overcharge","floor":18.0},{"not_picked":["theMarked:Parkour","theMarked:HeightenedSenses"],"picked":"theMarked:MysticalArsenal+1","floor":19.0},{"not_picked":["theMarked:Parkour","theMarked:Overthink"],"picked":"theMarked:ChannelForce","floor":22.0},{"not_picked":["theMarked:MuscleMemory","theMarked:EmpowerWeapon"],"picked":"theMarked:Levitate","floor":24.0},{"not_picked":["theMarked:Improvise","theMarked:BanishingStrike"],"picked":"theMarked:Aftermath","floor":27.0},{"not_picked":["theMarked:WastefulAttack","theMarked:ResourceFulStrike"],"picked":"theMarked:Snap","floor":28.0},{"not_picked":["theMarked:Reabsorb","theMarked:Memento"],"picked":"theMarked:TwofoldDefense+1","floor":30.0},{"not_picked":["theMarked:WardOff","theMarked:Electrify+1"],"picked":"theMarked:OneWithTheBlade+1","floor":31.0},{"not_picked":["theMarked:DispelDoubt","theMarked:ThrowWeapon"],"picked":"theMarked:BindingBlade","floor":33.0},{"not_picked":["theMarked:WastefulAttack+1","theMarked:TakeCover+1"],"picked":"theMarked:ResourceFulStrike+1","floor":35.0},{"not_picked":["Thinking Ahead","Trip"],"picked":"The Bomb","floor":37.0},{"not_picked":["Madness","Dramatic Entrance"],"picked":"Flash of Steel","floor":37.0},{"not_picked":["Bandage Up","Finesse"],"picked":"Jack Of All Trades","floor":37.0},{"not_picked":["theMarked:Parry","theMarked:Overthink+1"],"picked":"theMarked:RepellingDischarge","floor":38.0},{"not_picked":["theMarked:OneWithTheBlade+1","theMarked:WardOff+1"],"picked":"theMarked:Indomitable","floor":41.0},{"not_picked":["theMarked:Parry+1","theMarked:KeepCalmAndFight"],"picked":"theMarked:ElectricStrings+1","floor":44.0},{"not_picked":["theMarked:WastefulAttack","theMarked:Parkour+1"],"picked":"theMarked:Maelstrom","floor":46.0},{"not_picked":["theMarked:TwofoldDefense","theMarked:Aftermath"],"picked":"theMarked:Heritage+1","floor":47.0},{"not_picked":["theMarked:Heritage","theMarked:Electrocute"],"picked":"theMarked:Memento","floor":48.0},{"not_picked":["theMarked:ElectricStrings+1","theMarked:RepellingDischarge"],"picked":"theMarked:BanishingStrike+1","floor":49.0},{"not_picked":["theMarked:Improvise","theMarked:MagusForm"],"picked":"theMarked:Convert+1","floor":54.0}],"player_experience":714247,"relics_obtained":[{"floor":7.0,"key":"Meat on the Bone"},{"floor":9.0,"key":"Matryoshka"},{"floor":10.0,"key":"Pantograph"},{"floor":13.0,"key":"Blue Candle"},{"floor":24.0,"key":"Dream Catcher"},{"floor":26.0,"key":"Happy Flower"},{"floor":26.0,"key":"Bag of Marbles"},{"floor":27.0,"key":"White Beast Statue"},{"floor":31.0,"key":"MawBank"},{"floor":41.0,"key":"Boot"},{"floor":43.0,"key":"Whetstone"},{"floor":44.0,"key":"Incense Burner"},{"floor":45.0,"key":"Pen Nib"},{"floor":54.0,"key":"theMarked:DemonDagger"}],"event_choices":[{"damage_healed":0.0,"max_hp_gain":0.0,"max_hp_loss":0.0,"gold_gain":0.0,"event_name":"Golden Idol","player_choice":"Take Damage","floor":14.0,"gold_loss":0.0,"damage_taken":18.0,"relics_obtained":["Golden Idol"]},{"damage_healed":0.0,"max_hp_gain":0.0,"max_hp_loss":0.0,"gold_gain":0.0,"event_name":"Ghosts","player_choice":"Ignored","floor":20.0,"gold_loss":0.0,"damage_taken":0.0},{"damage_healed":0.0,"max_hp_gain":0.0,"max_hp_loss":0.0,"gold_gain":0.0,"event_name":"Winding Halls","player_choice":"Embrace Madness","floor":36.0,"gold_loss":0.0,"damage_taken":9.0,"cards_obtained":["Madness","Madness"]},{"damage_healed":0.0,"max_hp_gain":0.0,"max_hp_loss":0.0,"gold_gain":0.0,"event_name":"SensoryStone","player_choice":"Memory 3","floor":37.0,"gold_loss":0.0,"damage_taken":10.0}],"is_beta":true,"boss_relics":[{"not_picked":["SacredBark","Astrolabe"],"picked":"SlaversCollar"},{"not_picked":["Fusion Hammer","Sozu"],"picked":"Empty Cage"}],"items_purged_floors":[53],"is_endless":false,"potions_floor_spawned":[4,7,10,11,16,18,22,28,30,31,33,35,38,41,44,47,48,54],"killed_by":"The Heart","ascension_level":1}}