{"host":"bplbr8uekuotory4","time":1613804350,"event":{"mods":["Act Like it!","BaseMod","GungeonMod","Hermit","KinomotoSakuraMod(木之本樱)","Marisa（F雨　魔理沙）","Minty Spire (QoL Compilation)","Prisma Mod","Quick Restart","Reimu（博丽灵梦）","SOS（斯巴达之子）","Spicy Shops","StSLib","TestMod","The Blackbeard","The Cursed","The Mystic","The Saiyan","The Senshi","The Servant 0.9.4","Yuri Mod","[IsaacMod]以撒尖塔"],"gold_per_floor":[115,115,115,515,536,536,555,595,595,595,167,191,216,260,260,353,353,377,395,419,419,694,694,737,752,777,436,436,159,159,159,159,249,249,279,312,183,227,227,283,308,226,284,378,378,378,378,401,401,422,422,422,422,422,456,526],"floor_reached":57,"language":"ZHS","playtime":2134,"items_purged":["Regret","Regret","DemoMod:Strike_Huntress","DemoMod:Defend_Huntress","Writhe","DemoMod:Defend_Huntress","DemoMod:Strike_Huntress","DemoMod:Defend_Huntress","DemoMod:Strike_Huntress"],"score":3137,"play_id":"799cee8d-6c14-48cf-9007-c0ba36db37aa","local_time":"20210220145910","is_ascension_mode":true,"campfire_choices":[{"data":"DemoMod:ManualReload","floor":6.0,"key":"SMITH"},{"data":"DemoMod:CrossBow","floor":10.0,"key":"SMITH"},{"data":"DemoMod:ShadowBullets","floor":15.0,"key":"SMITH"},{"data":"DemoMod:Gungine","floor":23.0,"key":"SMITH"},{"data":"DemoMod:FinishedGun","floor":28.0,"key":"SMITH"},{"data":"DemoMod:BulletBore","floor":32.0,"key":"SMITH"},{"data":"DemoMod:BlankBullets","floor":46.0,"key":"SMITH"},{"floor":49.0,"key":"RECALL"},{"data":"Dark Shackles","floor":53.0,"key":"SMITH"}],"circlet_count":0,"master_deck":["AscendersBane","DemoMod:Defend_Huntress","DemoMod:Roll","DemoMod:ManualReload+1","DemoMod:RustySidearm","DemoMod:CrossBow+1","DemoMod:FinishedGun+1","DemoMod:BulletBore+1","DemoMod:ShadowBullets+1","DemoMod:Gungine+1","DemoMod:BlankBullets+1","Dark Shackles+1","DemoMod:Eureka"],"relics":["DemoMod:Dog","HushsDoor","SteamSale","testmod-NegativeEmotionEnhancer","NeowsBlessing","DemoMod:BlueGuonStone","Golden Idol","testmod-Hope","TheAbacus","Ornamental Fan","Vajra","HowToJump","Coffee Dripper","testmod-Déjàvu","testmod-Antiphasic","Dead Branch","DemoMod:ClearGuonStone","Sling","Bag of Preparation","Juzu Bracelet","DemoMod:Ammonomicon","Tiny Chest","testmod-TimeTraveler","GuppysHead","testmod-Register","Happy Flower","Membership Card","StrikeDummy","SalivaCoin","Strange Spoon","testmod-CyclicPeriapt","Bottled Tornado","testmod-Nyarlathotep","DemoMod:WhiteGuonStone","Chemical X","DemoMod:RedGuonStone","Anchor","DemoMod:SilverBullets","DemoMod:Metronome","BFFS","DemoMod:Antibody"],"acts_visited":["Exordium","TheCity","TheBeyond","TheEnding"],"potions_floor_usage":[56,56,56,56],"damage_taken":[{"damage":0.0,"enemies":"Jaw Worm","floor":1.0,"turns":1.0},{"damage":0.0,"enemies":"2 Louse","floor":5.0,"turns":1.0},{"damage":0.0,"enemies":"Small Slimes","floor":7.0,"turns":1.0},{"damage":8.0,"enemies":"Lagavulin","floor":8.0,"turns":3.0},{"damage":0.0,"enemies":"Looter","floor":12.0,"turns":1.0},{"damage":8.0,"enemies":"Red Slaver","floor":13.0,"turns":2.0},{"damage":2.0,"enemies":"3 Sentries","floor":14.0,"turns":7.0},{"damage":4.0,"enemies":"The Guardian","floor":16.0,"turns":7.0},{"damage":0.0,"enemies":"Chosen","floor":18.0,"turns":3.0},{"damage":7.0,"enemies":"3 Byrds","floor":19.0,"turns":4.0},{"damage":0.0,"enemies":"Snake Plant","floor":20.0,"turns":3.0},{"damage":14.0,"enemies":"Book of Stabbing","floor":24.0,"turns":3.0},{"damage":1.0,"enemies":"Chosen and Byrds","floor":25.0,"turns":4.0},{"damage":0.0,"enemies":"Collector","floor":33.0,"turns":5.0},{"damage":11.0,"enemies":"3 Shapes","floor":35.0,"turns":3.0},{"damage":0.0,"enemies":"3 Darklings","floor":36.0,"turns":2.0},{"damage":0.0,"enemies":"Reptomancer","floor":40.0,"turns":3.0},{"damage":9.0,"enemies":"Maw","floor":41.0,"turns":4.0},{"damage":0.0,"enemies":"Spire Growth","floor":43.0,"turns":4.0},{"damage":0.0,"enemies":"Spire Growth","floor":48.0,"turns":2.0},{"damage":35.0,"enemies":"Time Eater","floor":50.0,"turns":9.0},{"damage":0.0,"enemies":"Donu and Deca","floor":51.0,"turns":2.0},{"damage":0.0,"enemies":"Shield and Spear","floor":55.0,"turns":2.0},{"damage":59,"enemies":"The Heart","floor":56,"turns":6}],"seed_played":"-461160640451742596","potions_obtained":[{"floor":5.0,"key":"GrandPatriotsElixir:ReiMu"},{"floor":8.0,"key":"MagicPotion:ReiMu"},{"floor":12.0,"key":"DemoMod:LeadSkinPotion"},{"floor":16.0,"key":"Swift Potion"},{"floor":18.0,"key":"Dexterity Potion"},{"floor":19.0,"key":"ZuzhouPotion:ReiMu"}],"is_trial":false,"path_per_floor":["M","?","?","?","M","R","M","E","T","R","$","M","M","E","R","B",null,"M","M","M","?","?","R","E","M","T","$","R","$","?","?","R","B",null,"M","M","$","?","?","E","M","$","T","?","T","R","?","M","R","B","B",null,"R","$","E","B",null],"character_chosen":"HUNTRESS","items_purchased":["DemoMod:FinishedGun","TheAbacus","Ornamental Fan","Vajra","Dead Branch","DemoMod:ClearGuonStone","Sling","Bag of Preparation","Juzu Bracelet","GuppysHead","testmod-Register","Membership Card","StrikeDummy","SalivaCoin","Strange Spoon","testmod-CyclicPeriapt","testmod-SpacePotion","Bottled Tornado","DuplicationPotion","Fire Potion","Weak Potion","Chemical X","DemoMod:RedGuonStone","Anchor","DemoMod:SilverBullets","DemoMod:Metronome","BFFS","DemoMod:Eureka","ColorlessPotion"],"campfire_rested":0,"item_purchase_floors":[11,11,11,11,27,27,29,29,29,34,37,42,42,42,42,42,42,42,42,42,42,54,54,54,54,54,54,54,54],"current_hp_per_floor":[59,59,37,37,40,40,43,37,37,37,37,39,33,35,35,33,62,64,61,63,58,58,58,46,48,48,48,48,48,48,48,48,52,60,53,60,60,45,109,115,108,108,110,95,95,95,95,97,97,64,134,134,134,134,135,84],"gold":526,"neow_bonus":"THREE_ENEMY_KILL","is_daily":false,"chose_seed":false,"campfire_upgraded":8,"win_rate":0.0,"timestamp":1613804350,"path_taken":["M","?","?","?","M","R","?","E","T","R","$","M","M","E","R","BOSS","M","M","M","?","?","R","E","M","T","$","R","$","?","?","R","BOSS","M","M","$","?","?","E","M","$","T","?","?","R","?","M","R","BOSS","BOSS","R","$","E","BOSS"],"items_purchased_type":["Card","Relic","Relic","Relic","Relic","Relic","Relic","Relic","Relic","Relic","Relic","Relic","Relic","Relic","Relic","Relic","Potion","Relic","Potion","Potion","Potion","Relic","Relic","Relic","Relic","Relic","Relic","Card","Potion"],"build_version":"2020-12-22","purchased_purges":9,"victory":true,"max_hp_per_floor":[64,64,64,64,65,65,66,67,67,67,67,68,69,70,70,71,71,72,73,74,74,74,74,75,76,76,76,76,76,76,76,76,77,62,63,64,64,64,128,129,130,130,131,131,131,131,131,132,132,133,134,134,134,134,135,141],"card_choices":[{"not_picked":[],"picked":"ChaosCard","floor":0.0},{"not_picked":["DemoMod:HuntsMan","DemoMod:PotionOfGunFriendShip","DemoMod:ConditionalReflex"],"picked":"SKIP","floor":1.0},{"not_picked":["DemoMod:ChanceBullets","DemoMod:Replace","DemoMod:PracticeMakesPerfect"],"picked":"SKIP","floor":5.0},{"not_picked":["DemoMod:FeignSurrender","DemoMod:JK47","DemoMod:FortunesFavor"],"picked":"SKIP","floor":7.0},{"not_picked":["DemoMod:MachoBrace","DemoMod:HardPowerCard","DemoMod:Unmoved"],"picked":"SKIP","floor":8.0},{"not_picked":["DemoMod:Evolver","DemoMod:ZorGun","DemoMod:Ejector"],"picked":"SKIP","floor":12.0},{"not_picked":["DemoMod:TeaPot","DemoMod:ProbeStrike"],"picked":"DemoMod:BulletBore","floor":13.0},{"not_picked":["DemoMod:ConditionalReflex","DemoMod:Unmoved"],"picked":"DemoMod:ShadowBullets","floor":14.0},{"not_picked":["DemoMod:TeaPot+1","DemoMod:SAA"],"picked":"DemoMod:HardPowerCard+1","floor":18.0},{"not_picked":["DemoMod:StickyCrossBow+1","DemoMod:GunShield","DemoMod:SniperShot+1"],"picked":"SKIP","floor":19.0},{"not_picked":["DemoMod:FortunesFavor","DemoMod:AC15"],"picked":"DemoMod:Gungine","floor":20.0},{"not_picked":["DemoMod:PotionOfGunFriendShip","DemoMod:DirectionalPad","DemoMod:ChanceBullets"],"picked":"SKIP","floor":24.0},{"not_picked":["DemoMod:AbyssalTentacle","DemoMod:SAA","DemoMod:Evolver"],"picked":"SKIP","floor":25.0},{"not_picked":["DemoMod:Polaris+1","DemoMod:LifeOrb","DemoMod:Casey"],"picked":"SKIP","floor":35.0},{"not_picked":["DemoMod:ChanceBullets","DemoMod:ConditionalReflex","DemoMod:SAA"],"picked":"SKIP","floor":36.0},{"not_picked":["DemoMod:HardPowerCard","DemoMod:ChanceBullets"],"picked":"DemoMod:BlankBullets","floor":40.0},{"not_picked":["DemoMod:Unity","DemoMod:Replace","DemoMod:MachoBrace"],"picked":"SKIP","floor":41.0},{"not_picked":["DemoMod:Rummage+1","DemoMod:FastSwitch+1","DemoMod:MachoBrace+1"],"picked":"SKIP","floor":43.0},{"not_picked":["Bomb","testmod-TemporaryDeletion"],"picked":"Dark Shackles","floor":47.0},{"not_picked":["DemoMod:SAA","DemoMod:HardPowerCard","DemoMod:PotionOfGunFriendShip"],"picked":"SKIP","floor":48.0},{"not_picked":["DemoMod:RadGun","DemoMod:ChanceBullets","DemoMod:ZorGun"],"picked":"SKIP","floor":55.0},{"not_picked":["DemoMod:ChanceBullets","DemoMod:Camera","DemoMod:HardPowerCard+1"],"picked":"SKIP","floor":55.0}],"player_experience":1156931,"relics_obtained":[{"floor":8.0,"key":"testmod-Hope"},{"floor":14.0,"key":"HowToJump"},{"floor":24.0,"key":"testmod-Déjàvu"},{"floor":26.0,"key":"testmod-Antiphasic"},{"floor":40.0,"key":"Happy Flower"},{"floor":43.0,"key":"testmod-Nyarlathotep"},{"floor":45.0,"key":"DemoMod:WhiteGuonStone"},{"floor":55.0,"key":"DemoMod:Antibody"}],"event_choices":[{"damage_healed":0.0,"max_hp_gain":0.0,"max_hp_loss":0.0,"gold_gain":0.0,"event_name":"Big Fish","player_choice":"Box","floor":2.0,"gold_loss":0.0,"damage_taken":0.0,"relics_obtained":["DemoMod:BlueGuonStone"],"cards_obtained":["Regret"]},{"damage_healed":0.0,"max_hp_gain":0.0,"max_hp_loss":0.0,"gold_gain":0.0,"event_name":"Golden Idol","player_choice":"Take Damage","floor":3.0,"gold_loss":0.0,"damage_taken":22.0,"relics_obtained":["Golden Idol"]},{"damage_healed":0.0,"max_hp_gain":0.0,"max_hp_loss":0.0,"gold_gain":400.0,"event_name":"恩洛斯的盘子","player_choice":"Sell","floor":4.0,"relics_lost":["testmod-TestBox"],"gold_loss":0.0,"damage_taken":0.0},{"damage_healed":0.0,"max_hp_gain":0.0,"max_hp_loss":0.0,"gold_gain":0.0,"event_name":"Designer","player_choice":"Punched","floor":21.0,"gold_loss":0.0,"damage_taken":5.0},{"damage_healed":0.0,"max_hp_gain":0.0,"max_hp_loss":0.0,"gold_gain":275.0,"event_name":"Golden Shrine","player_choice":"Desecrate","floor":22.0,"gold_loss":0.0,"damage_taken":0.0,"cards_obtained":["Regret"]},{"damage_healed":0.0,"max_hp_gain":0.0,"max_hp_loss":0.0,"gold_gain":0.0,"event_name":"The Mausoleum","player_choice":"Opened","floor":31.0,"gold_loss":0.0,"damage_taken":0.0,"relics_obtained":["Tiny Chest"],"cards_obtained":["Writhe"]},{"damage_healed":0.0,"max_hp_gain":0.0,"max_hp_loss":0.0,"gold_gain":0.0,"event_name":"给自己的盒子","player_choice":"Swap Relic","floor":39.0,"relics_lost":["testmod-HarvestTotem"],"gold_loss":0.0,"damage_taken":0.0,"relics_obtained":["testmod-HarvestTotem"]},{"damage_healed":0.0,"max_hp_gain":0.0,"max_hp_loss":0.0,"gold_gain":0.0,"event_name":"SensoryStone","player_choice":"Memory 1","floor":47.0,"gold_loss":0.0,"damage_taken":0.0}],"is_beta":false,"boss_relics":[{"not_picked":["testmod-PortableAltar","Snecko Eye"],"picked":"Coffee Dripper"},{"not_picked":[]},{"not_picked":["MagicMushroom","Calling Bell"],"picked":"testmod-TimeTraveler"},{"not_picked":[]}],"items_purged_floors":[11,27,27,29,34,37,42,42,54],"is_endless":false,"potions_floor_spawned":[5,8,12,16,18,19,48],"ascension_level":20}}