{"host":"zlryddw6xv0ljf8b","time":1613830402,"event":{"mods":["AchievementEnabler","BaseMod","Colored Map","Colored Powertips","Highlight Path","Minty Spire (QoL Compilation)","Permanent Neow","Quick Restart","StSLib"],"gold_per_floor":[112,132,145,145,39,39,49,63,63,78,113,131,459,471,471,569,569,584,584,584,600,600,600,626,725,779,305,317,337,337,354,354,450,450,450],"floor_reached":34,"language":"ENG","playtime":1956,"items_purged":["Parasite"],"score":436,"play_id":"016f6715-6785-4d01-b5cd-6af3cb41a8ff","local_time":"20210220081322","is_ascension_mode":false,"campfire_choices":[{"data":"Eruption","floor":6.0,"key":"SMITH"},{"data":"WindmillStrike","floor":15.0,"key":"SMITH"},{"data":"MasterReality","floor":23.0,"key":"SMITH"},{"data":"Apotheosis","floor":30,"key":"SMITH"},{"floor":32,"key":"REST"}],"circlet_count":0,"master_deck":["Strike_P+1","Strike_P","Strike_P","Strike_P+1","Defend_P","Defend_P","Defend_P","Defend_P","Eruption+1","Vigilance","CutThroughFate","WindmillStrike+1","SandsOfTime","Prostrate","BattleHymn","Prostrate","Crescendo","Clumsy","ClearTheMind","Evaluate","MasterReality+1","CurseOfTheBell","Prostrate+1","FlurryOfBlows+1","Apotheosis+1","Study","Evaluate","Evaluate","Pray"],"relics":["Cursed Key","Yang","Girya","CaptainsWheel","Old Coin","Calling Bell","Orichalcum","TeardropLocket","Peace Pipe","Whetstone","Centennial Puzzle","Membership Card","Gremlin Horn","Runic Pyramid"],"acts_visited":["Exordium","TheCity","TheBeyond"],"potions_floor_usage":[],"damage_taken":[{"damage":0.0,"enemies":"Jaw Worm","floor":1.0,"turns":4.0},{"damage":0.0,"enemies":"Cultist","floor":2.0,"turns":2.0},{"damage":7.0,"enemies":"2 Louse","floor":3.0,"turns":4.0},{"damage":4.0,"enemies":"Red Slaver","floor":7.0,"turns":3.0},{"damage":0.0,"enemies":"2 Fungi Beasts","floor":8.0,"turns":3.0},{"damage":4.0,"enemies":"Exordium Wildlife","floor":10.0,"turns":3.0},{"damage":0.0,"enemies":"Gremlin Nob","floor":11.0,"turns":3.0},{"damage":0.0,"enemies":"Looter","floor":12.0,"turns":3.0},{"damage":0.0,"enemies":"Lagavulin","floor":13.0,"turns":4.0},{"damage":8.0,"enemies":"Gremlin Gang","floor":14.0,"turns":4.0},{"damage":6.0,"enemies":"Hexaghost","floor":16.0,"turns":6.0},{"damage":0.0,"enemies":"Spheric Guardian","floor":18.0,"turns":5.0},{"damage":0.0,"enemies":"Chosen","floor":21.0,"turns":4.0},{"damage":24.0,"enemies":"Slavers","floor":24.0,"turns":5.0},{"damage":10,"enemies":"3 Cultists","floor":28,"turns":3},{"damage":14,"enemies":"Centurion and Healer","floor":29,"turns":4},{"damage":13,"enemies":"Cultist and Chosen","floor":31,"turns":5},{"damage":4,"enemies":"Automaton","floor":33,"turns":6}],"seed_played":"6664907439915311285","potions_obtained":[{"floor":2.0,"key":"FearPotion"},{"floor":7.0,"key":"Weak Potion"},{"floor":8.0,"key":"Block Potion"},{"floor":10.0,"key":"LiquidBronze"},{"floor":14.0,"key":"SneckoOil"},{"floor":20.0,"key":"BottledMiracle"},{"floor":20.0,"key":"EssenceOfSteel"},{"floor":20.0,"key":"Explosive Potion"},{"floor":24,"key":"SpeedPotion"},{"floor":28,"key":"Dexterity Potion"}],"is_trial":false,"path_per_floor":["M","M","M","?","$","R","M","M","T","M","E","M","E","M","R","B",null,"M","?","?","M","?","R","E","?","T","$","M","M","R","M","R","B",null],"character_chosen":"WATCHER","items_purchased":["Prostrate","BattleHymn","Membership Card","Apotheosis","Gremlin Horn","Study","Evaluate"],"campfire_rested":1,"item_purchase_floors":[5,5,27,27,27,27,27],"current_hp_per_floor":[72,72,65,65,65,65,61,61,61,57,57,57,57,49,49,43,72,72,72,72,72,72,72,48,48,48,48,38,24,24,11,31,27,69,69],"gold":450,"neow_bonus":"BOSS_RELIC","is_daily":false,"chose_seed":false,"campfire_upgraded":4,"win_rate":0.0,"timestamp":1613830402,"path_taken":["M","M","M","?","$","R","M","M","T","M","E","M","E","M","R","BOSS","M","?","?","?","?","R","E","?","T","$","M","M","R","M","R","BOSS"],"items_purchased_type":["Card","Card","Relic","Card","Relic","Card","Card"],"build_version":"2020-12-22","purchased_purges":1,"victory":false,"max_hp_per_floor":[72,72,72,72,72,72,72,72,72,72,72,72,72,72,72,72,72,72,72,72,72,72,72,72,72,72,69,69,69,69,69,69,69,69,69],"card_choices":[{"not_picked":["Study","Crescendo"],"picked":"CutThroughFate","floor":1.0},{"not_picked":["Evaluate","WheelKick"],"picked":"WindmillStrike","floor":2.0},{"not_picked":["EmptyBody","Vengeance"],"picked":"SandsOfTime","floor":3.0},{"not_picked":["FlurryOfBlows","Vengeance"],"picked":"Prostrate","floor":7.0},{"not_picked":["ThirdEye","JustLucky"],"picked":"Crescendo","floor":8.0},{"not_picked":["Sanctity","EmptyBody","DeusExMachina"],"picked":"SKIP","floor":10.0},{"not_picked":["WaveOfTheHand","SashWhip","Crescendo"],"picked":"SKIP","floor":11.0},{"not_picked":["Crescendo","BattleHymn"],"picked":"ClearTheMind","floor":12.0},{"not_picked":["LessonLearned","ThirdEye","Swivel"],"picked":"SKIP","floor":13.0},{"not_picked":["Prostrate","PathToVictory"],"picked":"Evaluate","floor":14.0},{"not_picked":["Blasphemy","Scrawl"],"picked":"MasterReality","floor":16.0},{"not_picked":["CrushJoints","FlurryOfBlows"],"picked":"Prostrate+1","floor":18.0},{"not_picked":["EmptyFist","Consecrate","SashWhip"],"picked":"SKIP","floor":21.0},{"not_picked":["Protect+1","Omniscience"],"picked":"FlurryOfBlows+1","floor":24},{"not_picked":["CarveReality","ThirdEye"],"picked":"Evaluate","floor":28},{"not_picked":["BowlingBash","ClearTheMind"],"picked":"Pray","floor":29},{"not_picked":["Vengeance+1","FollowUp+1","CutThroughFate"],"picked":"SKIP","floor":31}],"player_experience":102910,"relics_obtained":[{"floor":9.0,"key":"Girya"},{"floor":11.0,"key":"CaptainsWheel"},{"floor":13.0,"key":"Old Coin"},{"floor":17.0,"key":"Orichalcum"},{"floor":17.0,"key":"TeardropLocket"},{"floor":17.0,"key":"Peace Pipe"},{"floor":24,"key":"Whetstone"},{"floor":26,"key":"Centennial Puzzle"}],"event_choices":[{"damage_healed":0.0,"max_hp_gain":0.0,"max_hp_loss":0.0,"gold_gain":0.0,"event_name":"WeMeetAgain","player_choice":"Gave Potion","floor":4.0,"gold_loss":0.0,"damage_taken":0.0,"relics_obtained":["Yang"]},{"damage_healed":0.0,"max_hp_gain":0.0,"max_hp_loss":0.0,"gold_gain":0.0,"event_name":"Vampires","player_choice":"Ignored","floor":19.0,"gold_loss":0.0,"damage_taken":0.0},{"damage_healed":0.0,"max_hp_gain":0.0,"max_hp_loss":0.0,"gold_gain":0.0,"event_name":"Lab","player_choice":"Got Potions","floor":20.0,"gold_loss":0.0,"damage_taken":0.0},{"damage_healed":0.0,"max_hp_gain":0.0,"max_hp_loss":0.0,"gold_gain":0.0,"event_name":"Ghosts","player_choice":"Ignored","floor":22.0,"gold_loss":0.0,"damage_taken":0.0},{"damage_healed":0,"gold_gain":99,"player_choice":"Stole From Cult","damage_taken":0,"max_hp_gain":0,"max_hp_loss":0,"event_name":"Nest","floor":25,"gold_loss":0}],"is_beta":false,"boss_relics":[{"not_picked":["Tiny House","Empty Cage"],"picked":"Calling Bell"},{"not_picked":["Black Star","VioletLotus"],"picked":"Runic Pyramid"}],"items_purged_floors":[27],"is_endless":false,"potions_floor_spawned":[2,7,8,10,14,21,24,28],"ascension_level":0}}