{"host":"fauqrvll5t0ss0vm","time":1613845100,"event":{"mods":["2.2 Compatiblity","Act Like it!","Aspiration","Bard","BaseMod","Beaked The Cultist","Better Altar","Better Match","Better Note","Better Sensory Stone","Better Skull","Better Third Choice","Better Vampires","Card Filter","Clockwork Mod","Colored Map","Conspire","Displayed Cursed Tome","Downfall","Emptier Cage","Energized Spire","Friendly Minions","GifTheSpireLib","Glutton Mod","Gremlin Mod","Gremlin Skip","Halation","Hermit","Highlight Path","Hubris","Jorbs\u0027s Wanderer Trilogy","Mad Scientist","Marked Mod","Minty Spire (QoL Compilation)","Permanent Neow","Random Character Button","Relic Filter","Reorder Act Four","Replay The Spire","Shop Mod","Somnambulant","Spikes Relics","StSLib","Stuff the Spire","SuperFastMode","The Construct","The Cursed","The Disciple","The Elementalist","The Judge","The Juggle","The Mystic","The Runesmith","The Sage","The Servant 0.9.4","The Valiant","Trackpad","Uncapped"],"gold_per_floor":[16,16,31,46,60,60,87,97,97,97,22,22,55,65,65,165,165,176,4,18,18,38,38,71,88,88,123,123,140,140,140],"floor_reached":30,"language":"ENG","playtime":6577,"items_purged":["MadScienceMod:Strike_MadScience","MadScienceMod:Strike_MadScience"],"score":349,"play_id":"567c7e72-c3f6-4e5f-ad88-8f440d73a71e","local_time":"20210220191820","is_ascension_mode":true,"campfire_choices":[{"data":"MadScienceMod:PoweredStrike","floor":6,"key":"SMITH"},{"data":"hubris:EnhanceAbility","floor":10,"key":"SMITH"},{"data":"MadScienceMod:Tinker","floor":12,"key":"SMITH"},{"data":"MadScienceMod:ShrinkRay","floor":15,"key":"SMITH"},{"data":"MadScienceMod:TimeDilationField","floor":23,"key":"SMITH"},{"floor":28,"key":"REST"}],"circlet_count":0,"master_deck":["MadScienceMod:Strike_MadScience","MadScienceMod:Strike_MadScience","MadScienceMod:Defend_MadScience","MadScienceMod:Defend_MadScience","MadScienceMod:Defend_MadScience","MadScienceMod:Defend_MadScience","MadScienceMod:PoweredStrike+1","MadScienceMod:HideBehindJunk","hubris:EnhanceAbility+1","MadScienceMod:SoftenUp","MadScienceMod:RadioactiveSword","MadScienceMod:FlexibleSpear","MadScienceMod:Refuel","MadScienceMod:ShrinkRay+1","MadScienceMod:Tinker+1","MadScienceMod:Strafe","MadScienceMod:OilDrum","MadScienceMod:GlassCannon","MadScienceMod:Refuel+1","MadScienceMod:Browse","MadScienceMod:TimeDilationField+1","MadScienceMod:RadioactiveSword","MadScienceMod:FlameCannon","MadScienceMod:OilDrum","MadScienceMod:EnergyBarrier+1","MadScienceMod:Sprocket"],"relics":["MadScienceMod:FuelTank","MealTicket","halation:PrussianBluePaint","Question Card","construct:FoamFinger","Replay:Bronze Core","ReplayTheSpireMod:TigerMarble","hubris:64BitClover","Orichalcum"],"acts_visited":["Exordium","TheCity"],"potions_floor_usage":[13,18,24,25,27,29,30],"damage_taken":[{"damage":0,"enemies":"2 Louse","floor":1,"turns":4},{"damage":1,"enemies":"Cultist","floor":3,"turns":6},{"damage":0,"enemies":"Small Slimes","floor":4,"turns":3},{"damage":1,"enemies":"Looter","floor":5,"turns":4},{"damage":22,"enemies":"3 Sentries","floor":7,"turns":9},{"damage":4,"enemies":"Gremlin Gang","floor":8,"turns":4},{"damage":29,"enemies":"Gremlin Nob","floor":13,"turns":5},{"damage":0,"enemies":"Exordium Thugs","floor":14,"turns":4},{"damage":0,"enemies":"The Guardian","floor":16,"turns":13},{"damage":17,"enemies":"Spheric Guardian","floor":18,"turns":10},{"damage":0,"enemies":"2 Thieves","floor":20,"turns":4},{"damage":2,"enemies":"Shelled Parasite and Fungi","floor":22,"turns":5},{"damage":3,"enemies":"Slavers","floor":24,"turns":8},{"damage":9,"enemies":"Centurion and Healer","floor":25,"turns":5},{"damage":49,"enemies":"Gremlin Leader","floor":27,"turns":10},{"damage":26,"enemies":"Sentry and Sphere","floor":29,"turns":9},{"damage":27,"enemies":"Slavers","floor":30,"turns":1}],"seed_played":"-1317156889656673057","potions_obtained":[{"floor":1,"key":"bronze:BurnAndBuffPotion"},{"floor":4,"key":"LiquidBronze"},{"floor":8,"key":"FearPotion"},{"floor":13,"key":"Fruit Juice"},{"floor":16,"key":"AttackPotion"},{"floor":18,"key":"DuplicationPotion"},{"floor":24,"key":"Energy Potion"},{"floor":27,"key":"PowerPotion"}],"is_trial":false,"path_per_floor":["M","?","M","M","M","R","E","M","T","R","$","R","E","M","R","B",null,"M","$","M","?","M","R","E","M","T","E","R","M","E"],"character_chosen":"MAD_SCIENTIST","items_purchased":["MadScienceMod:Browse"],"campfire_rested":1,"item_purchase_floors":[19],"current_hp_per_floor":[75,75,74,74,73,73,51,47,47,47,62,62,33,33,33,33,75,63,78,78,78,79,79,76,67,67,18,42,16,0,0],"gold":140,"neow_bonus":"RANDOM_COLORLESS_2","is_daily":false,"chose_seed":false,"campfire_upgraded":5,"win_rate":0.0,"timestamp":1613845100,"path_taken":["M","?","?","M","M","R","E","?","T","R","$","R","E","M","R","BOSS","M","$","M","?","M","R","E","?","T","E","R","M","E"],"items_purchased_type":["Card"],"build_version":"2020-12-22","purchased_purges":2,"victory":false,"max_hp_per_floor":[75,75,75,75,75,75,75,75,75,75,75,75,75,75,75,75,75,80,80,80,80,80,80,80,80,80,80,80,80,80,80],"card_choices":[{"not_picked":["Replay:Resounding Blow","Violence"],"picked":"hubris:EnhanceAbility","floor":0},{"not_picked":["MadScienceMod:Refuel","MadScienceMod:MechanicalClaw"],"picked":"MadScienceMod:SoftenUp","floor":1},{"not_picked":["MadScienceMod:AcidSpray","MadScienceMod:Strafe"],"picked":"MadScienceMod:RadioactiveSword","floor":3},{"not_picked":["MadScienceMod:FragmentationGrenade","MadScienceMod:Tune"],"picked":"MadScienceMod:FlexibleSpear","floor":4},{"not_picked":["MadScienceMod:FlameCannon","MadScienceMod:FlexibleSpear"],"picked":"MadScienceMod:Refuel","floor":5},{"not_picked":["MadScienceMod:FragmentationGrenade","MadScienceMod:SoftenUp"],"picked":"MadScienceMod:ShrinkRay","floor":7},{"not_picked":["MadScienceMod:OmniHammer","MadScienceMod:ExtractOil"],"picked":"MadScienceMod:Tinker","floor":8},{"not_picked":["MadScienceMod:Refuel","MadScienceMod:JunkLaser","MadScienceMod:FlammableWall"],"picked":"MadScienceMod:Strafe","floor":13},{"not_picked":["MadScienceMod:Poke","MadScienceMod:SelfDestruct","MadScienceMod:MindControlBeam"],"picked":"MadScienceMod:OilDrum","floor":14},{"not_picked":["MadScienceMod:Reconstitute","MadScienceMod:Automate","MadScienceMod:FumeHood"],"picked":"MadScienceMod:GlassCannon","floor":16},{"not_picked":["MadScienceMod:Lightbulb","MadScienceMod:MinatureWeapons","MadScienceMod:AntimatterBomb+1"],"picked":"MadScienceMod:Refuel+1","floor":18},{"not_picked":["MadScienceMod:FlameCannon","MadScienceMod:FragmentationGrenade","MadScienceMod:MindControlBeam"],"picked":"MadScienceMod:TimeDilationField","floor":20},{"not_picked":["MadScienceMod:AcidSpray","MadScienceMod:MechanicalClaw","MadScienceMod:NowOrNever"],"picked":"MadScienceMod:RadioactiveSword","floor":22},{"not_picked":["MadScienceMod:EnergyBarrier","MadScienceMod:Detonate","MadScienceMod:FumeBlast"],"picked":"MadScienceMod:FlameCannon","floor":24},{"not_picked":["MadScienceMod:Probe","MadScienceMod:EnergyBarrier","MadScienceMod:LightOnFire+1"],"picked":"MadScienceMod:OilDrum","floor":25},{"not_picked":["MadScienceMod:NowOrNever+1","MadScienceMod:LabAccident","MadScienceMod:ParticleBeam"],"picked":"MadScienceMod:EnergyBarrier+1","floor":27},{"not_picked":["MadScienceMod:FumeBlast+1","MadScienceMod:LightOnFire","MadScienceMod:Refuel+1"],"picked":"MadScienceMod:Sprocket","floor":29}],"player_experience":7589923,"relics_obtained":[{"floor":7,"key":"halation:PrussianBluePaint"},{"floor":9,"key":"Question Card"},{"floor":13,"key":"construct:FoamFinger"},{"floor":21,"key":"ReplayTheSpireMod:TigerMarble"},{"floor":24,"key":"hubris:64BitClover"},{"floor":27,"key":"Orichalcum"}],"event_choices":[{"damage_healed":0,"gold_gain":0,"player_choice":"Gave Potion","damage_taken":0,"relics_obtained":["MealTicket"],"max_hp_gain":0,"max_hp_loss":0,"event_name":"WeMeetAgain","floor":2,"gold_loss":0},{"damage_healed":0,"gold_gain":0,"player_choice":"Relic","damage_taken":0,"max_hp_gain":0,"max_hp_loss":0,"event_name":"Wheel of Change","floor":21,"gold_loss":0}],"is_beta":false,"boss_relics":[{"not_picked":["bronze:MakeshiftBattery","Tiny House"],"picked":"Replay:Bronze Core"}],"items_purged_floors":[11,19],"is_endless":false,"potions_floor_spawned":[1,4,8,13,16,18,20,24,27],"killed_by":"Slavers","ascension_level":1}}