{"host":"gobyjzz6xbwq9f9i","time":1613804892,"event":{"mods":["AchievementEnabler","BaseMod","Bestiary","Colored Map","Minty Spire (QoL Compilation)","Relic Stats","ojb\u0027s Info Mod"],"gold_per_floor":[117,136,156,166,241,267,287,258,327,327,18,18,35,67,67,165,165,185,185,197,210,210,210,224,252,277,154,189,207,207,221,221,221,221],"floor_reached":33,"language":"ENG","playtime":1494,"items_purged":["Defend_R"],"score":477,"play_id":"862a3c3d-ca18-42a1-8d7c-40b120c98569","local_time":"20210219230812","is_ascension_mode":true,"campfire_choices":[{"data":"Uppercut","floor":10,"key":"SMITH"},{"data":"Inflame","floor":12,"key":"SMITH"},{"data":"Iron Wave","floor":15,"key":"SMITH"},{"floor":23,"key":"REST"},{"data":"Uppercut","floor":30,"key":"SMITH"},{"data":"Double Tap","floor":32,"key":"SMITH"}],"circlet_count":0,"master_deck":["AscendersBane","Strike_R","Strike_R","Strike_R","Defend_R","Defend_R","Defend_R","Bash","Twin Strike","Uppercut+1","Iron Wave+1","Shrug It Off","Hemokinesis","Shrug It Off","Inflame+1","Ghostly Armor","Double Tap+1","Bloodletting","Shrug It Off+1","Anger+1","Uppercut+1","Cleave+1","Body Slam+1","Feed","Shrug It Off+1"],"relics":["Burning Blood","Nunchaku","InkBottle","HornCleat","Torii","Philosopher\u0027s Stone","Champion Belt","MealTicket","Omamori"],"acts_visited":["Exordium","TheCity"],"potions_floor_usage":[6,14,14,21,33,33],"damage_taken":[{"damage":3,"enemies":"2 Louse","floor":1,"turns":2},{"damage":1,"enemies":"Cultist","floor":2,"turns":3},{"damage":7,"enemies":"Jaw Worm","floor":3,"turns":3},{"damage":35,"enemies":"Gremlin Gang","floor":4,"turns":6},{"damage":29,"enemies":"Lagavulin","floor":6,"turns":9},{"damage":5,"enemies":"2 Fungi Beasts","floor":7,"turns":4},{"damage":16,"enemies":"Exordium Thugs","floor":8,"turns":5},{"damage":7,"enemies":"Lots of Slimes","floor":13,"turns":6},{"damage":9,"enemies":"3 Sentries","floor":14,"turns":7},{"damage":12,"enemies":"The Guardian","floor":16,"turns":12},{"damage":10,"enemies":"Shell Parasite","floor":18,"turns":4},{"damage":14,"enemies":"Spheric Guardian","floor":20,"turns":4},{"damage":48,"enemies":"Cultist and Chosen","floor":21,"turns":7},{"damage":10,"enemies":"Snake Plant","floor":24,"turns":3},{"damage":49,"enemies":"Book of Stabbing","floor":25,"turns":6},{"damage":19,"enemies":"Gremlin Leader","floor":28,"turns":6},{"damage":16,"enemies":"3 Cultists","floor":29,"turns":4},{"damage":2,"enemies":"Snecko","floor":31,"turns":5},{"damage":31,"enemies":"Champ","floor":33,"turns":8}],"seed_played":"779949377213961986","potions_obtained":[{"floor":4,"key":"Weak Potion"},{"floor":8,"key":"Fire Potion"},{"floor":13,"key":"ColorlessPotion"},{"floor":14,"key":"FairyPotion"},{"floor":18,"key":"BlessingOfTheForge"},{"floor":20,"key":"PowerPotion"},{"floor":29,"key":"Strength Potion"}],"is_trial":false,"path_per_floor":["M","M","M","M","?","E","M","M","T","R","$","R","M","E","R","B",null,"M","?","M","M","?","R","M","E","T","$","E","M","R","M","R","B"],"character_chosen":"IRONCLAD","items_purchased":["Inflame","HornCleat","Fire Potion"],"campfire_rested":1,"item_purchase_floors":[11,11,27],"current_hp_per_floor":[83,88,87,58,50,27,28,18,18,18,18,18,17,14,14,8,68,64,64,56,14,14,40,36,24,24,39,26,16,16,23,23,0,0],"gold":221,"neow_bonus":"TEN_PERCENT_HP_BONUS","is_daily":false,"chose_seed":false,"campfire_upgraded":5,"win_rate":0.0,"timestamp":1613804892,"path_taken":["M","M","M","M","?","E","?","M","T","R","$","R","M","E","R","BOSS","M","?","?","M","?","R","M","E","T","$","E","M","R","?","R","BOSS"],"items_purchased_type":["Card","Relic","Potion"],"build_version":"2020-12-22","purchased_purges":1,"victory":false,"max_hp_per_floor":[88,88,88,88,88,88,88,88,88,88,88,88,88,88,88,88,88,88,88,88,88,88,88,88,88,88,88,88,88,88,91,91,91,91],"relic_stats":{"Nunchaku":[16],"Torii":38,"counters":[19,104],"MealTicket":15,"Champion Belt":[17],"obtain_stats":[{"Nunchaku":6,"HornCleat":11,"Torii":14,"Philosopher\u0027s Stone":17,"MealTicket":26,"Omamori":28,"Champion Belt":25,"Burning Blood":0,"InkBottle":9},{"Nunchaku":5,"HornCleat":7,"Torii":9,"Philosopher\u0027s Stone":10,"MealTicket":15,"Omamori":16,"Champion Belt":15,"Burning Blood":0,"InkBottle":7},{"Nunchaku":23,"HornCleat":32,"Torii":45,"Philosopher\u0027s Stone":57,"MealTicket":81,"Omamori":87,"Champion Belt":81,"Burning Blood":0,"InkBottle":32}],"Burning Blood":108,"InkBottle":[24]},"card_choices":[{"not_picked":["Thunderclap","Uppercut"],"picked":"Twin Strike","floor":1},{"not_picked":["Whirlwind","Pummel"],"picked":"Uppercut","floor":2},{"not_picked":["Sword Boomerang","Wild Strike"],"picked":"Iron Wave","floor":3},{"not_picked":["Sword Boomerang","Spot Weakness"],"picked":"Shrug It Off","floor":4},{"not_picked":["Flex","Intimidate"],"picked":"Hemokinesis","floor":6},{"not_picked":["Warcry","Flex","True Grit"],"picked":"SKIP","floor":7},{"not_picked":["Infernal Blade","Anger"],"picked":"Shrug It Off","floor":8},{"not_picked":["Pommel Strike","Sword Boomerang"],"picked":"Ghostly Armor","floor":13},{"not_picked":["Entrench","Fire Breathing","Clash"],"picked":"SKIP","floor":14},{"not_picked":["Exhume","Juggernaut"],"picked":"Double Tap","floor":16},{"not_picked":["Body Slam","Sentinel+1"],"picked":"Bloodletting","floor":18},{"not_picked":["Clothesline","Warcry+1"],"picked":"Shrug It Off+1","floor":20},{"not_picked":["Iron Wave","Flex"],"picked":"Anger+1","floor":21},{"not_picked":["Shrug It Off","Pummel"],"picked":"Cleave+1","floor":24},{"not_picked":["Clash","Thunderclap"],"picked":"Body Slam+1","floor":25},{"not_picked":["Anger","Dropkick+1"],"picked":"Feed","floor":28},{"not_picked":["Thunderclap","Cleave","Havoc+1"],"picked":"SKIP","floor":29},{"not_picked":["Anger","Flex"],"picked":"Shrug It Off+1","floor":31}],"player_experience":1365052,"relics_obtained":[{"floor":6,"key":"Nunchaku"},{"floor":9,"key":"InkBottle"},{"floor":14,"key":"Torii"},{"floor":25,"key":"Champion Belt"},{"floor":26,"key":"MealTicket"},{"floor":28,"key":"Omamori"}],"event_choices":[{"damage_healed":0,"gold_gain":75,"player_choice":"Touch","damage_taken":8,"max_hp_gain":0,"max_hp_loss":0,"event_name":"FaceTrader","floor":5,"gold_loss":0},{"cards_removed":["Strike_R"],"damage_healed":0,"gold_gain":0,"player_choice":"Purged","damage_taken":0,"max_hp_gain":0,"max_hp_loss":0,"event_name":"Purifier","floor":19,"gold_loss":0},{"damage_healed":0,"gold_gain":0,"cards_transformed":["Strike_R"],"player_choice":"Transformed","damage_taken":0,"max_hp_gain":0,"max_hp_loss":0,"event_name":"Transmorgrifier","floor":22,"gold_loss":0,"cards_obtained":["Uppercut"]}],"is_beta":false,"boss_relics":[{"not_picked":["Tiny House","Calling Bell"],"picked":"Philosopher\u0027s Stone"}],"items_purged_floors":[27],"is_endless":false,"potions_floor_spawned":[4,8,13,14,18,20,29],"killed_by":"Champ","ascension_level":10}}