{"host":"4i5my69dv6e41930","time":1613807955,"event":{"mods":["AchievementEnabler","BaseMod","Minty Spire (QoL Compilation)","Relic Stats"],"gold_per_floor":[111,130,180,197,122,122,154,154,154,173,186,186,186,206,206,277,277,296,314,184,196,196,196,196,196,196,208,237,249,296,308,320,411,423,451,477,149,149,149,176,176,209,209,120,140,153,181,181,181,181,181],"floor_reached":50,"language":"ENG","playtime":6333,"items_purged":["Setup","Underhanded Strike","Phantasmal Killer"],"score":1121,"play_id":"e3e1040a-856a-4c5c-9269-5efb730131aa","local_time":"20210220025915","is_ascension_mode":true,"campfire_choices":[{"data":"Blade Dance","floor":6.0,"key":"SMITH"},{"data":"Neutralize","floor":8.0,"key":"SMITH"},{"data":"Footwork","floor":12.0,"key":"SMITH"},{"data":"Backflip","floor":13.0,"key":"SMITH"},{"data":"Malaise","floor":15.0,"key":"SMITH"},{"data":"Deadly Poison","floor":23.0,"key":"SMITH"},{"data":"Venomology","floor":27.0,"key":"SMITH"},{"floor":29.0,"key":"REST"},{"floor":32.0,"key":"REST"},{"data":"Catalyst","floor":41.0,"key":"SMITH"},{"floor":49,"key":"RECALL"}],"circlet_count":0,"master_deck":["AscendersBane","Survivor","Neutralize+1","Dodge and Roll","Malaise","PiercingWail","Flying Knee","Malaise+1","Dash","Venomology+1","Dagger Spray","Backflip+1","Footwork+1","Dash","PiercingWail","Blade Dance+1","Deadly Poison+1","Backflip","Ghostly","Ghostly","Ghostly","Corpse Explosion","Leg Sweep","Tools of the Trade","Backflip","Backflip","Footwork","Catalyst+1","PiercingWail+1","Noxious Fumes"],"relics":["Pandora\u0027s Box","WingedGreaves","Matryoshka","SacredBark","Enchiridion","MawBank","Pear","Juzu Bracelet","Runic Pyramid","Paper Crane","Centennial Puzzle","Orichalcum","Regal Pillow"],"acts_visited":["Exordium","TheCity","TheBeyond"],"potions_floor_usage":[42,42,45,46,47,47,50,50],"damage_taken":[{"damage":0.0,"enemies":"Small Slimes","floor":1.0,"turns":4.0},{"damage":0.0,"enemies":"Cultist","floor":2.0,"turns":4.0},{"damage":0.0,"enemies":"Jaw Worm","floor":4.0,"turns":3.0},{"damage":7.0,"enemies":"Gremlin Nob","floor":7.0,"turns":4.0},{"damage":1.0,"enemies":"Looter","floor":10.0,"turns":3.0},{"damage":7.0,"enemies":"Gremlin Gang","floor":11.0,"turns":5.0},{"damage":4.0,"enemies":"Large Slime","floor":14.0,"turns":7.0},{"damage":24.0,"enemies":"Hexaghost","floor":16.0,"turns":15.0},{"damage":4.0,"enemies":"Shell Parasite","floor":18.0,"turns":8.0},{"damage":2.0,"enemies":"3 Byrds","floor":19.0,"turns":7.0},{"damage":9.0,"enemies":"Cultist and Chosen","floor":21.0,"turns":9.0},{"damage":9.0,"enemies":"3 Cultists","floor":28.0,"turns":5.0},{"damage":11.0,"enemies":"Slavers","floor":30.0,"turns":5.0},{"damage":22.0,"enemies":"Collector","floor":33.0,"turns":12.0},{"damage":1.0,"enemies":"3 Shapes","floor":35.0,"turns":3.0},{"damage":0.0,"enemies":"Orb Walker","floor":36.0,"turns":5.0},{"damage":9.0,"enemies":"Reptomancer","floor":40.0,"turns":12.0},{"damage":9,"enemies":"Giant Head","floor":42,"turns":8},{"damage":3,"enemies":"Maw","floor":45,"turns":13},{"damage":5,"enemies":"Transient","floor":46,"turns":6},{"damage":1,"enemies":"Reptomancer","floor":47,"turns":7},{"damage":19,"enemies":"Donu and Deca","floor":50,"turns":6}],"seed_played":"-3379768113792464183","potions_obtained":[{"floor":2.0,"key":"SkillPotion"},{"floor":10.0,"key":"LiquidBronze"},{"floor":18.0,"key":"DistilledChaos"},{"floor":28.0,"key":"FearPotion"},{"floor":30.0,"key":"DistilledChaos"},{"floor":42,"key":"DistilledChaos"}],"is_trial":false,"path_per_floor":["M","M","?","M","$","R","E","R","T","M","M","R","R","M","R","B",null,"M","M","$","M","?","R","?","?","T","R","M","R","E","?","R","B",null,"M","M","$","?","?","E","R","E","T","$","M","M","E","?","R","B"],"character_chosen":"THE_SILENT","items_purchased":["Deadly Poison","Footwork","Catalyst","SpeedPotion","Noxious Fumes"],"campfire_rested":2,"item_purchase_floors":[20,37,37,37,44],"current_hp_per_floor":[59,59,53,53,53,53,46,46,46,45,38,38,38,34,34,10,52,48,46,46,37,33,33,12,12,22,22,13,25,14,14,26,4,33,32,32,32,32,32,23,23,14,14,14,11,6,5,5,5,0,0],"gold":181,"neow_bonus":"BOSS_RELIC","is_daily":false,"chose_seed":false,"campfire_upgraded":8,"win_rate":0.0,"timestamp":1613807955,"path_taken":["M","M","?","M","?","R","E","R","T","M","?","R","R","?","R","BOSS","M","M","$","M","?","R","?","?","T","R","M","R","E","?","R","BOSS","M","M","$","?","?","E","R","E","T","$","M","M","E","?","R","BOSS"],"items_purchased_type":["Card","Card","Card","Potion","Card"],"build_version":"2020-12-22","purchased_purges":3,"victory":false,"max_hp_per_floor":[66,66,66,66,66,66,66,66,66,66,66,66,66,66,66,66,66,66,66,66,66,33,33,33,33,43,43,43,43,43,43,43,43,43,43,43,43,43,41,41,41,41,41,41,41,41,41,41,41,41,41],"relic_stats":{"Centennial Puzzle":[7],"Regal Pillow":0,"counters":[22,151],"Pandora\u0027s Box":["Dodge and Roll","Malaise","PiercingWail","Setup","Flying Knee","Underhanded Strike","Malaise","Dash","Phantasmal Killer","Venomology"],"Juzu Bracelet":1,"Orichalcum":[42],"MawBank":132,"obtain_stats":[{"Regal Pillow":47,"Pear":26,"SacredBark":17,"Enchiridion":24,"Juzu Bracelet":30,"Paper Crane":40,"Orichalcum":43,"MawBank":26,"Centennial Puzzle":42,"Matryoshka":9,"Pandora\u0027s Box":0,"WingedGreaves":7,"Ring of the Snake":0,"Runic Pyramid":34},{"Regal Pillow":21,"Pear":11,"SacredBark":8,"Enchiridion":11,"Juzu Bracelet":13,"Paper Crane":17,"Orichalcum":18,"MawBank":11,"Centennial Puzzle":18,"Matryoshka":4,"Pandora\u0027s Box":0,"WingedGreaves":4,"Ring of the Snake":0,"Runic Pyramid":14},{"Regal Pillow":145,"Pear":69,"SacredBark":45,"Enchiridion":69,"Juzu Bracelet":79,"Paper Crane":111,"Orichalcum":119,"MawBank":69,"Centennial Puzzle":119,"Matryoshka":15,"Pandora\u0027s Box":0,"WingedGreaves":15,"Ring of the Snake":0,"Runic Pyramid":91}]},"card_choices":[{"not_picked":["Dagger Spray","Bane"],"picked":"Dagger Throw","floor":1.0},{"not_picked":["Bane","Riddle With Holes"],"picked":"Dagger Spray","floor":2.0},{"not_picked":["After Image","Prepared"],"picked":"Blade Dance","floor":4.0},{"not_picked":["Outmaneuver","Flechettes"],"picked":"Backflip","floor":7.0},{"not_picked":["Eviscerate","Cloak And Dagger"],"picked":"Footwork","floor":10.0},{"not_picked":["Skewer","Backstab"],"picked":"Dash","floor":11.0},{"not_picked":["Flying Knee","Slice","Endless Agony"],"picked":"SKIP","floor":14.0},{"not_picked":["Deflect","Flying Knee"],"picked":"PiercingWail","floor":18.0},{"not_picked":["PiercingWail","Backflip+1"],"picked":"Blade Dance+1","floor":19.0},{"not_picked":["Poisoned Stab","Bane"],"picked":"Backflip","floor":21.0},{"not_picked":["Distraction","Caltrops","Slice+1"],"picked":"SKIP","floor":28.0},{"not_picked":["Dagger Throw","Expertise"],"picked":"Leg Sweep","floor":30.0},{"not_picked":["Bullet Time","Unload"],"picked":"Tools of the Trade","floor":33.0},{"not_picked":["Prepared","Heel Hook+1"],"picked":"Backflip","floor":35.0},{"not_picked":["Slice","Prepared"],"picked":"Backflip","floor":36.0},{"not_picked":["Underhanded Strike","Reflex","Predator"],"picked":"SKIP","floor":40.0},{"not_picked":["Backflip+1","Deadly Poison"],"picked":"PiercingWail+1","floor":42},{"not_picked":["Dagger Throw+1","Predator+1","Sucker Punch"],"picked":"SKIP","floor":45},{"not_picked":["Prepared","Slice","Cloak And Dagger"],"picked":"SKIP","floor":46},{"not_picked":["Masterful Stab","Venomology","Heel Hook"],"picked":"SKIP","floor":47}],"player_experience":71142,"relics_obtained":[{"floor":7.0,"key":"WingedGreaves"},{"floor":9.0,"key":"Matryoshka"},{"floor":24.0,"key":"Enchiridion"},{"floor":26.0,"key":"MawBank"},{"floor":26.0,"key":"Pear"},{"floor":30.0,"key":"Juzu Bracelet"},{"floor":40.0,"key":"Paper Crane"},{"floor":42,"key":"Centennial Puzzle"},{"floor":43,"key":"Orichalcum"},{"floor":47,"key":"Regal Pillow"}],"event_choices":[{"damage_healed":0.0,"max_hp_gain":0.0,"max_hp_loss":0.0,"gold_gain":50.0,"event_name":"FaceTrader","player_choice":"Touch","floor":3.0,"gold_loss":0.0,"damage_taken":6.0},{"damage_healed":0.0,"max_hp_gain":0.0,"max_hp_loss":33.0,"gold_gain":0.0,"event_name":"Ghosts","player_choice":"Became a Ghost","floor":22.0,"gold_loss":0.0,"damage_taken":0.0,"cards_obtained":["Ghostly","Ghostly","Ghostly"]},{"damage_healed":0.0,"max_hp_gain":0.0,"max_hp_loss":0.0,"gold_gain":0.0,"event_name":"Cursed Tome","player_choice":"Obtained Book","floor":24.0,"gold_loss":0.0,"damage_taken":21.0},{"damage_healed":0.0,"max_hp_gain":0.0,"max_hp_loss":0.0,"gold_gain":0.0,"cards_transformed":["Dagger Throw"],"event_name":"Transmorgrifier","player_choice":"Transformed","floor":25.0,"gold_loss":0.0,"damage_taken":0.0,"cards_obtained":["Corpse Explosion"]},{"damage_healed":0.0,"max_hp_gain":0.0,"max_hp_loss":0.0,"gold_gain":0.0,"event_name":"The Mausoleum","player_choice":"Ignored","floor":31.0,"gold_loss":0.0,"damage_taken":0.0},{"damage_healed":0.0,"max_hp_gain":0.0,"max_hp_loss":0.0,"gold_gain":0.0,"event_name":"Tomb of Lord Red Mask","player_choice":"Ignored","floor":38.0,"gold_loss":0.0,"damage_taken":0.0},{"damage_healed":0.0,"max_hp_gain":0.0,"max_hp_loss":2.0,"gold_gain":0.0,"event_name":"Winding Halls","player_choice":"Max HP","floor":39.0,"gold_loss":0.0,"damage_taken":0.0},{"cards_removed":["Blade Dance"],"damage_healed":0,"gold_gain":0,"player_choice":"Removed Skill","damage_taken":0,"max_hp_gain":0,"max_hp_loss":0,"event_name":"Falling","floor":48,"gold_loss":0}],"is_beta":false,"boss_relics":[{"not_picked":["Cursed Key","Fusion Hammer"],"picked":"SacredBark"},{"not_picked":["Calling Bell","Sozu"],"picked":"Runic Pyramid"}],"items_purged_floors":[5,20,37],"is_endless":false,"potions_floor_spawned":[2,10,14,16,18,19,28,30,40,42,45],"killed_by":"Donu and Deca","ascension_level":20}}