{"host":"1hzg86ju9fvxh562","time":1613844773,"event":{"mods":["AchievementEnabler","Act Like it!","AlwaysNeverKeys","BaseMod","Bestiary","Better Altar","Better Match","Better Note","Better Third Choice","Block Reminder","Challenge The Spire","Colored Map","Colored Powertips","Curses Come First","Displayed Cursed Tome","Filter the Spire","Highlight Path","Keyboard Shortcuts","Minty Spire (QoL Compilation)","Rare Cards Sparkle","Relic Sorter","Relic Stats","Smile Girya","Spicy Shops","Spire Arcade","StSLib","Wide Potions","everything is the same but u backflip on backflip","slay the spire mod where everything is the same but ironclad has a cowboy hat"],"gold_per_floor":[118,338,338,338,361,402,402,443,443,481,521,541,561,574,574,664,664,679,679,262,262,283,316,335,158,158,210,222,257,302,589,601,712,724,750,762,774,807,1152,1192,1204,1235,1316,506,517,234,251,276,276,276,276],"floor_reached":50,"language":"ENG","playtime":3508,"items_purged":["Strike_G","Strike_G","Strike_G","Defend_G","Defend_G","Defend_G"],"score":1114,"play_id":"05ec1dba-af89-4bf0-a4c0-995f71f9a5fe","local_time":"20210220161253","is_ascension_mode":true,"campfire_choices":[{"data":"Glass Knife","floor":7.0,"key":"SMITH"},{"floor":15.0,"key":"REST"},{"data":"Storm of Steel","floor":28.0,"key":"SMITH"},{"data":"Accuracy","floor":32.0,"key":"SMITH"},{"data":"Expertise","floor":41.0,"key":"SMITH"},{"floor":49.0,"key":"RECALL"}],"circlet_count":0,"master_deck":["AscendersBane","Defend_G","Defend_G","Survivor","Neutralize","Phantasmal Killer","Blade Dance","Backflip","Glass Knife+1","Die Die Die","Accuracy+1","Cloak And Dagger","PiercingWail","Leg Sweep","Quick Slash","Storm of Steel+1","Accuracy","Blade Dance","Reflex","Blade Dance","Blur","Venomology","Cloak And Dagger","Expertise+1","Acrobatics+1","Blade Dance","Reflex"],"relics":["Ring of the Snake","Pear","Gremlin Horn","Question Card","Darkstone Periapt","Odd Mushroom","WristBlade","Ornamental Fan","Nloth\u0027s Gift","Omamori","MawBank","Ninja Scroll","PreservedInsect","Empty Cage","Akabeko","Mercury Hourglass","InkBottle","Mummified Hand","Bag of Preparation","Anchor"],"acts_visited":["Exordium","TheCity","TheBeyond"],"potions_floor_usage":[50],"damage_taken":[{"damage":1.0,"enemies":"Small Slimes","floor":1.0,"turns":5.0},{"damage":0.0,"enemies":"2 Louse","floor":5.0,"turns":2.0},{"damage":17.0,"enemies":"3 Sentries","floor":6.0,"turns":8.0},{"damage":17.0,"enemies":"Gremlin Nob","floor":8.0,"turns":4.0},{"damage":2.0,"enemies":"The Mushroom Lair","floor":10.0,"turns":2.0},{"damage":29.0,"enemies":"Lagavulin","floor":11.0,"turns":8.0},{"damage":0.0,"enemies":"Jaw Worm","floor":12.0,"turns":2.0},{"damage":0.0,"enemies":"3 Louse","floor":13.0,"turns":1.0},{"damage":0.0,"enemies":"Large Slime","floor":14.0,"turns":6.0},{"damage":11.0,"enemies":"Slime Boss","floor":16.0,"turns":11.0},{"damage":0.0,"enemies":"2 Thieves","floor":18.0,"turns":3.0},{"damage":0.0,"enemies":"Spheric Guardian","floor":22.0,"turns":1.0},{"damage":6.0,"enemies":"Slavers","floor":23.0,"turns":4.0},{"damage":0.0,"enemies":"Snake Plant","floor":24.0,"turns":3.0},{"damage":0.0,"enemies":"Gremlin Leader","floor":27.0,"turns":4.0},{"damage":0.0,"enemies":"Slavers","floor":30.0,"turns":2.0},{"damage":12.0,"enemies":"Collector","floor":33.0,"turns":4.0},{"damage":0.0,"enemies":"3 Shapes","floor":35.0,"turns":2.0},{"damage":0.0,"enemies":"Orb Walker","floor":38.0,"turns":2.0},{"damage":8.0,"enemies":"Giant Head","floor":40.0,"turns":4.0},{"damage":11.0,"enemies":"Transient","floor":42.0,"turns":5.0},{"damage":0.0,"enemies":"Sphere and 2 Shapes","floor":45.0,"turns":2.0},{"damage":0.0,"enemies":"Spire Growth","floor":47.0,"turns":3.0},{"damage":9.0,"enemies":"Nemesis","floor":48.0,"turns":3.0},{"damage":40,"enemies":"Time Eater","floor":50,"turns":8}],"seed_played":"-5072509680284972516","potions_obtained":[{"floor":1.0,"key":"Block Potion"},{"floor":2.0,"key":"DistilledChaos"},{"floor":11.0,"key":"EssenceOfSteel"},{"floor":14.0,"key":"CunningPotion"},{"floor":16.0,"key":"Swift Potion"},{"floor":22.0,"key":"GamblersBrew"},{"floor":24.0,"key":"SpeedPotion"}],"is_trial":false,"path_per_floor":["M","?","?","T","M","E","R","E","T","?","E","M","M","M","R","B",null,"M","?","$","?","M","E","M","$","T","E","R","T","E","?","R","B",null,"M","?","?","M","?","E","R","M","T","$","M","$","M","E","R","B"],"character_chosen":"THE_SILENT","items_purchased":["Ornamental Fan","Blade Dance","InkBottle","Mummified Hand","Blade Dance","Bag of Preparation"],"campfire_rested":1,"item_purchase_floors":[20,25,44,44,46,46],"current_hp_per_floor":[58,58,58,68,68,51,51,34,34,32,3,3,3,3,24,13,57,57,57,71,71,71,65,65,65,65,65,65,65,65,65,65,53,67,67,67,67,67,67,59,59,48,48,48,48,48,48,39,39,0,0],"gold":276,"neow_bonus":"ONE_RANDOM_RARE_CARD","is_daily":false,"chose_seed":false,"campfire_upgraded":4,"win_rate":0.0,"timestamp":1613844773,"path_taken":["M","?","?","?","M","E","R","E","T","?","E","M","M","M","R","BOSS","M","?","$","?","?","E","M","$","T","E","R","?","E","?","R","BOSS","M","?","?","?","?","E","R","M","T","?","M","$","M","E","R","BOSS"],"items_purchased_type":["Relic","Card","Relic","Relic","Card","Relic"],"build_version":"2020-12-22","purchased_purges":6,"victory":false,"max_hp_per_floor":[66,66,61,71,71,71,71,71,71,71,71,71,71,71,71,71,71,71,71,71,71,71,71,71,71,71,71,71,71,71,71,71,71,71,71,67,67,67,67,67,67,67,67,67,67,67,67,67,67,67,67],"relic_stats":{"Darkstone Periapt":0,"Gremlin Horn":[23,23],"counters":[25,98],"PreservedInsect":180,"Bag of Preparation":[0],"Question Card":20,"MawBank":216,"Mercury Hourglass":[40],"Ornamental Fan":[236],"Mummified Hand":[5],"Nloth\u0027s Gift":7,"obtain_stats":[{"Darkstone Periapt":9,"Pear":4,"Gremlin Horn":6,"Golden Idol":3,"PreservedInsect":30,"Omamori":23,"Bag of Preparation":46,"Odd Mushroom":10,"Question Card":8,"MawBank":26,"Empty Cage":34,"Akabeko":40,"Mercury Hourglass":43,"Anchor":48,"WristBlade":17,"Ornamental Fan":20,"Ninja Scroll":27,"Mummified Hand":44,"MealTicket":11,"Nloth\u0027s Gift":21,"InkBottle":44,"Ring of the Snake":0},{"Darkstone Periapt":4,"Pear":1,"Gremlin Horn":3,"Golden Idol":1,"PreservedInsect":16,"Omamori":13,"Bag of Preparation":22,"Odd Mushroom":5,"Question Card":4,"MawBank":14,"Empty Cage":17,"Akabeko":20,"Mercury Hourglass":21,"Anchor":24,"WristBlade":10,"Ornamental Fan":11,"Ninja Scroll":15,"Mummified Hand":21,"MealTicket":6,"Nloth\u0027s Gift":11,"InkBottle":21,"Ring of the Snake":0},{"Darkstone Periapt":19,"Pear":5,"Gremlin Horn":15,"Golden Idol":5,"PreservedInsect":66,"Omamori":57,"Bag of Preparation":85,"Odd Mushroom":21,"Question Card":19,"MawBank":60,"Empty Cage":70,"Akabeko":78,"Mercury Hourglass":83,"Anchor":90,"WristBlade":49,"Ornamental Fan":52,"Ninja Scroll":64,"Mummified Hand":83,"MealTicket":29,"Nloth\u0027s Gift":52,"InkBottle":83,"Ring of the Snake":0}],"InkBottle":[11],"Ring of the Snake":[50]},"card_choices":[{"not_picked":["Deflect","PiercingWail"],"picked":"Blade Dance","floor":1.0},{"not_picked":["Bane","Bouncing Flask"],"picked":"Backflip","floor":5.0},{"not_picked":["Distraction","Leg Sweep"],"picked":"Glass Knife","floor":6.0},{"not_picked":["Blade Dance","Noxious Fumes"],"picked":"Die Die Die","floor":8.0},{"not_picked":["Flying Knee","Quick Slash","Cloak And Dagger"],"picked":"Accuracy","floor":10.0},{"not_picked":["Catalyst","Blur","Backstab"],"picked":"Cloak And Dagger","floor":11.0},{"not_picked":["Endless Agony","Acrobatics","Dodge and Roll"],"picked":"PiercingWail","floor":12.0},{"not_picked":["Flechettes","Backflip","Slice"],"picked":"Leg Sweep","floor":13.0},{"not_picked":["Slice","Outmaneuver","Choke"],"picked":"Quick Slash","floor":14.0},{"not_picked":["Unload","Die Die Die","Night Terror"],"picked":"Storm of Steel","floor":16.0},{"not_picked":["Deadly Poison","Bouncing Flask","Deflect"],"picked":"Accuracy","floor":18.0},{"not_picked":["Dagger Spray","Caltrops+1","Flying Knee","Choke"],"picked":"SKIP","floor":22.0},{"not_picked":["Backstab","Escape Plan","Slice"],"picked":"Reflex","floor":23.0},{"not_picked":["Deflect","Catalyst","Sucker Punch","Accuracy"],"picked":"SKIP","floor":24.0},{"not_picked":["Riddle With Holes+1","A Thousand Cuts","Footwork","Flying Knee"],"picked":"SKIP","floor":27.0},{"not_picked":["PiercingWail","Distraction","Glass Knife"],"picked":"Blur","floor":30.0},{"not_picked":["Die Die Die","Doppelganger","Envenom"],"picked":"Venomology","floor":33.0},{"not_picked":["Dodge and Roll+1","Envenom","Die Die Die"],"picked":"Cloak And Dagger","floor":35.0},{"not_picked":["Dodge and Roll","Dagger Throw","Poisoned Stab"],"picked":"Expertise","floor":38.0},{"not_picked":["Riddle With Holes","Doppelganger","Burst"],"picked":"Acrobatics+1","floor":40.0},{"not_picked":["Quick Slash+1","Setup","Acrobatics","Phantasmal Killer"],"picked":"SKIP","floor":42.0},{"not_picked":["Bane","Eviscerate","Dodge and Roll","Blur"],"picked":"SKIP","floor":45.0},{"not_picked":["Dagger Throw","Quick Slash+1","Distraction"],"picked":"Reflex","floor":47.0},{"not_picked":["Corpse Explosion","Acrobatics","Concentrate","Escape Plan"],"picked":"SKIP","floor":48.0}],"player_experience":550066,"relics_obtained":[{"floor":4.0,"key":"Pear"},{"floor":6.0,"key":"Gremlin Horn"},{"floor":8.0,"key":"Question Card"},{"floor":9.0,"key":"Darkstone Periapt"},{"floor":10.0,"key":"Odd Mushroom"},{"floor":11.0,"key":"MealTicket"},{"floor":23.0,"key":"Omamori"},{"floor":26.0,"key":"MawBank"},{"floor":27.0,"key":"Ninja Scroll"},{"floor":30.0,"key":"PreservedInsect"},{"floor":40.0,"key":"Akabeko"},{"floor":43.0,"key":"Mercury Hourglass"},{"floor":48.0,"key":"Anchor"}],"event_choices":[{"damage_healed":0.0,"max_hp_gain":0.0,"max_hp_loss":5.0,"gold_gain":0.0,"event_name":"Golden Idol","player_choice":"Lose Max HP","floor":3.0,"gold_loss":0.0,"damage_taken":0.0,"relics_obtained":["Golden Idol"]},{"damage_healed":0.0,"max_hp_gain":0.0,"max_hp_loss":0.0,"gold_gain":0.0,"event_name":"Mushrooms","player_choice":"Fought Mushrooms","floor":10.0,"gold_loss":0.0,"damage_taken":0.0},{"damage_healed":0.0,"max_hp_gain":0.0,"max_hp_loss":0.0,"gold_gain":0.0,"event_name":"Duplicator","player_choice":"Copied","floor":19.0,"gold_loss":0.0,"damage_taken":0.0,"cards_obtained":["Blade Dance"]},{"damage_healed":0.0,"max_hp_gain":0.0,"max_hp_loss":0.0,"gold_gain":0.0,"event_name":"N\u0027loth","player_choice":"Traded Relic","floor":21.0,"relics_lost":["MealTicket"],"gold_loss":0.0,"damage_taken":0.0,"relics_obtained":["Nloth\u0027s Gift"]},{"damage_healed":0.0,"max_hp_gain":0.0,"max_hp_loss":0.0,"gold_gain":275.0,"event_name":"Golden Shrine","player_choice":"Desecrate","floor":31.0,"gold_loss":0.0,"damage_taken":0.0,"cards_obtained":["Regret"]},{"damage_healed":0.0,"max_hp_gain":0.0,"max_hp_loss":4.0,"gold_gain":0.0,"event_name":"Winding Halls","player_choice":"Max HP","floor":36.0,"gold_loss":0.0,"damage_taken":0.0},{"damage_healed":0.0,"max_hp_gain":0.0,"max_hp_loss":0.0,"gold_gain":0.0,"event_name":"Lab","player_choice":"Got Potions","floor":37.0,"gold_loss":0.0,"damage_taken":0.0},{"damage_healed":0.0,"max_hp_gain":0.0,"max_hp_loss":0.0,"gold_gain":333.0,"event_name":"The Moai Head","player_choice":"Gave Idol","floor":39.0,"relics_lost":["Golden Idol"],"gold_loss":0.0,"damage_taken":0.0}],"is_beta":false,"boss_relics":[{"not_picked":["Busted Crown","SlaversCollar"],"picked":"WristBlade"},{"not_picked":["Philosopher\u0027s Stone","SacredBark"],"picked":"Empty Cage"}],"items_purged_floors":[20,20,25,44,44,46],"is_endless":false,"potions_floor_spawned":[1,5,11,14,16,22,24,35,47,48],"killed_by":"Time Eater","ascension_level":14}}