{"host":"rb2p2z6v6vieend5","time":1613849301,"event":{"mods":["BaseMod","Block Reminder","Colored Map","DeckTracker","Highlight Path","Minty Spire (QoL Compilation)","Random Character Button","Relic Stats"],"gold_per_floor":[17,17,92,42,66,66,101,115,115,136,159,159,159,192,192,318,318,337,337,357,357,380,380,380,380],"floor_reached":24,"language":"ENG","playtime":1063,"items_purged":[],"score":346,"play_id":"74e153cb-ba60-430d-9ffa-4f3cc7116946","local_time":"20210220202821","is_ascension_mode":true,"campfire_choices":[{"data":"Metamorphosis","floor":6,"key":"SMITH"},{"floor":12,"key":"REST"},{"floor":15,"key":"REST"},{"floor":23,"key":"REST"}],"circlet_count":0,"master_deck":["Strike_P+1","Defend_P+1","Defend_P+1","Defend_P+1","Defend_P+1","Eruption","Vigilance","Metamorphosis+1","PathToVictory","Consecrate","BattleHymn+1","Conclude","PathToVictory","TalkToTheHand","MasterReality+1","TalkToTheHand","ClearTheMind","Protect+1"],"relics":["PureWater","Golden Idol","Frozen Egg 2","Lantern","Dream Catcher","Empty Cage"],"acts_visited":["Exordium","TheCity"],"potions_floor_usage":[11,14,14,24,24],"damage_taken":[{"damage":2,"enemies":"2 Louse","floor":1,"turns":4},{"damage":0,"enemies":"Small Slimes","floor":5,"turns":3},{"damage":25,"enemies":"Lagavulin","floor":7,"turns":8},{"damage":2,"enemies":"Jaw Worm","floor":8,"turns":3},{"damage":12,"enemies":"Large Slime","floor":10,"turns":4},{"damage":17,"enemies":"3 Louse","floor":11,"turns":3},{"damage":20,"enemies":"3 Sentries","floor":14,"turns":5},{"damage":0,"enemies":"Slime Boss","floor":16,"turns":2},{"damage":1,"enemies":"Spheric Guardian","floor":18,"turns":3},{"damage":12,"enemies":"3 Byrds","floor":20,"turns":4},{"damage":38,"enemies":"Snecko","floor":22,"turns":6},{"damage":45,"enemies":"Slavers","floor":24,"turns":4}],"seed_played":"6043671261468332930","potions_obtained":[{"floor":7,"key":"EntropicBrew"},{"floor":10,"key":"Fruit Juice"},{"floor":16,"key":"FearPotion"},{"floor":20,"key":"AttackPotion"}],"is_trial":false,"path_per_floor":["M","?","?","?","M","R","E","M","T","M","M","R","?","E","R","B",null,"M","?","M","?","M","R","E"],"character_chosen":"WATCHER","items_purchased":[],"campfire_rested":3,"item_purchase_floors":[],"current_hp_per_floor":[63,63,52,52,52,52,27,25,25,13,1,22,22,14,35,35,63,62,62,50,50,12,33,0,0],"gold":380,"neow_bonus":"RANDOM_COLORLESS_2","is_daily":false,"chose_seed":false,"campfire_upgraded":1,"win_rate":0.0,"timestamp":1613849301,"path_taken":["M","?","?","?","M","R","E","M","T","M","?","R","?","E","R","BOSS","M","?","M","?","?","R","E"],"items_purchased_type":[],"build_version":"2020-12-22","purchased_purges":0,"victory":false,"max_hp_per_floor":[72,67,67,67,67,67,67,67,67,67,72,72,72,72,72,72,72,72,72,72,72,72,72,72,72],"relic_stats":{"Dream Catcher":2,"counters":[12,49],"Golden Idol":69,"obtain_stats":[{"Lantern":9,"Dream Catcher":14,"Golden Idol":2,"PureWater":0,"Frozen Egg 2":7,"Empty Cage":17},{"Lantern":4,"Dream Catcher":7,"Golden Idol":1,"PureWater":0,"Frozen Egg 2":3,"Empty Cage":8},{"Lantern":18,"Dream Catcher":30,"Golden Idol":4,"PureWater":0,"Frozen Egg 2":15,"Empty Cage":32}]},"card_choices":[{"not_picked":["Thinking Ahead","Transmutation"],"picked":"Metamorphosis","floor":0},{"not_picked":["WindmillStrike","DeceiveReality"],"picked":"PathToVictory","floor":1},{"not_picked":["EmptyFist","Fasting2"],"picked":"Consecrate","floor":5},{"not_picked":["CutThroughFate","Prostrate"],"picked":"BattleHymn+1","floor":7},{"not_picked":["FlyingSleeves","CutThroughFate","Crescendo"],"picked":"SKIP","floor":8},{"not_picked":["DeceiveReality","Scrawl"],"picked":"Conclude","floor":10},{"not_picked":["Perseverance","CutThroughFate"],"picked":"PathToVictory","floor":11},{"not_picked":["Weave","FollowUp","ClearTheMind"],"picked":"SKIP","floor":14},{"not_picked":["ClearTheMind","CrushJoints"],"picked":"TalkToTheHand","floor":15},{"not_picked":["DeusExMachina","Omniscience"],"picked":"MasterReality+1","floor":16},{"not_picked":["LikeWater+1","EmptyMind+1"],"picked":"TalkToTheHand","floor":18},{"not_picked":["Prostrate","Worship"],"picked":"Protect+1","floor":20},{"not_picked":["Worship","Crescendo","Prostrate"],"picked":"SKIP","floor":22}],"player_experience":784950,"relics_obtained":[{"floor":7,"key":"Frozen Egg 2"},{"floor":9,"key":"Lantern"},{"floor":14,"key":"Dream Catcher"}],"event_choices":[{"damage_healed":0,"gold_gain":0,"player_choice":"Lose Max HP","damage_taken":0,"relics_obtained":["Golden Idol"],"max_hp_gain":0,"max_hp_loss":5,"event_name":"Golden Idol","floor":2,"gold_loss":0},{"damage_healed":0,"gold_gain":75,"player_choice":"Gather Gold","damage_taken":11,"max_hp_gain":0,"max_hp_loss":0,"event_name":"World of Goop","floor":3,"gold_loss":0},{"cards_removed":["Strike_P"],"damage_healed":0,"gold_gain":0,"player_choice":"Card Removal","damage_taken":0,"max_hp_gain":0,"max_hp_loss":0,"event_name":"The Cleric","floor":4,"gold_loss":50},{"damage_healed":0,"gold_gain":0,"player_choice":"Ignored","damage_taken":0,"max_hp_gain":0,"max_hp_loss":0,"event_name":"Liars Game","floor":13,"gold_loss":0},{"damage_healed":0,"gold_gain":0,"player_choice":"Read","damage_taken":0,"max_hp_gain":0,"max_hp_loss":0,"event_name":"The Library","floor":19,"gold_loss":0,"cards_obtained":["ClearTheMind"]},{"damage_healed":0,"gold_gain":0,"player_choice":"Simplicity","damage_taken":0,"max_hp_gain":0,"max_hp_loss":0,"event_name":"Back to Basics","floor":21,"gold_loss":0,"cards_upgraded":["Strike_P","Defend_P","Defend_P","Defend_P","Defend_P"]}],"is_beta":false,"boss_relics":[{"not_picked":["Fusion Hammer","SlaversCollar"],"picked":"Empty Cage"}],"items_purged_floors":[],"is_endless":false,"potions_floor_spawned":[7,10,16,20,22],"killed_by":"Slavers","ascension_level":7}}