{"host":"19r1ww88x2tc73i0","time":1613807669,"event":{"mods":["BaseMod","BetterRewards","Colored Map","Minty Spire (QoL Compilation)","Relic Stats","StSLib","SuperFastMode","slay the spire mod where everything is the same but ironclad has a cowboy hat"],"gold_per_floor":[116,135,135,4,14,14,14,14,14,46,46,11,11,40,40,115,115,129,144,22,32,48,66,101,101,153,192,192,226,279,279,279,365,365,387,410,423,423,423,467,491,534,534,263,301,262,280,315,315,315,315,315,315,5,41,41],"floor_reached":57,"language":"ENG","playtime":4210,"items_purged":["Strike_G","Strike_G","Strike_G"],"score":3899,"play_id":"0cfd3b86-ac1b-4e4c-a21e-219701b428f1","local_time":"25640220145429","is_ascension_mode":true,"campfire_choices":[{"data":"Predator","floor":6.0,"key":"SMITH"},{"data":"Dagger Throw","floor":8.0,"key":"SMITH"},{"floor":15.0,"key":"RECALL"},{"data":"Accuracy","floor":25.0,"key":"SMITH"},{"data":"After Image","floor":28.0,"key":"SMITH"},{"floor":32.0,"key":"REST"},{"floor":49,"key":"REST"},{"floor":53,"key":"REST"}],"circlet_count":0,"master_deck":["AscendersBane","Defend_G","Defend_G","Defend_G","Survivor","Neutralize+1","PanicButton+1","Predator+1","Dodge and Roll+1","Dagger Throw+1","Cloak And Dagger+1","Malaise+1","After Image+1","Deflect+1","Acrobatics+1","Accuracy+1","Adrenaline+1","Well Laid Plans","Bullet Time+1","Backflip+1","Dagger Spray","Blade Dance+1","PiercingWail+1","Venomology+1","Blade Dance+1","PiercingWail+1","Deflect+1","Burst+1","Backflip+1","A Thousand Cuts+1","Caltrops+1","Cloak And Dagger+1","Master of Strategy+1","Trip+1","Escape Plan+1","Caltrops+1","Setup+1","Noxious Fumes+1"],"relics":["Ring of the Snake","Membership Card","Oddly Smooth Stone","Anchor","Lantern","PreservedInsect","Toxic Egg 2","Juzu Bracelet","Sundial","Dead Branch","Ornamental Fan","Empty Cage","Tiny Chest","CeramicFish","Red Mask","Nunchaku","Fusion Hammer","Omamori","Orichalcum","Tough Bandages","HornCleat","Frozen Egg 2","InkBottle","Bronze Scales","Smiling Mask","HandDrill","Toy Ornithopter","Mummified Hand"],"acts_visited":["Exordium","TheCity","TheBeyond","TheEnding"],"potions_floor_usage":[33,37,40,41,42,48,50,50,51,55,55,56,56,56,56],"damage_taken":[{"damage":12.0,"enemies":"Cultist","floor":1.0,"turns":6.0},{"damage":0.0,"enemies":"Jaw Worm","floor":2.0,"turns":4.0},{"damage":0.0,"enemies":"2 Louse","floor":5.0,"turns":2.0},{"damage":4.0,"enemies":"Lagavulin","floor":10.0,"turns":4.0},{"damage":0.0,"enemies":"3 Sentries","floor":14.0,"turns":3.0},{"damage":18.0,"enemies":"Hexaghost","floor":16.0,"turns":15.0},{"damage":2.0,"enemies":"Chosen","floor":18.0,"turns":6.0},{"damage":0.0,"enemies":"Shell Parasite","floor":19.0,"turns":8.0},{"damage":4.0,"enemies":"Cultist and Chosen","floor":21.0,"turns":9.0},{"damage":0.0,"enemies":"Chosen and Byrds","floor":22.0,"turns":5.0},{"damage":0.0,"enemies":"Snecko","floor":23.0,"turns":6.0},{"damage":0.0,"enemies":"Slavers","floor":24.0,"turns":3.0},{"damage":0.0,"enemies":"Book of Stabbing","floor":27.0,"turns":6.0},{"damage":5.0,"enemies":"Masked Bandits","floor":29.0,"turns":3.0},{"damage":0,"enemies":"Champ","floor":33,"turns":10},{"damage":0,"enemies":"Orb Walker","floor":35,"turns":3},{"damage":0,"enemies":"3 Darklings","floor":37,"turns":5},{"damage":2,"enemies":"Giant Head","floor":40,"turns":6},{"damage":4,"enemies":"Maw","floor":41,"turns":5},{"damage":0,"enemies":"Nemesis","floor":42,"turns":3},{"damage":0,"enemies":"Reptomancer","floor":45,"turns":5},{"damage":0,"enemies":"Giant Head","floor":48,"turns":4},{"damage":15,"enemies":"Awakened One","floor":50,"turns":13},{"damage":6,"enemies":"Time Eater","floor":51,"turns":13},{"damage":17,"enemies":"Shield and Spear","floor":55,"turns":5},{"damage":42,"enemies":"The Heart","floor":56,"turns":8}],"seed_played":"520495968435359823","potions_obtained":[{"floor":2.0,"key":"GhostInAJar"},{"floor":5.0,"key":"Weak Potion"},{"floor":18.0,"key":"SkillPotion"},{"floor":23.0,"key":"AttackPotion"},{"floor":24.0,"key":"Strength Potion"},{"floor":55,"key":"Explosive Potion"}],"is_trial":false,"path_per_floor":["M","M","$","$","M","R","?","R","T","E","?","?","?","E","R","B",null,"M","M","$","M","M","M","E","R","T","E","R","?","T","?","R","B",null,"M","T","M","?","?","E","M","E","T","$","E","$","?","E","R","B","B",null,"R","$","E","B",null],"character_chosen":"THE_SILENT","items_purchased":["Membership Card","Oddly Smooth Stone","Anchor","Lantern","PreservedInsect","Toxic Egg 2","PanicButton+1","Juzu Bracelet","Accuracy","Adrenaline+1","Frozen Egg 2","InkBottle","Backflip+1","Caltrops+1","Cloak And Dagger+1","Caltrops+1","HandDrill","Toy Ornithopter","Setup+1","GamblersBrew"],"campfire_rested":3,"item_purchase_floors":[0,0,0,0,0,0,0,4,20,20,44,44,44,46,46,54,54,54,54,54],"current_hp_per_floor":[47,47,47,47,47,47,52,52,52,48,48,65,58,58,58,40,63,61,61,61,57,57,57,57,57,57,57,57,52,52,32,54,54,71,71,71,71,71,71,69,65,65,65,65,65,65,60,60,72,57,51,67,72,72,55,30],"gold":41,"neow_bonus":"","is_daily":false,"chose_seed":false,"campfire_upgraded":4,"win_rate":0.0,"timestamp":1613807669,"path_taken":["M","M","?","$","M","R","?","R","T","E","?","?","?","E","R","BOSS","M","M","$","M","M","M","E","R","T","E","R","?","?","?","R","BOSS","M","?","M","?","?","E","M","E","T","$","E","$","?","E","R","BOSS","BOSS","R","$","E","BOSS"],"items_purchased_type":["Relic","Relic","Relic","Relic","Relic","Relic","Card","Relic","Card","Card","Relic","Relic","Card","Card","Card","Card","Relic","Relic","Card","Potion"],"build_version":"2020-12-22","purchased_purges":3,"victory":true,"max_hp_per_floor":[66,66,66,66,66,66,71,71,71,71,71,71,71,71,71,71,71,71,71,71,71,71,71,71,71,71,71,71,71,71,76,76,76,76,76,76,76,76,72,72,72,72,72,72,72,72,72,72,72,72,72,72,72,72,72,72],"relic_stats":{"counters":[84,426],"Dead Branch":[400],"CeramicFish":162,"PreservedInsect":597,"Juzu Bracelet":1,"Orichalcum":[0],"Smiling Mask":13,"Nunchaku":[33],"Tough Bandages":[165],"Sundial":[22],"Ornamental Fan":[560],"Mummified Hand":[58],"Bronze Scales":[242],"Tiny Chest":1,"HandDrill":[10],"obtain_stats":[{"Calipers":0,"CeramicFish":27,"Vajra":11,"Ginger":46,"Sozu":34,"Blood Vial":13,"Centennial Puzzle":11,"HornCleat":43,"Sundial":9,"Strawberry":26,"Fusion Hammer":34,"HandDrill":54,"Toxic Egg 2":0,"Dead Branch":10,"Oddly Smooth Stone":0,"Pen Nib":9,"War Paint":26,"Du-Vu Doll":0,"SlaversCollar":17,"Bronze Scales":45,"Snecko Eye":17,"Black Star":17,"StrikeDummy":10,"Pocketwatch":12,"Lantern":10,"StoneCalendar":29,"Snake Skull":23,"Juzu Bracelet":25,"PrismaticShard":0,"Empty Cage":17,"Smiling Mask":48,"Nunchaku":30,"Tough Bandages":42,"Mummified Hand":55,"Gambling Chip":0,"Tiny Chest":2,"Red Mask":29,"InkBottle":44,"Ring of the Snake":0,"Runic Pyramid":34,"Potion Belt":6,"The Specimen":0,"Thread and Needle":40,"PreservedInsect":0,"Omamori":36,"Frozen Egg 2":0,"Orichalcum":40,"Anchor":42,"Ornamental Fan":30,"Membership Card":0,"TungstenRod":24,"Toy Ornithopter":54},{"Calipers":0,"CeramicFish":71,"Vajra":17,"Ginger":57,"Sozu":30,"Blood Vial":40,"Centennial Puzzle":5,"HornCleat":78,"Sundial":61,"Strawberry":26,"Fusion Hammer":73,"HandDrill":82,"Toxic Egg 2":58,"Dead Branch":62,"Oddly Smooth Stone":58,"Pen Nib":4,"War Paint":47,"Du-Vu Doll":33,"SlaversCollar":20,"Bronze Scales":79,"Snecko Eye":42,"Black Star":7,"StrikeDummy":17,"Pocketwatch":5,"Lantern":38,"StoneCalendar":27,"Snake Skull":24,"Juzu Bracelet":26,"PrismaticShard":12,"Empty Cage":64,"Smiling Mask":80,"Nunchaku":72,"Tough Bandages":78,"Mummified Hand":83,"Gambling Chip":12,"Tiny Chest":1,"Red Mask":72,"InkBottle":78,"Ring of the Snake":0,"Runic Pyramid":50,"Potion Belt":3,"The Specimen":33,"Thread and Needle":55,"PreservedInsect":58,"Omamori":74,"Frozen Egg 2":0,"Orichalcum":76,"Anchor":56,"Ornamental Fan":48,"Membership Card":58,"TungstenRod":46,"Toy Ornithopter":82},{"Calipers":0,"CeramicFish":343,"Vajra":86,"Ginger":259,"Sozu":135,"Blood Vial":176,"Centennial Puzzle":37,"HornCleat":378,"Sundial":278,"Strawberry":115,"Fusion Hammer":356,"HandDrill":413,"Toxic Egg 2":266,"Dead Branch":282,"Oddly Smooth Stone":266,"Pen Nib":26,"War Paint":206,"Du-Vu Doll":150,"SlaversCollar":92,"Bronze Scales":383,"Snecko Eye":187,"Black Star":54,"StrikeDummy":86,"Pocketwatch":37,"Lantern":168,"StoneCalendar":118,"Snake Skull":108,"Juzu Bracelet":115,"PrismaticShard":74,"Empty Cage":300,"Smiling Mask":387,"Nunchaku":346,"Tough Bandages":378,"Mummified Hand":418,"Gambling Chip":74,"Tiny Chest":6,"Red Mask":346,"InkBottle":378,"Ring of the Snake":0,"Runic Pyramid":223,"Potion Belt":22,"The Specimen":150,"Thread and Needle":245,"PreservedInsect":266,"Omamori":359,"Frozen Egg 2":0,"Orichalcum":370,"Anchor":251,"Ornamental Fan":209,"Membership Card":266,"TungstenRod":203,"Toy Ornithopter":413}],"InkBottle":[40],"Toy Ornithopter":17,"Ring of the Snake":[168]},"card_choices":[{"not_picked":["Flechettes","Dodge and Roll+1"],"picked":"Predator","floor":1.0},{"not_picked":["Setup+1","All Out Attack"],"picked":"Dodge and Roll+1","floor":2.0},{"not_picked":["PiercingWail+1","Calculated Gamble+1"],"picked":"Dagger Throw","floor":5.0},{"not_picked":["Distraction+1","Slice"],"picked":"Cloak And Dagger+1","floor":10.0},{"not_picked":["Bouncing Flask+1","Doppelganger+1"],"picked":"Malaise+1","floor":14.0},{"not_picked":["Bullet Time+1","Burst+1"],"picked":"After Image","floor":16.0},{"not_picked":["Quick Slash","Poisoned Stab"],"picked":"Deflect+1","floor":18.0},{"not_picked":["Poisoned Stab","Choke"],"picked":"Acrobatics+1","floor":19.0},{"not_picked":["Poisoned Stab","Flying Knee"],"picked":"Well Laid Plans","floor":21.0},{"not_picked":["Prepared+1","Tactician+1"],"picked":"Bullet Time+1","floor":22.0},{"not_picked":["Dodge and Roll+1","Slice"],"picked":"Backflip+1","floor":23.0},{"not_picked":["Setup+1","Choke"],"picked":"Dagger Spray","floor":24.0},{"not_picked":["Skewer","Backflip+1"],"picked":"Blade Dance+1","floor":27.0},{"not_picked":["Leg Sweep+1","Flying Knee"],"picked":"PiercingWail+1","floor":29.0},{"not_picked":["Night Terror+1","Envenom"],"picked":"Venomology+1","floor":33},{"not_picked":["Acrobatics+1","Noxious Fumes"],"picked":"Blade Dance+1","floor":35},{"not_picked":["Flying Knee+1","Dash","Skewer"],"picked":"SKIP","floor":37},{"not_picked":["Riddle With Holes","Eviscerate"],"picked":"PiercingWail+1","floor":40},{"not_picked":["Backstab","Heel Hook"],"picked":"Deflect+1","floor":41},{"not_picked":["Slice","Dagger Spray"],"picked":"Burst+1","floor":42},{"not_picked":["Acrobatics+1","Backflip+1"],"picked":"A Thousand Cuts+1","floor":45},{"not_picked":["Deep Breath+1","Secret Technique+1"],"picked":"Master of Strategy+1","floor":47},{"not_picked":["Mind Blast","Swift Strike"],"picked":"Trip+1","floor":47},{"not_picked":["Choke+1","Expertise+1"],"picked":"Escape Plan+1","floor":48},{"not_picked":["Reflex+1","Underhanded Strike"],"picked":"Noxious Fumes+1","floor":55}],"player_experience":1132155,"relics_obtained":[{"floor":9.0,"key":"Sundial"},{"floor":10.0,"key":"Dead Branch"},{"floor":14.0,"key":"Ornamental Fan"},{"floor":24.0,"key":"Tiny Chest"},{"floor":27.0,"key":"CeramicFish"},{"floor":29.0,"key":"Red Mask"},{"floor":30.0,"key":"Nunchaku"},{"floor":36,"key":"Omamori"},{"floor":40,"key":"Orichalcum"},{"floor":42,"key":"Tough Bandages"},{"floor":43,"key":"HornCleat"},{"floor":45,"key":"Bronze Scales"},{"floor":48,"key":"Smiling Mask"},{"floor":55,"key":"Mummified Hand"}],"event_choices":[{"damage_healed":0.0,"max_hp_gain":5.0,"max_hp_loss":0.0,"gold_gain":0.0,"event_name":"Big Fish","player_choice":"Donut","floor":7.0,"gold_loss":0.0,"damage_taken":0.0},{"damage_healed":0.0,"max_hp_gain":0.0,"max_hp_loss":0.0,"gold_gain":0.0,"event_name":"Living Wall","player_choice":"Grow","floor":11.0,"gold_loss":0.0,"damage_taken":0.0,"cards_upgraded":["Neutralize"]},{"damage_healed":17.0,"max_hp_gain":0.0,"max_hp_loss":0.0,"gold_gain":0.0,"event_name":"The Cleric","player_choice":"Healed","floor":12.0,"gold_loss":35.0,"damage_taken":0.0},{"cards_removed":["Defend_G"],"damage_healed":0.0,"max_hp_gain":0.0,"max_hp_loss":0.0,"gold_gain":0.0,"event_name":"Golden Wing","player_choice":"Card Removal","floor":13.0,"gold_loss":0.0,"damage_taken":7.0},{"damage_healed":0.0,"max_hp_gain":0.0,"max_hp_loss":0.0,"gold_gain":0.0,"event_name":"Masked Bandits","player_choice":"Fought Bandits","floor":29.0,"gold_loss":0.0,"damage_taken":0.0},{"damage_healed":0.0,"max_hp_gain":5.0,"max_hp_loss":0.0,"gold_gain":0.0,"event_name":"Forgotten Altar","player_choice":"Shed Blood","floor":31.0,"gold_loss":0.0,"damage_taken":25.0},{"cards_removed":["Defend_G"],"damage_healed":0,"gold_gain":0,"player_choice":"Removed Skill","damage_taken":0,"max_hp_gain":0,"max_hp_loss":0,"event_name":"Falling","floor":38,"gold_loss":0},{"damage_healed":0,"gold_gain":0,"player_choice":"Max HP","damage_taken":0,"max_hp_gain":0,"max_hp_loss":4,"event_name":"Winding Halls","floor":39,"gold_loss":0},{"damage_healed":0,"gold_gain":0,"player_choice":"Memory 2","damage_taken":5,"max_hp_gain":0,"max_hp_loss":0,"event_name":"SensoryStone","floor":47,"gold_loss":0}],"is_beta":false,"boss_relics":[{"not_picked":["Tiny House","Cursed Key"],"picked":"Empty Cage"},{"not_picked":["Runic Pyramid","Pandora\u0027s Box"],"picked":"Fusion Hammer"}],"items_purged_floors":[0,4,54],"is_endless":false,"potions_floor_spawned":[2,5,18,23,24,35,41,45,55],"ascension_level":20}}