{"host":"yp2ga117svxnbcen","time":1613865006,"event":{"mods":["Act Like it!","Aspiration","BaseMod","BetterRewards","ChefMod","Colored Map","Conspire","Custom Start","Downfall","Elementarium","Gensokyo","GifTheSpireLib","Gold Saver","GungeonMod","Halation","Hallownest","Hermit","HornydragonMod","Hubris","Menagerie","Minty Spire (QoL Compilation)","Quick Restart","Remove Card Discount Mod","Replay The Spire","Shop Mod","Spicy Shops","StSLib","Stuff the Spire","The Blue Laboratory","The IronCluck","egg","slay the spire mod where everything is the same but ironclad has a cowboy hat","??????REMEMod"],"gold_per_floor":[119,119,109,109,126,126,138,138,138,138,169,182,212,312,312,312,312],"floor_reached":16,"language":"ENG","playtime":404,"items_purged":["Injury","Strike_B","Strike_B","Strike_B","Strike_B"],"score":207,"play_id":"9ee4ade4-29dc-4d44-a469-292600390a6e","local_time":"20210220155006","is_ascension_mode":true,"campfire_choices":[{"data":"Consume","floor":6,"key":"SMITH"},{"data":"Loop","floor":8,"key":"SMITH"},{"data":"Sunder","floor":10,"key":"SMITH"},{"data":"Delirium","floor":15,"key":"PURGE"}],"circlet_count":0,"master_deck":["Defend_B","Defend_B","Defend_B","Defend_B","Zap","Dualcast","hubris:PowerSurge","Consume+1","StuffTheSpire:Plugnplay","StuffTheSpire:Plugnplay","Core Surge","Loop+1","StuffTheSpire:LoadUp","Ball Lightning","Sunder+1","StuffTheSpire:Snapshot","Force Field","CurseOfTheBell","CurseOfTheBell","hubris:Prefetch","CommonCold"],"relics":["Cracked Core","REME_ComplimentaryCards","Replay:Rubber Ducky","hubris:ToyBattleship","Onion Ring","Bag of Marbles","Blue Doll","downfall:ExtraCursedBell","Quantum Egg","Oddly Smooth Stone","Peace Pipe"],"acts_visited":["Exordium"],"potions_floor_usage":[16,16],"damage_taken":[{"damage":3,"enemies":"Gensokyo:2_Kodama","floor":1,"turns":3},{"damage":12,"enemies":"Gensokyo:3_Fairies","floor":5,"turns":3},{"damage":0,"enemies":"Gensokyo:Python","floor":7,"turns":2},{"damage":16,"enemies":"Gensokyo:Aya","floor":11,"turns":3},{"damage":6,"enemies":"Gensokyo:2_Rabbits","floor":12,"turns":3},{"damage":0,"enemies":"Gensokyo:Mamizou","floor":13,"turns":4},{"damage":47,"enemies":"Gensokyo:Reimu","floor":16,"turns":5}],"seed_played":"3485144935991398606","potions_obtained":[{"floor":11,"key":"SkillPotion"},{"floor":13,"key":"blueLaboratory:PlasmaFuel"}],"is_trial":false,"path_per_floor":["M","?","$","?","M","R","M","R","T","R","E","M","E","?","R","B"],"character_chosen":"DEFECT","items_purchased":["hubris:PowerSurge","Consume","StuffTheSpire:Plugnplay","StuffTheSpire:Plugnplay","Core Surge","Loop","Replay:Rubber Ducky"],"campfire_rested":0,"item_purchase_floors":[0,0,0,0,0,0,0],"current_hp_per_floor":[72,72,72,75,63,63,63,63,63,63,47,41,41,41,41,0,0],"gold":312,"neow_bonus":"","is_daily":false,"chose_seed":false,"campfire_upgraded":3,"win_rate":0.0,"timestamp":1613865006,"path_taken":["M","?","$","?","M","R","?","R","T","R","E","M","E","?","R","BOSS"],"items_purchased_type":["Card","Card","Card","Card","Card","Card","Relic"],"build_version":"2020-12-22","purchased_purges":5,"victory":false,"max_hp_per_floor":[75,75,75,75,75,75,75,75,75,75,75,75,75,75,75,75,75],"card_choices":[{"not_picked":["ReplaySort","BasicCrystalCard"],"picked":"StuffTheSpire:LoadUp","floor":1},{"not_picked":["Compile Driver","Go for the Eyes"],"picked":"Ball Lightning","floor":5},{"not_picked":["Skim","Leap"],"picked":"Sunder","floor":7},{"not_picked":["Sweeping Beam","Streamline"],"picked":"StuffTheSpire:SnapShoot","floor":11},{"not_picked":["conspire:Rain","StuffTheSpire:Plugnplay","Redo"],"picked":"SKIP","floor":12},{"not_picked":["conspire:Rain","StuffTheSpire:Plugnplay","Redo"],"picked":"SKIP","floor":12},{"not_picked":["ReplayTheSpireMod:Dual Polarity","Doom and Gloom"],"picked":"Force Field","floor":13}],"player_experience":1184516,"relics_obtained":[{"floor":9,"key":"Onion Ring"},{"floor":11,"key":"Bag of Marbles"},{"floor":13,"key":"Blue Doll"},{"floor":14,"key":"Quantum Egg"},{"floor":14,"key":"Oddly Smooth Stone"},{"floor":14,"key":"Peace Pipe"}],"event_choices":[],"is_beta":false,"boss_relics":[],"items_purged_floors":[3,3,3,3,3],"is_endless":false,"potions_floor_spawned":[1,11,12,13],"killed_by":"Gensokyo:Reimu","ascension_level":3}}