{"host":"bplbr8uekuotory4","time":1613832551,"event":{"mods":["Act Like it!","BaseMod","GungeonMod","Hermit","KinomotoSakuraMod(ƒæ÷Æ±æ”£)","Marisa£®ÏF”Í°°ƒß¿Ì…≥£©","Minty Spire (QoL Compilation)","Prisma Mod","Quick Restart","Reimu£®≤©¿ˆ¡È√Œ£©","SOS£®Àπ∞Õ¥Ô÷Æ◊”£©","Spicy Shops","StSLib","TestMod","The Blackbeard","The Cursed","The Mystic","The Saiyan","The Senshi","The Servant 0.9.4","Yuri Mod","[IsaacMod]“‘»ˆº‚À˛"],"gold_per_floor":[113,113,132,145,160,191,207,207,207,207,157,182,182,199,199,199,199],"floor_reached":16,"language":"ZHS","playtime":310,"items_purged":[],"score":251,"play_id":"f192fcc6-db79-4294-81fa-3f38a762a05c","local_time":"20210220224911","is_ascension_mode":true,"campfire_choices":[{"data":"hermit:Glare","floor":8,"key":"SMITH"},{"data":"hermit:Covet","floor":10,"key":"SMITH"},{"data":"hermit:PistolWhip","floor":13,"key":"SMITH"},{"data":"hermit:Snapshot","floor":15,"key":"SMITH"}],"circlet_count":0,"master_deck":["AscendersBane","hermit:Strike_Hermit","hermit:Strike_Hermit","hermit:Strike_Hermit","hermit:Strike_Hermit","hermit:Defend_Hermit","hermit:Defend_Hermit","hermit:Snapshot+1","hermit:Covet+1","hermit:Glare+1","hermit:PistolWhip+1"],"relics":["hermit:Momento","testmod-TestBox","HushsDoor","GuppysHead","testmod-ObsoleteBoomerang","Art of War"],"acts_visited":["Exordium"],"potions_floor_usage":[0,6,16,16],"damage_taken":[{"damage":0,"enemies":"Small Slimes","floor":1,"turns":2},{"damage":6,"enemies":"Jaw Worm","floor":3,"turns":2},{"damage":0,"enemies":"Cultist","floor":4,"turns":2},{"damage":9,"enemies":"Exordium Wildlife","floor":5,"turns":3},{"damage":0,"enemies":"3 Sentries","floor":6,"turns":1},{"damage":8,"enemies":"Red Slaver","floor":7,"turns":2},{"damage":0,"enemies":"Gremlin Nob","floor":12,"turns":2},{"damage":0,"enemies":"Looter","floor":14,"turns":2},{"damage":0,"enemies":"Hexaghost","floor":16,"turns":2}],"seed_played":"796895625614237635","potions_obtained":[{"floor":0,"key":"Fruit Juice"},{"floor":0,"key":"GamblersBrew"},{"floor":0,"key":"DuplicationPotion"},{"floor":6,"key":"FearPotion"}],"is_trial":false,"path_per_floor":["M","?","M","M","M","E","M","R","T","R","?","E","R","M","R","B"],"character_chosen":"HERMIT","items_purchased":[],"campfire_rested":0,"item_purchase_floors":[],"current_hp_per_floor":[73,66,60,60,51,51,43,43,43,43,43,43,43,43,43,43,43],"gold":199,"neow_bonus":"THREE_SMALL_POTIONS","is_daily":false,"chose_seed":false,"campfire_upgraded":4,"win_rate":0.0,"timestamp":1613832551,"path_taken":["M","?","M","M","M","E","M","R","T","R","?","E","R","?","R","BOSS"],"items_purchased_type":[],"build_version":"2020-12-22","purchased_purges":0,"victory":false,"max_hp_per_floor":[80,80,80,80,80,80,80,80,80,80,80,80,80,80,80,80,80],"card_choices":[{"not_picked":["hermit:TakeAim","hermit:TrackingShot"],"picked":"Bomb","floor":0},{"not_picked":["hermit:Dive","hermit:Misfire","hermit:Showdown"],"picked":"SKIP","floor":1},{"not_picked":["hermit:Deadeye","hermit:BodyArmor","hermit:Misfire"],"picked":"SKIP","floor":3},{"not_picked":["hermit:Ricochet","hermit:HighCaliber","hermit:Feint"],"picked":"SKIP","floor":4},{"not_picked":["hermit:HighCaliber","hermit:Magnum","hermit:CalledShot"],"picked":"SKIP","floor":5},{"not_picked":["hermit:BodyArmor","hermit:Brawl"],"picked":"hermit:Glare","floor":6},{"not_picked":["hermit:Showdown","hermit:Virtue","hermit:Roulette"],"picked":"SKIP","floor":7},{"not_picked":["hermit:Determination","hermit:TakeCover"],"picked":"hermit:PistolWhip","floor":12},{"not_picked":["hermit:ItchyTrigger","hermit:LowProfile","hermit:Malice"],"picked":"SKIP","floor":14}],"player_experience":1159428,"relics_obtained":[{"floor":12,"key":"Art of War"}],"event_choices":[{"cards_removed":["hermit:Defend_Hermit"],"damage_healed":0,"gold_gain":0,"player_choice":"Card Removal","damage_taken":7,"max_hp_gain":0,"max_hp_loss":0,"event_name":"Golden Wing","floor":2,"gold_loss":0},{"cards_removed":["hermit:Defend_Hermit"],"damage_healed":0,"gold_gain":0,"player_choice":"Card Removal","damage_taken":0,"max_hp_gain":0,"max_hp_loss":0,"event_name":"The Cleric","floor":11,"gold_loss":50}],"is_beta":false,"boss_relics":[],"items_purged_floors":[],"is_endless":false,"potions_floor_spawned":[6,7,12],"killed_by":"Hexaghost","ascension_level":11}}