{"host":"03pi0pe4ecuih572","time":1613812941,"event":{"mods":["BaseMod","BetterRewards","Colored Powertips","Marisa（F雨　魔理沙）","Minty Spire (QoL Compilation)","Rare Cards Sparkle","Reimu（博丽灵梦）","Remilia（蕾米莉亚）","StSLib"],"gold_per_floor":[112,112,187,187,112,137,229,297,324,376,376,376],"floor_reached":11,"language":"ZHS","playtime":639,"items_purged":["Poor:ReiMu"],"score":222,"play_id":"db139985-400b-4dba-b435-d0774f3b4bfb","local_time":"20210220172221","daily_mods":["SealedDeck","Heirloom","Flight","Elite Swarm"],"is_ascension_mode":false,"campfire_choices":[],"circlet_count":0,"master_deck":["StarOfDavid+1","UnstableMagic","BloodyTrap","FavorOfDestiny","BlasphemousPunishment","VampireKiss","ReincarnationDial","CharismaGuard+1","CharismaGuard","MastersStateliness","FavorOfDestiny","CurseOfVladTepes","QueenOfMidnight"],"relics":["ScarletHat","Peace Pipe","YidongShenshe:ReiMu","Nunchaku","Ornamental Fan","Lantern","Potion Belt","Blood Vial"],"acts_visited":["Exordium"],"potions_floor_usage":[],"damage_taken":[{"damage":10.0,"enemies":"2 Louse","floor":1.0,"turns":3.0},{"damage":15,"enemies":"Gremlin Nob","floor":6,"turns":5},{"damage":17,"enemies":"3 Sentries","floor":7,"turns":13},{"damage":13,"enemies":"Gremlin Nob","floor":8,"turns":3},{"damage":0,"enemies":"Lagavulin","floor":10,"turns":9},{"damage":0,"enemies":"3 Sentries","floor":11,"turns":1}],"seed_played":"-4066273986949909340","potions_obtained":[{"floor":6,"key":"ZuzhouPotion:ReiMu"},{"floor":7,"key":"SneckoOil"},{"floor":7,"key":"SmokeBomb"},{"floor":10,"key":"ColorlessPotion"},{"floor":10,"key":"FearPotion"}],"is_trial":true,"path_per_floor":["M","?","?","?","$","E","E","E","T","E","E"],"character_chosen":"REMILIA","items_purchased":[],"campfire_rested":0,"item_purchase_floors":[],"current_hp_per_floor":[65,65,54,39,39,30,16,6,6,14,16,16],"gold":376,"neow_bonus":"","is_daily":false,"chose_seed":false,"campfire_upgraded":0,"win_rate":0.0,"timestamp":1613812941,"path_taken":["M","?","?","?","$","E","E","E","T","E","E"],"items_purchased_type":[],"build_version":"2020-12-22","purchased_purges":1,"victory":false,"max_hp_per_floor":[75,75,75,75,75,75,75,75,75,75,75,75],"card_choices":[{"not_picked":["RedRainbow","GlobalNightmare"],"picked":"FavorOfDestiny","floor":1.0},{"not_picked":["HeartBreak","BatForm"],"picked":"CurseOfVladTepes","floor":6},{"not_picked":["ChaoticDestiny","BloodyHallows","BloodRain"],"picked":"SKIP","floor":7},{"not_picked":["ChaoticDestiny","TransientEternity"],"picked":"QueenOfMidnight","floor":8},{"not_picked":["BloodRain","QueenOfMidnight","HellCatastrophe"],"picked":"SKIP","floor":10}],"player_experience":1140513,"relics_obtained":[{"floor":6,"key":"Nunchaku"},{"floor":7,"key":"Ornamental Fan"},{"floor":8,"key":"Lantern"},{"floor":9,"key":"Potion Belt"},{"floor":10,"key":"Blood Vial"}],"event_choices":[{"damage_healed":0,"gold_gain":0,"player_choice":"带走神社","damage_taken":0,"relics_obtained":["YidongShenshe:ReiMu"],"max_hp_gain":0,"max_hp_loss":0,"event_name":"yidonshenshe","floor":2,"gold_loss":0,"cards_obtained":["Poor:ReiMu"]},{"damage_healed":0,"gold_gain":75,"player_choice":"Gather Gold","damage_taken":11,"max_hp_gain":0,"max_hp_loss":0,"event_name":"World of Goop","floor":3,"gold_loss":0},{"damage_healed":0,"gold_gain":0,"player_choice":"Entered Light","damage_taken":15,"max_hp_gain":0,"max_hp_loss":0,"event_name":"Shining Light","floor":4,"gold_loss":0,"cards_upgraded":["StarOfDavid","CharismaGuard"]}],"is_beta":false,"boss_relics":[],"items_purged_floors":[5],"is_endless":true,"potions_floor_spawned":[7,10],"killed_by":"3 Sentries","ascension_level":0}}