{"host":"khwpnvgc3av0w6xd","time":1613833215,"event":{"mods":["BaseMod","Block Reminder","Colored Map","DeckTracker","Highlight Path","Minty Spire (QoL Compilation)","Quick Restart"],"gold_per_floor":[115,115,125,125,3,29,29,62,85,102,118,118,447,466,466,569,569,585,500,500,514,552,552,259,313,313,344,344,344,344,359,359,486,486,503,541,541,541],"floor_reached":37,"language":"DEU","playtime":1773,"items_purged":[],"score":525,"play_id":"38dd2096-34ce-4fdb-a7cf-8fc4b27ac77d","local_time":"20210220160015","is_ascension_mode":true,"campfire_choices":[{"data":"Eruption","floor":7,"key":"SMITH"},{"floor":12,"key":"REST"},{"data":"Ragnarok","floor":15,"key":"SMITH"},{"floor":23,"key":"REST"},{"floor":29,"key":"REST"},{"floor":32,"key":"REST"}],"circlet_count":0,"master_deck":["Strike_P","Strike_P","Strike_P","Defend_P","Defend_P","Defend_P","Eruption+1","Vigilance","EmptyFist+1","ClearTheMind+1","Prostrate","BowlingBash","Indignation+1","Collect","Wireheading","Ragnarok+1","Prostrate","Devotion","DevaForm","Crescendo+1","Wish","Brilliance+1","ConjureBlade","Fasting2","Scrawl"],"relics":["PureWater","NeowsBlessing","War Paint","Damaru","Regal Pillow","Old Coin","SlaversCollar","Unceasing Top","Akabeko","Juzu Bracelet","Nunchaku","Whetstone","Orichalcum","Busted Crown"],"acts_visited":["Exordium","TheCity","TheBeyond"],"potions_floor_usage":[8,13,18,22,25,27,27],"damage_taken":[{"damage":0,"enemies":"Cultist","floor":1,"turns":1},{"damage":0,"enemies":"2 Louse","floor":3,"turns":1},{"damage":0,"enemies":"Lagavulin","floor":6,"turns":1},{"damage":26,"enemies":"3 Sentries","floor":8,"turns":6},{"damage":7,"enemies":"Jaw Worm","floor":10,"turns":2},{"damage":7,"enemies":"2 Fungi Beasts","floor":11,"turns":2},{"damage":0,"enemies":"Lagavulin","floor":13,"turns":2},{"damage":15,"enemies":"Red Slaver","floor":14,"turns":4},{"damage":24,"enemies":"Slime Boss","floor":16,"turns":6},{"damage":7,"enemies":"Chosen","floor":18,"turns":4},{"damage":33,"enemies":"Spheric Guardian","floor":21,"turns":4},{"damage":16,"enemies":"Centurion and Healer","floor":22,"turns":5},{"damage":28,"enemies":"Gremlin Leader","floor":25,"turns":5},{"damage":4,"enemies":"Book of Stabbing","floor":27,"turns":4},{"damage":46,"enemies":"Snake Plant","floor":31,"turns":5},{"damage":40,"enemies":"Champ","floor":33,"turns":7},{"damage":38,"enemies":"3 Darklings","floor":35,"turns":5},{"damage":16,"enemies":"3 Shapes","floor":36,"turns":5},{"damage":24,"enemies":"Jaw Worm Horde","floor":37,"turns":1}],"seed_played":"-1443541464365767881","potions_obtained":[{"floor":3,"key":"Strength Potion"},{"floor":8,"key":"Fruit Juice"},{"floor":11,"key":"Ambrosia"},{"floor":13,"key":"DistilledChaos"},{"floor":14,"key":"EssenceOfSteel"},{"floor":18,"key":"Dexterity Potion"},{"floor":25,"key":"BlessingOfTheForge"},{"floor":31,"key":"StancePotion"}],"is_trial":false,"path_per_floor":["M","?","M","?","$","E","R","E","T","M","M","R","E","M","R","B",null,"M","?","?","M","M","R","$","E","T","E","?","R","?","M","R","B",null,"M","M","M"],"character_chosen":"WATCHER","items_purchased":["BowlingBash","Indignation","Akabeko","Juzu Bracelet"],"campfire_rested":4,"item_purchase_floors":[5,5,24,24],"current_hp_per_floor":[72,72,72,72,72,72,72,51,51,44,37,75,75,60,60,36,77,70,70,70,37,21,59,59,31,31,27,27,65,65,19,57,17,77,39,23,0,0],"gold":541,"neow_bonus":"THREE_ENEMY_KILL","is_daily":false,"chose_seed":false,"campfire_upgraded":2,"win_rate":0.0,"timestamp":1613833215,"path_taken":["M","?","?","?","$","E","R","E","T","M","?","R","E","M","R","BOSS","M","?","?","M","?","R","$","E","T","E","?","R","?","M","R","BOSS","M","M","M"],"items_purchased_type":["Card","Card","Relic","Relic"],"build_version":"2020-12-22","purchased_purges":0,"victory":false,"max_hp_per_floor":[72,72,72,72,72,72,72,77,77,77,77,77,77,77,77,77,77,77,77,77,77,77,77,77,77,77,77,77,77,77,77,77,77,77,77,77,77,77],"card_choices":[{"not_picked":["FollowUp","Adaptation"],"picked":"EmptyFist","floor":1},{"not_picked":["Weave","Pray"],"picked":"ClearTheMind","floor":3},{"not_picked":["Vengeance","Consecrate"],"picked":"Collect","floor":6},{"not_picked":["CutThroughFate","PathToVictory"],"picked":"Wireheading","floor":8},{"not_picked":["Worship","Swivel"],"picked":"Ragnarok","floor":10},{"not_picked":["Protect","WaveOfTheHand","Halt"],"picked":"SKIP","floor":11},{"not_picked":["EmptyBody","SashWhip"],"picked":"Prostrate","floor":13},{"not_picked":["CarveReality","ForeignInfluence"],"picked":"Devotion","floor":14},{"not_picked":["Judgement","Alpha"],"picked":"DevaForm","floor":16},{"not_picked":["ThirdEye","EmptyBody"],"picked":"Crescendo+1","floor":18},{"not_picked":["InnerPeace","Halt","ThirdEye"],"picked":"SKIP","floor":21},{"not_picked":["JustLucky","ClearTheMind","InnerPeace"],"picked":"SKIP","floor":22},{"not_picked":["Study+1","Collect+1"],"picked":"Brilliance","floor":25},{"not_picked":["Prostrate+1","Halt"],"picked":"ConjureBlade","floor":27},{"not_picked":["WreathOfFlame","ClearTheMind"],"picked":"Fasting2","floor":31},{"not_picked":["Ragnarok","SpiritShield"],"picked":"Scrawl","floor":33},{"not_picked":["SashWhip"],"picked":"SKIP","floor":35},{"not_picked":["EmptyBody"],"picked":"SKIP","floor":36}],"player_experience":109204,"relics_obtained":[{"floor":6,"key":"War Paint"},{"floor":8,"key":"Damaru"},{"floor":9,"key":"Regal Pillow"},{"floor":13,"key":"Old Coin"},{"floor":25,"key":"Nunchaku"},{"floor":27,"key":"Whetstone"}],"event_choices":[{"damage_healed":0,"gold_gain":0,"player_choice":"Bought 0 Potions","damage_taken":0,"max_hp_gain":0,"max_hp_loss":0,"event_name":"The Woman in Blue","floor":2,"gold_loss":0},{"damage_healed":0,"gold_gain":0,"cards_transformed":["Defend_P"],"player_choice":"Transformed","damage_taken":0,"max_hp_gain":0,"max_hp_loss":0,"event_name":"Transmorgrifier","floor":4,"gold_loss":0,"cards_obtained":["Prostrate"]},{"damage_healed":0,"gold_gain":0,"player_choice":"Obtained Relic","damage_taken":0,"relics_obtained":["Unceasing Top"],"max_hp_gain":0,"max_hp_loss":0,"event_name":"Addict","floor":19,"gold_loss":85},{"damage_healed":0,"gold_gain":0,"cards_transformed":["Strike_P"],"player_choice":"Transformed","damage_taken":0,"max_hp_gain":0,"max_hp_loss":0,"event_name":"Transmorgrifier","floor":20,"gold_loss":0,"cards_obtained":["Wish"]},{"damage_healed":0,"gold_gain":0,"player_choice":"Ignored","damage_taken":0,"max_hp_gain":0,"max_hp_loss":0,"event_name":"Beggar","floor":28,"gold_loss":0},{"damage_healed":0,"gold_gain":0,"player_choice":"Opened","damage_taken":0,"relics_obtained":["Orichalcum"],"max_hp_gain":0,"max_hp_loss":0,"event_name":"The Mausoleum","floor":30,"gold_loss":0}],"is_beta":false,"boss_relics":[{"not_picked":["Astrolabe","Sozu"],"picked":"SlaversCollar"},{"not_picked":["Coffee Dripper","Pandora\u0027s Box"],"picked":"Busted Crown"}],"items_purged_floors":[],"is_endless":false,"potions_floor_spawned":[3,8,11,13,14,18,25,31],"killed_by":"Jaw Worm Horde","ascension_level":2}}