{"host":"sr8h12zimc8zi8zs","time":1613819410,"event":{"mods":["2.2 Compatiblity","AchievementEnabler","BaseMod","CapriCore","GifTheSpireLib","Minty Spire (QoL Compilation)","Permanent Neow","StSLib"],"gold_per_floor":[119,38,58,75,30,30,30,30,30,59,59,59,59],"floor_reached":12,"language":"KOR","playtime":854,"items_purged":["Strike_B"],"score":76,"play_id":"5ad54e3e-6387-4b02-92b5-e018d10d57c0","local_time":"20210220201010","is_ascension_mode":false,"campfire_choices":[{"data":"Fusion","floor":6,"key":"SMITH"},{"data":"Auto Shields","floor":8,"key":"SMITH"}],"circlet_count":0,"master_deck":["Strike_B","Strike_B","Strike_B","Defend_B","Defend_B","Defend_B","Defend_B","Zap","Dualcast","CurseOfTheBell","Fusion+1","Auto Shields+1","Stack","Streamline"],"relics":["Calling Bell","Smiling Mask","The Courier","StoneCalendar","Cables"],"acts_visited":["Exordium"],"potions_floor_usage":[4,12],"damage_taken":[{"damage":7,"enemies":"Cultist","floor":1,"turns":5},{"damage":9,"enemies":"2 Louse","floor":3,"turns":4},{"damage":0,"enemies":"Small Slimes","floor":4,"turns":3},{"damage":7,"enemies":"Looter","floor":5,"turns":5},{"damage":24,"enemies":"3 Sentries","floor":10,"turns":7},{"damage":37,"enemies":"Gremlin Nob","floor":12,"turns":4}],"seed_played":"-202852504630695289","potions_obtained":[{"floor":1,"key":"BlessingOfTheForge"},{"floor":4,"key":"Fruit Juice"}],"is_trial":false,"path_per_floor":["M","$","M","M","M","R","$","R","T","E","$","E"],"character_chosen":"DEFECT","items_purchased":["Fusion"],"campfire_rested":0,"item_purchase_floors":[2],"current_hp_per_floor":[68,68,59,64,57,57,57,57,57,33,33,0,0],"gold":59,"neow_bonus":"BOSS_RELIC","is_daily":false,"chose_seed":false,"campfire_upgraded":2,"win_rate":0.0,"timestamp":1613819410,"path_taken":["M","$","M","M","M","R","$","R","T","E","$","E"],"items_purchased_type":["Card"],"build_version":"2020-12-22","purchased_purges":1,"victory":false,"max_hp_per_floor":[75,75,75,80,80,80,80,80,80,80,80,80,80],"card_choices":[{"not_picked":["Conserve Battery","Redo","Turbo"],"picked":"SKIP","floor":1},{"not_picked":["Conserve Battery","Beam Cell","Coolheaded"],"picked":"SKIP","floor":3},{"not_picked":["Cold Snap","Steam Power"],"picked":"Auto Shields","floor":4},{"not_picked":["Compile Driver","Storm"],"picked":"Stack","floor":5},{"not_picked":["Steam","Thunder Strike"],"picked":"Streamline","floor":10}],"player_experience":148421,"relics_obtained":[{"floor":0,"key":"Smiling Mask"},{"floor":0,"key":"The Courier"},{"floor":0,"key":"StoneCalendar"},{"floor":10,"key":"Cables"}],"event_choices":[],"is_beta":false,"boss_relics":[],"items_purged_floors":[2],"is_endless":false,"potions_floor_spawned":[1,4],"killed_by":"Gremlin Nob","ascension_level":0}}