{"host":"9rxgn077cyjlend4","time":1613864642,"event":{"mods":["BaseMod","Minty Spire (QoL Compilation)","StSLib"],"gold_per_floor":[116,116,136,154,165,165,165,199,246,246,275,291,291,308,308,382,382,396,321,321,341,94,127,138,163,187,206,206,236,236,248,248,322,322,339,339,339,11,36,36,36,36],"floor_reached":41,"language":"ENG","playtime":2129,"items_purged":["Strike_R"],"score":918,"play_id":"dbb4e67b-3bd9-4730-8251-31221f494418","local_time":"20210220234402","is_ascension_mode":true,"campfire_choices":[{"data":"Uppercut","floor":6,"key":"SMITH"},{"data":"Twin Strike","floor":10,"key":"SMITH"},{"data":"True Grit","floor":15,"key":"SMITH"},{"data":"Limit Break","floor":30,"key":"SMITH"},{"data":"Shockwave","floor":32,"key":"SMITH"},{"data":"Whirlwind","floor":40,"key":"SMITH"}],"circlet_count":0,"master_deck":["AscendersBane","Strike_R","Strike_R","Strike_R","Defend_R","Defend_R","Defend_R","Defend_R","Bash+1","Twin Strike+1","Sword Boomerang","Uppercut+1","Metallicize","Immolate","Carnage","Limit Break+1","True Grit+1","Impervious","Shockwave+1","Whirlwind+1","Shrug It Off","Infernal Blade+1","Offering","Inflame","Shockwave+1","Flame Barrier","Double Tap"],"relics":["Burning Blood","Eternal Feather","Orichalcum","Strawberry","Juzu Bracelet","Velvet Choker","Red Skull","Meat on the Bone","The Courier","Omamori","SlaversCollar","Orrery","Kunai","Shovel"],"acts_visited":["Exordium","TheCity","TheBeyond"],"potions_floor_usage":[8,11,16,16,25,25,33],"damage_taken":[{"damage":13,"enemies":"Small Slimes","floor":1,"turns":5},{"damage":2,"enemies":"Cultist","floor":3,"turns":4},{"damage":2,"enemies":"Jaw Worm","floor":4,"turns":3},{"damage":13,"enemies":"2 Fungi Beasts","floor":5,"turns":4},{"damage":24,"enemies":"Gremlin Nob","floor":8,"turns":4},{"damage":18,"enemies":"3 Sentries","floor":11,"turns":7},{"damage":0,"enemies":"Gremlin Gang","floor":12,"turns":1},{"damage":4,"enemies":"Blue Slaver","floor":14,"turns":3},{"damage":15,"enemies":"The Guardian","floor":16,"turns":14},{"damage":15,"enemies":"Spheric Guardian","floor":18,"turns":5},{"damage":20,"enemies":"3 Byrds","floor":21,"turns":8},{"damage":12,"enemies":"Book of Stabbing","floor":23,"turns":4},{"damage":2,"enemies":"Centurion and Healer","floor":24,"turns":6},{"damage":6,"enemies":"Slavers","floor":25,"turns":3},{"damage":3,"enemies":"3 Cultists","floor":27,"turns":4},{"damage":24,"enemies":"Gremlin Leader","floor":29,"turns":4},{"damage":4,"enemies":"Snecko","floor":31,"turns":4},{"damage":44,"enemies":"Champ","floor":33,"turns":17},{"damage":53,"enemies":"3 Darklings","floor":35,"turns":5},{"damage":20,"enemies":"Mind Bloom Boss Battle","floor":39,"turns":6},{"damage":56,"enemies":"Nemesis","floor":41,"turns":6}],"seed_played":"-3220204213542722744","potions_obtained":[{"floor":1,"key":"Regen Potion"},{"floor":8,"key":"Explosive Potion"},{"floor":11,"key":"Weak Potion"},{"floor":12,"key":"FearPotion"},{"floor":21,"key":"SteroidPotion"},{"floor":23,"key":"SneckoOil"},{"floor":24,"key":"DistilledChaos"},{"floor":31,"key":"HeartOfIron"}],"is_trial":false,"path_per_floor":["M","?","M","M","M","R","?","E","T","R","E","M","?","M","R","B",null,"M","$","?","M","$","E","M","E","T","M","?","E","R","M","R","B",null,"M","?","?","$","?","R","E"],"character_chosen":"IRONCLAD","items_purchased":["Red Skull","Whirlwind","Orrery","Kunai"],"campfire_rested":0,"item_purchase_floors":[22,22,38,38],"current_hp_per_floor":[61,61,65,69,62,62,27,21,28,34,22,28,28,30,39,30,69,60,60,48,34,34,28,44,56,56,59,35,29,41,55,67,41,76,41,41,41,41,39,54,0,0],"gold":36,"neow_bonus":"UPGRADE_CARD","is_daily":false,"chose_seed":false,"campfire_upgraded":6,"win_rate":0.0,"timestamp":1613864642,"path_taken":["M","?","?","M","M","R","?","E","T","R","E","M","?","M","R","BOSS","M","$","?","M","$","E","M","E","T","M","?","E","R","M","R","BOSS","M","?","?","$","?","R","E"],"items_purchased_type":["Relic","Card","Relic","Relic"],"build_version":"2020-12-22","purchased_purges":1,"victory":false,"max_hp_per_floor":[75,75,75,75,75,75,75,75,82,82,82,82,82,82,82,82,82,82,82,82,82,82,82,82,82,82,82,87,87,87,87,87,87,87,87,87,87,87,87,87,87,87],"card_choices":[{"not_picked":["Dropkick","Power Through"],"picked":"Twin Strike","floor":3},{"not_picked":["Cleave","Armaments"],"picked":"Sword Boomerang","floor":4},{"not_picked":["Clash","Dropkick"],"picked":"Uppercut","floor":5},{"not_picked":["Feel No Pain","Wild Strike"],"picked":"Metallicize","floor":8},{"not_picked":["Pommel Strike","Hemokinesis"],"picked":"Immolate","floor":11},{"not_picked":["Pommel Strike","Shrug It Off"],"picked":"Carnage","floor":12},{"not_picked":["Warcry","Infernal Blade","Flex"],"picked":"SKIP","floor":14},{"not_picked":["Barricade","Juggernaut"],"picked":"Impervious","floor":16},{"not_picked":["True Grit","Wild Strike","Cleave"],"picked":"SKIP","floor":18},{"not_picked":["Thunderclap+1","Sever Soul"],"picked":"Shockwave","floor":21},{"not_picked":["Searing Blow","Headbutt"],"picked":"Shrug It Off","floor":23},{"not_picked":["Thunderclap","Shrug It Off","Armaments"],"picked":"SKIP","floor":24},{"not_picked":["Headbutt","Clash"],"picked":"Infernal Blade+1","floor":25},{"not_picked":["Dropkick","Cleave","Perfected Strike"],"picked":"SKIP","floor":27},{"not_picked":["Barricade","Dual Wield","Warcry"],"picked":"SKIP","floor":29},{"not_picked":["Whirlwind","Twin Strike","Wild Strike"],"picked":"SKIP","floor":31},{"not_picked":["Impervious","Barricade"],"picked":"Offering","floor":33},{"not_picked":["Reckless Charge","Headbutt","Perfected Strike"],"picked":"SKIP","floor":35},{"not_picked":["Carnage","True Grit"],"picked":"Inflame","floor":38},{"not_picked":["Shrug It Off","Metallicize+1"],"picked":"Shockwave+1","floor":38},{"not_picked":["Wild Strike","Perfected Strike+1"],"picked":"Flame Barrier","floor":38},{"not_picked":["Clash+1","Rage"],"picked":"Double Tap","floor":39}],"player_experience":685825,"relics_obtained":[{"floor":8,"key":"Orichalcum"},{"floor":9,"key":"Strawberry"},{"floor":11,"key":"Juzu Bracelet"},{"floor":23,"key":"Meat on the Bone"},{"floor":25,"key":"The Courier"},{"floor":29,"key":"Omamori"},{"floor":39,"key":"Shovel"}],"event_choices":[{"cards_removed":["Strike_R"],"damage_healed":0,"gold_gain":0,"player_choice":"Offered Basic","damage_taken":0,"max_hp_gain":0,"max_hp_loss":0,"event_name":"Bonfire Elementals","floor":2,"gold_loss":0},{"damage_healed":0,"gold_gain":0,"player_choice":"Success","damage_taken":35,"relics_obtained":["Eternal Feather"],"max_hp_gain":0,"max_hp_loss":0,"event_name":"Scrap Ooze","floor":7,"gold_loss":0},{"damage_healed":0,"gold_gain":0,"player_choice":"2 cards matched","damage_taken":0,"max_hp_gain":0,"max_hp_loss":0,"event_name":"Match and Keep!","floor":13,"gold_loss":0,"cards_obtained":["Limit Break","True Grit"]},{"damage_healed":0,"gold_gain":0,"player_choice":"Damaged","damage_taken":12,"max_hp_gain":0,"max_hp_loss":0,"event_name":"Wheel of Change","floor":20,"gold_loss":0},{"damage_healed":0,"gold_gain":0,"player_choice":"Shed Blood","damage_taken":29,"max_hp_gain":5,"max_hp_loss":0,"event_name":"Forgotten Altar","floor":28,"gold_loss":0},{"damage_healed":0,"gold_gain":0,"player_choice":"Cursed","damage_taken":0,"max_hp_gain":0,"max_hp_loss":0,"event_name":"Wheel of Change","floor":36,"gold_loss":0,"cards_obtained":["Decay"]},{"damage_healed":0,"gold_gain":0,"player_choice":"Memory 1","damage_taken":0,"max_hp_gain":0,"max_hp_loss":0,"event_name":"SensoryStone","floor":37,"gold_loss":0},{"damage_healed":0,"gold_gain":0,"player_choice":"Fight","damage_taken":0,"max_hp_gain":0,"max_hp_loss":0,"event_name":"MindBloom","floor":39,"gold_loss":0}],"is_beta":false,"boss_relics":[{"not_picked":["Philosopher\u0027s Stone","Sozu"],"picked":"Velvet Choker"},{"not_picked":["Black Blood","Busted Crown"],"picked":"SlaversCollar"}],"items_purged_floors":[19],"is_endless":false,"potions_floor_spawned":[1,8,11,12,21,23,24,31],"killed_by":"Nemesis","ascension_level":20}}