{"host":"r9uivonio18rfam2","time":1613828868,"event":{"mods":["2.2 Compatiblity","AchievementEnabler","Act Like it!","Aspiration","BaseMod","Beaked The Cultist","Better Altar","Better Match","Better Note","Better Sensory Stone","Better Skull","Better Third Choice","BetterRewards","Challenge The Spire","Colored Map","Colored Powertips","Conspire","Downfall","Elementarium","Energized Spire","Hermit","Infinite Spire","Jedi Mod","Minty Spire (QoL Compilation)","Permanent Neow","Potionbrewer","Quick Restart","Reliquary","Replay The Spire","Shop Mod","Spicy Shops","Spikes Relics","StSLib","The Blue Laboratory","The Jungle","Wandering Minibosses"],"gold_per_floor":[114,114,81,81,93,125,125,125,125,151,162,162,190,210,210,311,311,329,329,329,341,341,341],"floor_reached":22,"language":"ENG","playtime":1493,"items_purged":["Normality","Strike_B"],"score":410,"play_id":"45474251-89ea-4280-861d-7dc1ebfb58c6","local_time":"20210220084748","is_ascension_mode":true,"campfire_choices":[{"data":"Burst","floor":7.0,"key":"SMITH"},{"data":"Crystallizer","floor":12.0,"key":"SMITH"},{"data":"ReplayTheSpireMod:Fabricate Wheel","floor":15.0,"key":"SMITH"}],"circlet_count":0,"master_deck":["Strike_B","Strike_B","Strike_B","Defend_B+1","Defend_B+1","Defend_B+1","Defend_B+1","Dualcast","Hologram+1","Crystallizer+1","FIFO Queue","Burst+1","Beam Cell","ReplayTheSpireMod:Calculation Training","Doom and Gloom","Deadly Poison","Skim","Consume","Machine Learning","Core Surge","Time Bomb","Cold Snap","Doom and Gloom","Sweeping Beam+1","Storm"],"relics":["infinitespire:Satchel","reliquary:TuningFork","aspiration:EnhancedActuators","Medical Kit","FaceOfCleric","reliquary:IridiumChain","Ring of the Snake","Replay:Baseball","Lizard Tail","Replay:Bottled Eggs","infinitespire:CheckeredPen","Prayer Wheel","energizedSpire:EnergizedDie","jedi:Pinwheel"],"acts_visited":["Exordium","TheCity"],"potions_floor_usage":[22],"damage_taken":[{"damage":1.0,"enemies":"Small Slimes","floor":1.0,"turns":3.0},{"damage":3.0,"enemies":"2 Louse","floor":5.0,"turns":2.0},{"damage":11.0,"enemies":"Replay:BlueRogue","floor":6.0,"turns":5.0},{"damage":37.0,"enemies":"Lagavulin","floor":10.0,"turns":6.0},{"damage":0.0,"enemies":"Cultist","floor":11.0,"turns":2.0},{"damage":7.0,"enemies":"3 Sentries","floor":13.0,"turns":8.0},{"damage":7.0,"enemies":"Large Slime","floor":14.0,"turns":4.0},{"damage":16.0,"enemies":"The Guardian","floor":16.0,"turns":13.0},{"damage":17.0,"enemies":"Spheric Guardian","floor":18.0,"turns":7.0},{"damage":32.0,"enemies":"Shell Parasite","floor":19.0,"turns":6.0},{"damage":6.0,"enemies":"conspire:HollyBat","floor":21.0,"turns":7.0},{"damage":14,"enemies":"Snake Plant","floor":22,"turns":2}],"seed_played":"1463430310723961697","potions_obtained":[{"floor":14.0,"key":"Reflective Coating"}],"is_trial":false,"path_per_floor":["M","?","$","?","M","E","R","?","T","E","M","R","E","M","R","B",null,"M","M","?","M","M"],"character_chosen":"DEFECT","items_purchased":["infinitespire:Satchel","reliquary:TuningFork","Hologram+1","aspiration:EnhancedActuators","Crystallizer","Medical Kit","blueLaboratory:BottleOfVodka","jedi:coolantleak","FearPotion","Beam Cell"],"campfire_rested":0,"item_purchase_floors":[0,0,0,0,0,0,0,0,0,3],"current_hp_per_floor":[43,38,38,38,36,26,26,26,26,39,40,40,34,28,28,13,65,49,18,18,13,0,0],"gold":341,"neow_bonus":"","is_daily":false,"chose_seed":false,"campfire_upgraded":3,"win_rate":0.0,"timestamp":1613828868,"path_taken":["M","?","$","?","?","E","R","?","T","E","M","R","E","M","R","BOSS","M","M","?","M","M"],"items_purchased_type":["Relic","Relic","Card","Relic","Card","Relic","Potion","Potion","Potion","Card"],"build_version":"2020-12-22","purchased_purges":2,"victory":false,"max_hp_per_floor":[75,75,75,75,76,77,77,77,77,78,79,79,80,81,81,82,82,83,84,84,85,85,85],"card_choices":[{"not_picked":["ReplayGash","Go for the Eyes"],"picked":"FIFO Queue","floor":1.0},{"not_picked":["Steam Power","Reprogram"],"picked":"ReplayTheSpireMod:Calculation Training","floor":5.0},{"not_picked":["Barrage","ReplayTheSpireMod:Repulse"],"picked":"Doom and Gloom","floor":6.0},{"not_picked":["Cold Snap","Reinforced Body","Rip and Tear"],"picked":"SKIP","floor":10.0},{"not_picked":["BasicCrystalCard","Compile Driver"],"picked":"Skim","floor":11.0},{"not_picked":["Gash","Stack"],"picked":"Consume","floor":13.0},{"not_picked":["jedi:BurstLightning","jedi:hex"],"picked":"ReplayTheSpireMod:Fabricate Wheel","floor":14.0},{"not_picked":["All For One","Creative AI"],"picked":"Core Surge","floor":16.0},{"not_picked":["Rebound+1","Turbo"],"picked":"Time Bomb","floor":18.0},{"not_picked":["Fusion","jedi:blockon","jedi:overflow"],"picked":"SKIP","floor":18.0},{"not_picked":["Loop","Sunder"],"picked":"Cold Snap","floor":19.0},{"not_picked":["conspire:SharedLibrary","Redo"],"picked":"Doom and Gloom","floor":19.0},{"not_picked":["jedi:BurstLightning","jedi:BurstFrost"],"picked":"Sweeping Beam+1","floor":21.0},{"not_picked":["ReplayTheSpireMod:GoodbyeWorld+1","jedi:BurstFrost"],"picked":"Storm","floor":21.0}],"player_experience":490583,"relics_obtained":[{"floor":6.0,"key":"reliquary:IridiumChain"},{"floor":9.0,"key":"Replay:Baseball"},{"floor":10.0,"key":"Replay:Bottled Eggs"},{"floor":13.0,"key":"infinitespire:CheckeredPen"}],"event_choices":[{"damage_healed":0.0,"max_hp_gain":0.0,"max_hp_loss":0.0,"gold_gain":0.0,"event_name":"betterThird:BetterScrap","player_choice":"Card ","floor":2.0,"gold_loss":0.0,"damage_taken":5.0,"cards_obtained":["Burst"]},{"damage_healed":0.0,"max_hp_gain":0.0,"max_hp_loss":0.0,"gold_gain":0.0,"event_name":"FaceTrader","player_choice":"Trade","floor":4.0,"gold_loss":0.0,"damage_taken":0.0,"relics_obtained":["FaceOfCleric"]},{"damage_healed":0.0,"max_hp_gain":0.0,"max_hp_loss":0.0,"gold_gain":0.0,"event_name":"WeMeetAgain","player_choice":"Gave Potion","floor":20.0,"gold_loss":0.0,"damage_taken":0.0,"relics_obtained":["jedi:Pinwheel"]}],"is_beta":false,"boss_relics":[{"not_picked":["Snecko Heart","aspiration:RitualDagger"],"picked":"energizedSpire:EnergizedDie"}],"items_purged_floors":[0,0],"is_endless":false,"potions_floor_spawned":[1,10,14,18],"killed_by":"Snake Plant","ascension_level":7}}