{"host":"Sean","time":1613860822,"event":{"mods":["BaseMod","Block Reminder","Colored Map","Colored Powertips","Highlight Path","Minty Spire (QoL Compilation)","Permanent Neow","Relic Stats"],"gold_per_floor":[111,111,128,143,153,153,178,178,178,192,207,233,233,248,248,349,349,364,364,379,379,18,35,54,54,54,80,80,97,97,130,130,230,230,241,258,1,15,15,49,65,65,65,93,110,110,144,154,154,154],"floor_reached":51,"language":"ENG","playtime":3128,"items_purged":["Defend_R"],"score":1326,"play_id":"28e62791-895c-4b2c-b50f-2f10811b9bae","local_time":"20210220224022","is_ascension_mode":true,"campfire_choices":[{"data":"Pommel Strike","floor":6.0,"key":"SMITH"},{"data":"Twin Strike","floor":8.0,"key":"SMITH"},{"data":"True Grit","floor":15.0,"key":"SMITH"},{"data":"Dark Embrace","floor":25.0,"key":"SMITH"},{"data":"Corruption","floor":30.0,"key":"SMITH"},{"data":"Barricade","floor":32,"key":"SMITH"},{"data":"Ghostly","floor":42,"key":"SMITH"},{"data":"Ghostly","floor":49,"key":"SMITH"}],"circlet_count":0,"master_deck":["AscendersBane","Defend_R+1","Defend_R","Bash","Twin Strike+1","Pommel Strike+1","True Grit+1","True Grit+1","Anger","Ghostly Armor","Corruption+1","Dark Embrace+1","Barricade+1","Bite","Bite","Bite","Bite","Bite","Intimidate+1","Ghostly+1","Ghostly+1","Ghostly","Ghostly","Ghostly","Carnage+1","Flex+1","Necronomicurse","Shrug It Off+1","Impervious+1","Shrug It Off+1","Shockwave+1","Armaments+1","Disarm+1","Bloodletting+1","Body Slam+1"],"relics":["Burning Blood","Bag of Marbles","War Paint","Pantograph","Bronze Scales","Black Star","Magic Flower","Incense Burner","StoneCalendar","Ginger","Necronomicon","Vajra","Frozen Egg 2","Snecko Eye","Ornamental Fan","Bottled Tornado","Letter Opener","Smiling Mask","Pear","Ice Cream","Turnip","Centennial Puzzle"],"acts_visited":["Exordium","TheCity","TheBeyond"],"potions_floor_usage":[31,50],"damage_taken":[{"damage":2.0,"enemies":"Jaw Worm","floor":1.0,"turns":3.0},{"damage":1.0,"enemies":"Cultist","floor":3.0,"turns":3.0},{"damage":15.0,"enemies":"Small Slimes","floor":4.0,"turns":3.0},{"damage":9.0,"enemies":"3 Louse","floor":5.0,"turns":5.0},{"damage":35.0,"enemies":"Lagavulin","floor":7.0,"turns":5.0},{"damage":0.0,"enemies":"Blue Slaver","floor":10.0,"turns":3.0},{"damage":11.0,"enemies":"2 Fungi Beasts","floor":11.0,"turns":3.0},{"damage":14.0,"enemies":"3 Sentries","floor":12.0,"turns":9.0},{"damage":4.0,"enemies":"Exordium Wildlife","floor":14.0,"turns":4.0},{"damage":72.0,"enemies":"Hexaghost","floor":16.0,"turns":12.0},{"damage":15.0,"enemies":"Shell Parasite","floor":18.0,"turns":8.0},{"damage":19.0,"enemies":"Spheric Guardian","floor":20.0,"turns":5.0},{"damage":24.0,"enemies":"Chosen and Byrds","floor":23.0,"turns":8.0},{"damage":2.0,"enemies":"3 Cultists","floor":24.0,"turns":7.0},{"damage":12.0,"enemies":"Slavers","floor":27.0,"turns":8.0},{"damage":5.0,"enemies":"Centurion and Healer","floor":29.0,"turns":6.0},{"damage":14,"enemies":"Book of Stabbing","floor":31,"turns":7},{"damage":26,"enemies":"Collector","floor":33,"turns":9},{"damage":1,"enemies":"3 Darklings","floor":35,"turns":5},{"damage":1,"enemies":"3 Shapes","floor":36,"turns":5},{"damage":1,"enemies":"3 Darklings","floor":38,"turns":7},{"damage":0,"enemies":"Nemesis","floor":40,"turns":7},{"damage":1,"enemies":"Spire Growth","floor":41,"turns":5},{"damage":0,"enemies":"Reptomancer","floor":44,"turns":4},{"damage":0,"enemies":"Sphere and 2 Shapes","floor":45,"turns":4},{"damage":9,"enemies":"Nemesis","floor":47,"turns":5},{"damage":21,"enemies":"Jaw Worm Horde","floor":48,"turns":5},{"damage":3,"enemies":"Awakened One","floor":50,"turns":11}],"seed_played":"-2382271908429265871","potions_obtained":[{"floor":4.0,"key":"BloodPotion"},{"floor":5.0,"key":"SteroidPotion"},{"floor":10.0,"key":"Ancient Potion"},{"floor":14.0,"key":"ElixirPotion"},{"floor":16.0,"key":"Swift Potion"},{"floor":20.0,"key":"PowerPotion"},{"floor":23.0,"key":"SkillPotion"},{"floor":29.0,"key":"Energy Potion"},{"floor":33,"key":"SmokeBomb"},{"floor":38,"key":"SmokeBomb"},{"floor":47,"key":"Energy Potion"},{"floor":48,"key":"CultistPotion"}],"is_trial":false,"path_per_floor":["M","?","M","M","M","R","E","R","T","M","M","E","?","M","R","B",null,"M","?","M","?","$","M","M","R","T","E","?","M","R","E","R","B",null,"M","M","$","M","?","E","M","R","T","E","M","?","E","M","R","B",null],"character_chosen":"IRONCLAD","items_purchased":["Magic Flower","Ornamental Fan"],"campfire_rested":0,"item_purchase_floors":[22,37],"current_hp_per_floor":[71,71,76,67,64,64,35,35,35,41,36,28,28,49,49,8,74,65,65,60,33,33,28,33,33,33,33,17,30,30,33,33,33,33,33,33,33,33,33,33,33,33,33,43,43,43,43,43,43,43],"gold":154,"neow_bonus":"TWENTY_PERCENT_HP_BONUS","is_daily":false,"chose_seed":false,"campfire_upgraded":8,"win_rate":0.0,"timestamp":1613860822,"path_taken":["M","?","M","M","?","R","E","R","T","M","M","E","?","M","R","BOSS","M","?","M","?","$","M","M","R","T","E","?","?","R","E","R","BOSS","M","?","$","M","?","E","M","R","T","E","?","?","E","?","R","BOSS"],"items_purchased_type":["Relic","Relic"],"build_version":"2020-12-18","purchased_purges":1,"victory":true,"max_hp_per_floor":[96,96,96,96,96,96,96,96,96,96,96,96,96,96,96,96,96,96,67,67,33,33,33,33,33,33,33,33,33,33,33,33,33,33,33,33,33,33,33,33,33,33,33,43,43,43,43,43,43,43],"relic_stats":{"counters":[28,166],"Magic Flower":[37],"StoneCalendar":[166],"Ginger":[3],"Letter Opener":[151],"War Paint":["True Grit","Defend_R"],"Smiling Mask":0,"Burning Blood":102,"Centennial Puzzle":[6],"Ornamental Fan":[80],"Pantograph":25,"Bronze Scales":[547],"Snecko Eye":[111,129,125,106],"Turnip":[0],"Black Star":5,"Necronomicon":[36],"obtain_stats":[{"Ice Cream":44,"Pear":44,"Magic Flower":22,"Vajra":31,"StoneCalendar":27,"Incense Burner":26,"Ginger":27,"Letter Opener":40,"War Paint":9,"Frozen Egg 2":31,"Bottled Tornado":40,"Smiling Mask":43,"Burning Blood":0,"Centennial Puzzle":47,"Ornamental Fan":37,"Pantograph":12,"Bronze Scales":13,"Snecko Eye":34,"Turnip":47,"Bag of Marbles":7,"Black Star":17,"Necronomicon":28},{"Ice Cream":24,"Pear":24,"Magic Flower":12,"Vajra":17,"StoneCalendar":15,"Incense Burner":14,"Ginger":15,"Letter Opener":22,"War Paint":5,"Frozen Egg 2":17,"Bottled Tornado":22,"Smiling Mask":23,"Burning Blood":0,"Centennial Puzzle":26,"Ornamental Fan":20,"Pantograph":8,"Bronze Scales":8,"Snecko Eye":18,"Turnip":26,"Bag of Marbles":5,"Black Star":10,"Necronomicon":15},{"Ice Cream":141,"Pear":141,"Magic Flower":63,"Vajra":99,"StoneCalendar":86,"Incense Burner":78,"Ginger":86,"Letter Opener":132,"War Paint":19,"Frozen Egg 2":99,"Bottled Tornado":132,"Smiling Mask":137,"Burning Blood":0,"Centennial Puzzle":150,"Ornamental Fan":118,"Pantograph":34,"Bronze Scales":34,"Snecko Eye":108,"Turnip":150,"Bag of Marbles":19,"Black Star":50,"Necronomicon":86}]},"card_choices":[{"not_picked":["Body Slam","Clothesline"],"picked":"Twin Strike","floor":1.0},{"not_picked":["Iron Wave","Twin Strike"],"picked":"Pommel Strike","floor":3.0},{"not_picked":["Sword Boomerang","Dual Wield"],"picked":"True Grit","floor":4.0},{"not_picked":["Pommel Strike","Warcry","Infernal Blade"],"picked":"SKIP","floor":5.0},{"not_picked":["Demon Form","Clash"],"picked":"True Grit","floor":7.0},{"not_picked":["Thunderclap","Warcry"],"picked":"Anger","floor":10.0},{"not_picked":["Rupture","Headbutt"],"picked":"Ghostly Armor","floor":11.0},{"not_picked":["Armaments","Perfected Strike"],"picked":"Corruption","floor":12.0},{"not_picked":["Combust","Pommel Strike"],"picked":"Dark Embrace","floor":14.0},{"not_picked":["Reaper","Corruption"],"picked":"Barricade","floor":16.0},{"not_picked":["Thunderclap","Sword Boomerang","Clash"],"picked":"SKIP","floor":18.0},{"not_picked":["Wild Strike","Heavy Blade"],"picked":"Intimidate+1","floor":20.0},{"not_picked":["Fire Breathing+1","Headbutt","Whirlwind"],"picked":"SKIP","floor":23.0},{"not_picked":["Clothesline","Disarm"],"picked":"Carnage+1","floor":24.0},{"not_picked":["Thunderclap","Barricade"],"picked":"Flex+1","floor":27.0},{"not_picked":["Anger","Uppercut+1"],"picked":"Shrug It Off+1","floor":29.0},{"not_picked":["Clash","Flex","Havoc"],"picked":"SKIP","floor":31},{"not_picked":["Double Tap","Offering"],"picked":"Impervious","floor":33},{"not_picked":["Headbutt+1","Heavy Blade","Anger"],"picked":"SKIP","floor":35},{"not_picked":["Body Slam","Heavy Blade+1"],"picked":"Shrug It Off+1","floor":36},{"not_picked":["Cleave","Iron Wave+1","Heavy Blade"],"picked":"SKIP","floor":38},{"not_picked":["True Grit","Cleave+1"],"picked":"Shockwave+1","floor":40},{"not_picked":["Perfected Strike","Metallicize+1"],"picked":"Armaments+1","floor":41},{"not_picked":["Wild Strike+1","Fire Breathing+1"],"picked":"Disarm+1","floor":44},{"not_picked":["Flex+1","Iron Wave"],"picked":"Bloodletting+1","floor":45},{"not_picked":["Burning Pact","Berserk+1"],"picked":"Body Slam+1","floor":47},{"not_picked":["True Grit","Anger","Clothesline"],"picked":"SKIP","floor":48}],"player_experience":578341,"relics_obtained":[{"floor":7.0,"key":"Bag of Marbles"},{"floor":9.0,"key":"War Paint"},{"floor":12.0,"key":"Pantograph"},{"floor":26.0,"key":"Incense Burner"},{"floor":27.0,"key":"StoneCalendar"},{"floor":27.0,"key":"Ginger"},{"floor":28.0,"key":"Necronomicon"},{"floor":31,"key":"Vajra"},{"floor":31,"key":"Frozen Egg 2"},{"floor":40,"key":"Bottled Tornado"},{"floor":40,"key":"Letter Opener"},{"floor":43,"key":"Smiling Mask"},{"floor":44,"key":"Pear"},{"floor":44,"key":"Ice Cream"},{"floor":47,"key":"Turnip"},{"floor":47,"key":"Centennial Puzzle"}],"event_choices":[{"cards_removed":["Defend_R"],"damage_healed":0.0,"max_hp_gain":0.0,"max_hp_loss":0.0,"gold_gain":0.0,"event_name":"Purifier","player_choice":"Purged","floor":2.0,"gold_loss":0.0,"damage_taken":0.0},{"damage_healed":0.0,"max_hp_gain":0.0,"max_hp_loss":0.0,"gold_gain":0.0,"event_name":"Big Fish","player_choice":"Box","floor":13.0,"gold_loss":0.0,"damage_taken":0.0,"relics_obtained":["Bronze Scales"],"cards_obtained":["Regret"]},{"damage_healed":0.0,"max_hp_gain":0.0,"max_hp_loss":29.0,"gold_gain":0.0,"event_name":"Vampires","player_choice":"Became a vampire","floor":19.0,"gold_loss":0.0,"damage_taken":0.0,"cards_obtained":["Bite","Bite","Bite","Bite","Bite"]},{"damage_healed":0.0,"max_hp_gain":0.0,"max_hp_loss":34.0,"gold_gain":0.0,"event_name":"Ghosts","player_choice":"Became a Ghost","floor":21.0,"gold_loss":0.0,"damage_taken":0.0,"cards_obtained":["Ghostly","Ghostly","Ghostly","Ghostly","Ghostly"]},{"damage_healed":0.0,"max_hp_gain":0.0,"max_hp_loss":0.0,"gold_gain":0.0,"event_name":"Cursed Tome","player_choice":"Obtained Book","floor":28.0,"gold_loss":0.0,"damage_taken":16.0},{"damage_healed":0,"gold_gain":0,"player_choice":"Forge","damage_taken":0,"max_hp_gain":0,"max_hp_loss":0,"event_name":"Accursed Blacksmith","floor":39,"gold_loss":0,"cards_upgraded":["Impervious"]},{"cards_removed":["Regret"],"damage_healed":0,"gold_gain":0,"player_choice":"Removed Curses","damage_taken":0,"max_hp_gain":0,"max_hp_loss":0,"event_name":"Fountain of Cleansing","floor":46,"gold_loss":0}],"is_beta":true,"boss_relics":[{"not_picked":["Velvet Choker","Busted Crown"],"picked":"Black Star"},{"not_picked":["Astrolabe","Runic Cube"],"picked":"Snecko Eye"}],"items_purged_floors":[22],"is_endless":false,"potions_floor_spawned":[4,5,10,14,16,20,23,29,33,38,40,44,47,48],"ascension_level":11}}