{"host":"js2su9tbbk4rmjfl","time":1613779746,"event":{"mods":["AchievementEnabler","BaseMod","Block Reminder","Colored Map","Colored Powertips","Highlight Path","Minty Spire (QoL Compilation)","Relic Stats"],"gold_per_floor":[218,238,238,251,262,262,275,304,331,331,365,384,384,419,419,495,495,475,76,90,90,110,110,141,141,167,187,187,221,221,235,235,312,312,324,59,84,98,108,143,143,176,199,199,31,31,50,81,81,81],"floor_reached":51,"language":"ENG","playtime":3348,"items_purged":["Strike_R","Strike_R","Strike_R"],"score":1488,"play_id":"54dccfd3-dfdd-483c-8f4c-196cf8aec688","local_time":"20210220010906","is_ascension_mode":true,"campfire_choices":[{"data":"Fire Breathing","floor":6,"key":"SMITH"},{"data":"Power Through","floor":10,"key":"SMITH"},{"data":"Evolve","floor":15,"key":"SMITH"},{"data":"Fiend Fire","floor":23,"key":"SMITH"},{"data":"Shockwave","floor":25,"key":"SMITH"},{"floor":28,"key":"REST"},{"data":"Wild Strike","floor":32,"key":"SMITH"},{"data":"Impervious","floor":41,"key":"SMITH"},{"data":"Shrug It Off","floor":44,"key":"SMITH"},{"data":"Fire Breathing","floor":49,"key":"SMITH"}],"circlet_count":0,"master_deck":["AscendersBane","Strike_R+1","Defend_R","Defend_R","Defend_R","Defend_R","Bash","Havoc","Wild Strike+1","Power Through+1","Cleave+1","Fire Breathing+1","Reckless Charge","Evolve+1","Fiend Fire+1","Shockwave+1","Shrug It Off+1","Reckless Charge+1","Impervious+1","Pommel Strike+1","Fire Breathing+1","Power Through+1"],"relics":["Burning Blood","Centennial Puzzle","Strawberry","Red Skull","Oddly Smooth Stone","Philosopher\u0027s Stone","Happy Flower","PreservedInsect","Anchor","Blood Vial","Whetstone","Busted Crown","Medical Kit","StoneCalendar","Omamori","MealTicket","Orichalcum","Meat on the Bone"],"acts_visited":["Exordium","TheCity","TheBeyond"],"potions_floor_usage":[8,12,16,22,33,50],"damage_taken":[{"damage":2,"enemies":"Cultist","floor":1,"turns":4},{"damage":10,"enemies":"Small Slimes","floor":2,"turns":4},{"damage":0,"enemies":"Jaw Worm","floor":4,"turns":5},{"damage":0,"enemies":"Large Slime","floor":5,"turns":7},{"damage":3,"enemies":"Blue Slaver","floor":7,"turns":4},{"damage":6,"enemies":"3 Sentries","floor":8,"turns":5},{"damage":24,"enemies":"Lagavulin","floor":11,"turns":6},{"damage":16,"enemies":"3 Louse","floor":12,"turns":3},{"damage":28,"enemies":"Gremlin Nob","floor":14,"turns":4},{"damage":6,"enemies":"Slime Boss","floor":16,"turns":5},{"damage":18,"enemies":"2 Thieves","floor":18,"turns":4},{"damage":27,"enemies":"3 Byrds","floor":20,"turns":4},{"damage":12,"enemies":"Shelled Parasite and Fungi","floor":22,"turns":4},{"damage":18,"enemies":"Book of Stabbing","floor":24,"turns":4},{"damage":29,"enemies":"Snecko","floor":27,"turns":6},{"damage":9,"enemies":"Gremlin Leader","floor":29,"turns":4},{"damage":0,"enemies":"Sentry and Sphere","floor":31,"turns":3},{"damage":41,"enemies":"Collector","floor":33,"turns":7},{"damage":2,"enemies":"Orb Walker","floor":35,"turns":2},{"damage":16,"enemies":"Mind Bloom Boss Battle","floor":37,"turns":7},{"damage":0,"enemies":"3 Shapes","floor":38,"turns":5},{"damage":0,"enemies":"Jaw Worm Horde","floor":39,"turns":4},{"damage":13,"enemies":"Giant Head","floor":40,"turns":6},{"damage":5,"enemies":"Nemesis","floor":42,"turns":6},{"damage":33,"enemies":"Sphere and 2 Shapes","floor":47,"turns":5},{"damage":0,"enemies":"Reptomancer","floor":48,"turns":4},{"damage":36,"enemies":"Donu and Deca","floor":50,"turns":6}],"seed_played":"152652029827183927","potions_obtained":[{"floor":2,"key":"EssenceOfSteel"},{"floor":4,"key":"BloodPotion"},{"floor":8,"key":"Dexterity Potion"},{"floor":14,"key":"SteroidPotion"},{"floor":18,"key":"Explosive Potion"},{"floor":29,"key":"SkillPotion"},{"floor":31,"key":"Explosive Potion"},{"floor":33,"key":"Strength Potion"}],"is_trial":false,"path_per_floor":["M","M","?","M","M","R","M","E","T","R","E","M","?","E","R","B",null,"M","$","M","?","M","R","E","R","T","M","R","E","?","M","R","B",null,"M","$","?","M","M","E","R","E","T","R","$","?","M","E","R","B",null],"character_chosen":"IRONCLAD","items_purchased":["Happy Flower","PreservedInsect","Medical Kit","Fire Breathing"],"campfire_rested":1,"item_purchase_floors":[19,19,36,45],"current_hp_per_floor":[72,68,68,74,75,75,75,75,82,82,64,54,81,59,59,59,76,64,64,43,59,53,53,41,41,41,20,44,43,43,51,51,18,66,72,72,64,72,80,75,75,78,78,78,82,82,55,63,63,47],"gold":81,"neow_bonus":"HUNDRED_GOLD","is_daily":false,"chose_seed":false,"campfire_upgraded":9,"win_rate":0.0,"timestamp":1613779746,"path_taken":["M","?","?","?","M","R","?","E","T","R","E","M","?","E","R","BOSS","M","$","M","?","M","R","E","R","T","M","R","E","?","M","R","BOSS","M","$","?","M","M","E","R","E","T","R","$","?","?","E","R","BOSS"],"items_purchased_type":["Relic","Relic","Relic","Card"],"build_version":"2020-12-22","purchased_purges":3,"victory":true,"max_hp_per_floor":[75,75,75,75,75,75,75,75,82,82,82,82,82,82,82,82,82,82,82,82,82,82,82,82,82,82,82,82,82,82,82,82,82,82,82,82,82,82,82,82,82,82,82,82,82,82,82,82,82,82],"relic_stats":{"Happy Flower":[25],"counters":[27,128],"StoneCalendar":[0],"PreservedInsect":330,"Whetstone":["Strike_R","Cleave"],"Orichalcum":[6],"Medical Kit":[3],"Burning Blood":154,"Blood Vial":24,"Centennial Puzzle":[51],"Busted Crown":16,"MealTicket":4,"obtain_stats":[{"Happy Flower":19,"Oddly Smooth Stone":14,"StoneCalendar":37,"PreservedInsect":19,"Omamori":40,"Whetstone":29,"Orichalcum":43,"Medical Kit":36,"Burning Blood":0,"Blood Vial":26,"Centennial Puzzle":8,"Anchor":24,"Busted Crown":34,"Strawberry":9,"Philosopher\u0027s Stone":17,"MealTicket":42,"Red Skull":11,"Meat on the Bone":48},{"Happy Flower":11,"Oddly Smooth Stone":9,"StoneCalendar":20,"PreservedInsect":11,"Omamori":23,"Whetstone":16,"Orichalcum":24,"Medical Kit":19,"Burning Blood":0,"Blood Vial":14,"Centennial Puzzle":6,"Anchor":14,"Busted Crown":18,"Strawberry":6,"Philosopher\u0027s Stone":10,"MealTicket":24,"Red Skull":7,"Meat on the Bone":26},{"Happy Flower":51,"Oddly Smooth Stone":42,"StoneCalendar":92,"PreservedInsect":51,"Omamori":107,"Whetstone":73,"Orichalcum":113,"Medical Kit":85,"Burning Blood":0,"Blood Vial":63,"Centennial Puzzle":29,"Anchor":63,"Busted Crown":83,"Strawberry":29,"Philosopher\u0027s Stone":47,"MealTicket":113,"Red Skull":35,"Meat on the Bone":122}],"Meat on the Bone":12},"card_choices":[{"not_picked":["True Grit","Sever Soul"],"picked":"Havoc","floor":1},{"not_picked":["Armaments","Evolve"],"picked":"Wild Strike","floor":2},{"not_picked":["Dual Wield","Searing Blow"],"picked":"Cleave","floor":4},{"not_picked":["Ghostly Armor","Hemokinesis"],"picked":"Fire Breathing","floor":5},{"not_picked":["Dual Wield","Whirlwind"],"picked":"Reckless Charge","floor":7},{"not_picked":["Hemokinesis","Feed","Anger"],"picked":"SKIP","floor":8},{"not_picked":["Combust","Flex"],"picked":"Evolve","floor":11},{"not_picked":["Clash","Clothesline","Evolve"],"picked":"SKIP","floor":12},{"not_picked":["Exhume","Whirlwind","Evolve"],"picked":"SKIP","floor":14},{"not_picked":["Exhume","Double Tap"],"picked":"Fiend Fire","floor":16},{"not_picked":["Searing Blow","Heavy Blade","Sword Boomerang"],"picked":"SKIP","floor":18},{"not_picked":["Anger","Seeing Red"],"picked":"Shockwave","floor":20},{"not_picked":["Thunderclap+1","Carnage+1","Reaper"],"picked":"SKIP","floor":22},{"not_picked":["Sever Soul+1","Rampage"],"picked":"Shrug It Off","floor":24},{"not_picked":["Armaments","Havoc+1"],"picked":"Reckless Charge+1","floor":27},{"not_picked":["Combust","True Grit","Thunderclap+1"],"picked":"SKIP","floor":29},{"not_picked":["Reckless Charge","Sever Soul","Body Slam"],"picked":"SKIP","floor":31},{"not_picked":["Juggernaut","Offering"],"picked":"Impervious","floor":33},{"not_picked":["Clash"],"picked":"SKIP","floor":35},{"not_picked":[],"picked":"Pommel Strike+1","floor":37},{"not_picked":["True Grit"],"picked":"SKIP","floor":38},{"not_picked":["Headbutt"],"picked":"SKIP","floor":39},{"not_picked":["Combust+1"],"picked":"SKIP","floor":40},{"not_picked":["Uppercut"],"picked":"SKIP","floor":42},{"not_picked":[],"picked":"Power Through+1","floor":47},{"not_picked":["Clash"],"picked":"SKIP","floor":48}],"player_experience":873369,"relics_obtained":[{"floor":8,"key":"Centennial Puzzle"},{"floor":9,"key":"Strawberry"},{"floor":11,"key":"Red Skull"},{"floor":14,"key":"Oddly Smooth Stone"},{"floor":24,"key":"Anchor"},{"floor":26,"key":"Blood Vial"},{"floor":29,"key":"Whetstone"},{"floor":37,"key":"StoneCalendar"},{"floor":40,"key":"Omamori"},{"floor":42,"key":"MealTicket"},{"floor":43,"key":"Orichalcum"},{"floor":48,"key":"Meat on the Bone"}],"event_choices":[{"damage_healed":0,"gold_gain":0,"cards_transformed":["Strike_R"],"player_choice":"Transformed","damage_taken":0,"max_hp_gain":0,"max_hp_loss":0,"event_name":"Transmorgrifier","floor":3,"gold_loss":0,"cards_obtained":["Power Through"]},{"damage_healed":27,"gold_gain":0,"player_choice":"Banana","damage_taken":0,"max_hp_gain":0,"max_hp_loss":0,"event_name":"Big Fish","floor":13,"gold_loss":0},{"damage_healed":16,"gold_gain":0,"player_choice":"Heal","damage_taken":0,"max_hp_gain":0,"max_hp_loss":0,"event_name":"The Library","floor":21,"gold_loss":0},{"damage_healed":0,"gold_gain":0,"player_choice":"Ignored","damage_taken":0,"max_hp_gain":0,"max_hp_loss":0,"event_name":"The Mausoleum","floor":30,"gold_loss":0},{"damage_healed":0,"gold_gain":0,"player_choice":"Fight","damage_taken":0,"max_hp_gain":0,"max_hp_loss":0,"event_name":"MindBloom","floor":37,"gold_loss":0},{"damage_healed":0,"gold_gain":0,"player_choice":"Cursed","damage_taken":0,"max_hp_gain":0,"max_hp_loss":0,"event_name":"Wheel of Change","floor":46,"gold_loss":0,"cards_obtained":["Decay"]}],"is_beta":false,"boss_relics":[{"not_picked":["SlaversCollar","Runic Cube"],"picked":"Philosopher\u0027s Stone"},{"not_picked":["Tiny House","Runic Pyramid"],"picked":"Busted Crown"}],"items_purged_floors":[19,36,45],"is_endless":false,"potions_floor_spawned":[2,4,5,8,14,18,20,29,31,33,37,38,48],"ascension_level":18}}